2228 3548
388 271 457 318 376
908 271 1047 307 Episr.
1074 271 1118 306 P.
1146 271 1416 317 NADAL·4⁶4

338 388 491 417 mezza
526 371 905 428 peregrinatione,
942 378 990 416 et
1021 378 1230 428 separato
1266 371 1372 416 dalli
1408 371 1525 417 altri.
1551 372 1712 417 Vorria
1746 372 1969 418 intender’

337 450 454 494 dalla
477 451 529 492 P.
556 450 613 492 V.
640 463 690 493 se
711 447 844 491 simili
866 463 892 492 a
914 448 1075 503 Lucio,
1101 455 1146 494 et
1173 448 1319 493 Gioan
1351 449 1617 503 viennense,
1641 456 1750 505 etc.,
1775 464 1825 495 se
1850 464 1968 506 puo-

338 533 468 569 trano
491 526 693 569 mandar’
718 539 744 568 a
766 526 910 569 Roma
932 525 1018 569 alla
1047 525 1330 582 probatione,
1356 525 1607 571 hauendosi
1642 527 1833 582 qualche
1863 541 1959 584 spe-

337 617 471 646 ranza
503 604 587 647 che
619 601 656 645 si
688 602 871 658 possino
894 602 1075 647 aiutar’.
1102 604 1160 646 Et
1189 604 1340 659 quello
1363 605 1447 648 che
1468 604 1511 647 13
1540 605 1592 647 P.
1618 605 1676 648 V.
1702 603 1818 657 dice,
1848 605 1968 649 che²

337 679 517 735 quando
538 694 649 723 sano
672 694 806 736 poco,
831 694 923 724 non
944 680 983 742 si
1004 687 1229 737 puotrano
1251 681 1453 725 mandar'
1478 681 1520 725 al
1542 680 1736 743 collegio
1762 695 1965 734 romano,

336 758 449 801 Mro.
478 757 660 800 Canisio
677 764 722 801 et
738 757 781 801 io
800 773 892 802 non
909 759 1266 815 pretendeuamo
1284 759 1486 802 mandar'
1505 759 1548 802 la
1564 758 1701 815 quelli
1722 757 1883 802 nouitii
1897 757 1972 802 alli

334 833 489 887 studii,
515 848 658 878 senon
675 836 841 891 perche
863 836 1015 881 fusero
1032 835 1213 892 prouati
1230 842 1277 879 et
1295 834 1532 879 rimandati
1548 850 1575 878 a
1589 835 1776 879 studiar’
1796 835 1840 878 in
1859 835 1970 879 Ala—

335 910 541 968 magnia3
566 913 735 967 perche
761 912 994 969 pensiamo
1033 928 1126 957 non
1159 912 1407 957 conuenire
1439 914 1524 958 che
1560 912 1794 957 thedeschi
1823 912 1971 956 stiano

333 988 473 1031 molto
496 994 649 1045 tempo
670 988 717 1031 in
739 990 896 1034 Roma.
925 991 982 1033 Et
1008 1005 1058 1034 se
1080 991 1233 1033 hanno
1254 1005 1281 1033 a
1303 990 1470 1033 andare
1489 1004 1570 1046 per
1585 989 1800 1043 studiare,
1819 990 1971 1033 hanno

333 1066 540 1110 almanco
565 1081 590 1109 a
612 1067 770 1112 hauer’
793 1067 959 1112 sentito
981 1082 1071 1124 qua
1092 1068 1135 1111 13
1157 1066 1466 1124 philosophia,
1491 1074 1536 1110 et
1564 1068 1648 1111 che
1674 1067 1719 1110 la
1740 1081 1831 1110 non
1853 1066 1968 1110 hab-

333 1142 441 1186 bino
463 1158 489 1186 a
510 1143 711 1189 studiare
732 1159 875 1189 senon
898 1144 1143 1202 theologia,
1164 1159 1190 1188 o
1210 1159 1319 1190 uero
1335 1158 1450 1201 poco
1466 1144 1589 1189 rifar’
1606 1145 1650 1188 la
1665 1143 1965 1201 philosophia,

333 1227 379 1264 et
401 1222 539 1265 esser'
560 1235 753 1278 persone
776 1221 893 1265 forti.
915 1223 972 1265 Et
993 1237 1072 1279 per
1094 1221 1332 1267 occasione
1347 1221 1393 1264 di
1411 1229 1590 1277 questo,
1609 1221 1707 1265 diro
1723 1221 1810 1264 alla
1827 1223 1881 1264 P.
1904 1222 1963 1265 V.

335 1310 398 1340 un
419 1297 614 1355 disegno
635 1297 741 1352 mio,
761 1300 846 1343 che
868 1300 927 1343 ho
949 1299 1137 1356 pigliato
1159 1298 1491 1343 auicinandomi
1513 1314 1539 1342 a
1560 1300 1597 1343 F
1600 1314 1756 1342 ranza:
1782 1299 1867 1343 che
1887 1291 1967 1355 piu

335 1380 455 1418 tosto
478 1389 558 1431 per
579 1375 717 1419 studii
739 1377 776 1419 s’
795 1376 1040 1421 haueriano
1062 1391 1088 1420 a
1110 1377 1310 1420 mandar’
1337 1375 1571 1421 thedeschi
1597 1391 1624 1420 a
1646 1375 1856 1432 Pariggi,
1881 1377 1967 1419 che

333 1465 426 1495 non
447 1466 474 1495 a
496 1453 655 1505 Roma,
674 1452 994 1509 specialmente
1010 1469 1060 1498 se
1077 1468 1275 1510 possono
1292 1455 1461 1497 hauere
1476 1454 1519 1498 la
1535 1454 1578 1497 13
1598 1452 1874 1510 prouisione;
1895 1467 1969 1496 ma

333 1527 379 1570 di
402 1535 565 1584 questo
586 1529 787 1574 scriuero
807 1529 928 1586 dipoi
956 1531 1042 1575 alla
1066 1533 1118 1574 P.
1146 1532 1203 1574 V.
1229 1531 1290 1575 Se
1318 1530 1349 1572 11
1376 1530 1569 1587 collegio
1597 1529 1643 1573 di
1670 1528 1907 1586 Herbipoli
1928 1531 1965 1573 s'

334 1606 393 1648 ha
415 1621 441 1649 a
464 1605 799 1661 incominciare,
824 1608 849 1650 e
872 1607 1126 1652 necessario
1154 1607 1184 1650 il
1214 1609 1266 1651 P.
1295 1607 1448 1652 Pietro
1471 1609 1613 1652 Phae.
1638 1608 1703 1651 La
1727 1609 1779 1650 P.
1806 1607 1863 1651 V.
1890 1621 1969 1663 per

333 1696 460 1725 amor
482 1683 537 1726 de
559 1682 649 1726 Dio
672 1682 821 1726 scriua
842 1684 1315 1738 determinatamente,
1340 1691 1386 1729 et
1407 1684 1589 1741 procuri
1617 1686 1702 1729 che
1730 1683 1901 1740 venghi
1922 1683 1970 1727 in

335 1758 446 1816 ogni
470 1760 629 1814 mod03
656 1766 702 1804 et
732 1761 817 1805 che
845 1762 881 1803 s’
907 1762 1057 1805 hanno
1086 1763 1128 1805 13
1156 1762 1348 1818 qualche
1376 1761 1621 1815 necessita,
1652 1761 1712 1804 mi
1740 1760 1965 1814 scriuano,

335 1837 421 1880 che
444 1835 504 1878 mi
527 1837 727 1880 sforzaro
749 1836 925 1880 aiutarli
947 1837 992 1880 di
1015 1845 1174 1894 queste
1195 1839 1359 1883 bande.
1385 1840 1460 1882 Ho
1480 1839 1660 1882 stimato
1687 1838 1826 1881 molto
1854 1837 1885 1880 il
1905 1836 1965 1881 ri·

334 1913 472 1956 cordo
495 1914 579 1957 che
602 1913 664 1956 mi
685 1913 744 1957 da
764 1914 807 1957 13
830 1915 882 1958 Ρ.
909 1916 966 1959 V.
992 1916 1109 1960 della
1131 1915 1298 1960 facilita
1318 1917 1404 1960 che
1425 1930 1563 1972 pensa
1585 1918 1722 1961 esser'
1747 1929 1826 1971 per
1846 1916 1965 1959 Ger-

336 1989 503 2044 mania,
523 1990 580 2033 da
602 1996 731 2048 parte
752 1991 808 2034 de
831 1992 923 2035 Sua
945 1993 1039 2037 Sta.
1066 2007 1147 2049 per
1170 1992 1299 2036 unire
1321 1992 1582 2036 monasterii
1603 1992 1792 2037 desolati
1814 2007 1840 2035 a
1862 1993 1965 2035 fun-

332 2066 504 2110 dationi
520 2067 578 2111 de
599 2066 796 2124 collegii,
822 2075 867 2112 et
889 2068 1073 2113 intendo
1095 2069 1138 2113 io
1155 2084 1290 2114 senza
1307 2068 1635 2126 compositioni,
1655 2070 1821 2125 perche
1843 2068 1968 2112 altri-

334 2143 475 2186 menti
497 2145 688 2188 sarebbe
709 2157 815 2188 cosa
836 2146 974 2189 molto
996 2146 1176 2190 difficile
1197 2161 1277 2203 per
1298 2147 1329 2190 li
1352 2146 1581 2190 fundatori
1603 2153 1649 2191 et
1663 2161 1743 2202 per
1765 2147 1808 2190 la
1829 2146 1970 2190 Com-

333 2220 517 2277 pagnia,
542 2221 585 2263 d’
611 2220 642 2263 il
664 2222 747 2264 che
769 2221 975 2265 desidero
998 2225 1136 2268 esser’
1161 2223 1336 2267 auisato
1358 2224 1476 2266 dalla
1495 2225 1549 2268 P.
1570 2225 1628 2268 V.
1651 2223 1728 2268 Sia
1744 2238 1823 2280 per
1844 2238 1971 2266 amor

333 2298 390 2340 de
407 2297 495 2341 Dio
518 2298 668 2353 quello
690 2299 774 2341 che
796 2300 854 2342 V.
882 2300 933 2342 P.
960 2300 1073 2353 dice,
1100 2301 1145 2344 di
1169 2301 1298 2344 farmi
1315 2300 1494 2358 copiare
1516 2301 1666 2358 quelle
1682 2315 1791 2346 cose
1808 2302 1892 2344 che
1908 2302 1968 2344 ho

334 2373 612 2418 dimandatO.
639 2375 703 2419 Le
723 2374 1018 2430 instruttioni,
1044 2377 1232 2422 intendo
1254 2378 1299 2421 io
1322 2378 1621 2435 qualsivoglia
1648 2392 1754 2421 cosa
1781 2379 1866 2422 che
1887 2392 1968 2434 per

334 2451 457 2494 buon
481 2465 687 2507 gouerno
715 2453 883 2497 hauera
912 2454 1067 2498 scritto
1098 2455 1141 2498 la
1171 2457 1223 2498 P.
1250 2457 1306 2500 V.
1333 2455 1407 2500 alli
1429 2454 1711 2512 prouinciali,
1737 2456 1822 2499 che
1842 2454 1966 2510 possi

334 2526 498 2571 aiutar’
527 2543 607 2584 per
635 2535 794 2584 queste
813 2530 1060 2585 prouincie.
1087 2531 1236 2575 Gioan
1259 2532 1467 2587 Battista,
1492 2532 1679 2584 sartore,
1704 2533 1804 2574 sara
1826 2531 1965 2574 molto

333 2604 438 2648 ben'
479 2612 648 2648 venuto
685 2620 765 2661 per
800 2605 843 2648 la
879 2607 1111 2662 prouincia
1146 2610 1219 2653 del
1255 2611 1309 2653 P.
1351 2612 1464 2654 Mro.
1510 2608 1708 2653 Canisio.
1750 2607 1966 2664 Supplico

333 2680 377 2722 13
399 2682 452 2724 P.
479 2682 535 2725 V.
561 2683 604 2725 lo
626 2681 793 2725 mandi.
819 2682 854 2725 Il
875 2685 1107 2728 sacerdote
1129 2687 1384 2742 spagnuolo
1398 2687 1419 2714 b
1440 2701 1521 2743 per
1543 2685 1721 2730 Vienna
1743 2685 1769 2728 e
1791 2685 1867 2741 gia
1888 2684 1968 2741 piu

334 2758 420 2801 che
441 2758 714 2811 necessario,
739 2759 932 2803 essendo
956 2768 1101 2805 morto
1125 2761 1258 2806 etiam
1281 2762 1312 2805 il
1335 2764 1387 2806 P.
1414 2763 1625 2815 MoraleS,
1651 2763 1756 2815 imo,
1779 2776 1828 2805 se
1849 2776 1966 2818 puo-

334 2840 505 2878 tessero
522 2835 662 2879 esser’
680 2834 770 2887 doi,
791 2833 967 2879 sariano
984 2838 1120 2881 molto
1137 2840 1226 2882 ben
1244 2839 1400 2884 venuti
1417 2846 1463 2884 et
1477 2839 1612 2895 quasi
1630 2838 1887 2883 necessarii.
1911 2839 1968 2881 Et

335 2909 595 2963 realmente,
622 2911 784 2963 Padre,
809 2910 853 2954 10
870 2925 961 2955 11011
982 2927 1032 2957 so
1054 2915 1166 2958 altra
1183 2915 1309 2960 India
1325 2916 1515 2973 meglior
1532 2918 1617 2960 che
1638 2916 1900 2968 Germania,
1921 2921 1967 2959 et

404 3023 425 3043 a
462 3016 646 3064 Sequitur
662 3019 776 3055 saria
793 3018 890 3054 bono
904 3020 968 3056 che
986 3021 1234 3058 obliteratum
1252 3035 1275 3058 a
1292 3023 1383 3059 libr.
1394 3024 1459 3050 —b
1476 3023 1562 3059 Hoc
1581 3024 1690 3059 verb.
1707 3022 1856 3059 addidit
1870 3022 1962 3058 libr.

336 3085 452 3121 supra
469 3087 576 3112 vers.
