2228 3548
421 267 488 311 782
1001 262 1139 296 EPIST.
1168 260 1212 294 P.
1241 260 1391 295 NADAL

373 365 546 421 possint
569 379 637 418 ea,
664 377 780 418 quae
801 368 925 405 recte
946 361 1116 405 docent
1143 366 1189 403 et
1217 360 1464 416 postulant,
1495 359 1751 404 executioni
1783 362 2002 407 mandari.

372 425 507 468 Nulla
530 424 649 466 enim
671 429 740 465 est
763 421 809 463 in
825 420 895 463 his
911 419 1022 463 locis
1037 418 1273 472 seueritas,
1293 419 1374 463 sed
1391 434 1568 463 summa
1584 419 1819 463 dissolutio
1835 427 1881 464 et
1900 435 2006 477 per—

371 483 570 526 turbatio
602 479 935 524 ecclesiasticae
972 478 1249 534 disciplinae.
1282 478 1351 532 4.ο
1390 478 1521 523 Sicut
1557 478 1784 535 sapientes
1816 479 1998 535 quidam

370 542 597 594 iudicant,
642 547 794 595 posset
838 538 1020 593 quidem
1062 544 1218 580 nostra
1259 537 1466 582 Societas
1507 537 1685 581 afflictis
1726 539 1999 586 Germaniae

370 602 506 644 rebus
529 607 574 644 et
596 597 746 642 ruenti
768 596 973 654 religioni
1001 597 1216 641 maiorem
1245 611 1428 653 operam
1460 598 1635 650 afferre,
1662 596 1699 640 si
1727 598 1997 643 haberemus

366 660 629 703 sacerdotes
651 664 696 701 et
726 658 966 713 theologos
993 670 1250 713 germanos,
1282 656 1359 711 qui
1387 657 1559 712 absque
1586 671 1754 713 magno
1781 658 1999 715 collegio-

369 734 469 761 rum
493 718 782 769 detrimento,
808 723 853 760 et
881 715 977 759 sine
1005 715 1206 772 periculo
1233 730 1343 759 suae
1364 715 1631 769 vocationis,
1657 723 1845 772 possent
1867 717 1998 762 annis

365 779 537 833 aliquot
555 777 601 819 in
619 776 777 819 iisdem
796 775 906 818 locis
923 787 1231 831 perseuerare,
1249 775 1474 829 docendo,
1490 776 1820 830 conuersando,
1841 776 1999 820 simul-

365 852 455 892 que
477 835 719 893 pastoralia
750 834 904 878 munia
932 834 1202 878 exercendo.
1238 835 1427 888 Verum,
1452 842 1500 877 vt
1528 849 1650 878 nunc
1683 835 1823 878 habet
1855 842 2000 880 status

367 904 462 939 tum
501 909 813 952 personarum,
847 902 943 937 tum
982 893 1279 950 collegiorum
1313 893 1634 950 praesentium,
1670 908 1761 936 non
1794 894 2000 939 videmur

361 971 462 999 eam
487 956 637 998 adhuc
659 953 855 997 assecuti
878 952 1198 1006 maturitatem3
1225 953 1305 996 sed
1327 953 1478 1009 potius
1500 954 1588 996 hoc
1612 953 1862 998 timendum
1893 955 1994 1007 erit,

365 1030 438 1067 ne,
463 1015 572 1057 dum
596 1013 738 1057 nostri
760 1014 816 1056 ad
839 1013 1009 1056 alienos
1032 1020 1077 1055 et
1099 1012 1351 1056 haereticos
1373 1013 1600 1056 sanandos
1627 1012 1885 1066 mittuntur,
1912 1014 1997 1070 ipsi

363 1074 691 1130 periclitentur,
717 1079 762 1116 et
785 1072 1014 1114 infirmum
1042 1073 1166 1114 hunc
1194 1078 1362 1114 statum
1397 1071 1710 1129 collegiorum,
1746 1071 1823 1127 qui
1851 1074 1995 1117 multo

364 1133 533 1177 maiore
555 1133 704 1176 adhuc
726 1138 831 1188 eget
855 1131 1198 1175 confirmatione
1219 1138 1355 1187 atque
1376 1132 1600 1187 profectu,
1632 1131 1824 1174 reddant
1857 1133 1992 1176 etiam

361 1193 632 1237 deteriorem
655 1198 701 1235 et
729 1191 1026 1234 afflictiorem.

454 1253 608 1308 Quare
631 1250 847 1295 maiorem
870 1250 916 1292 in
939 1250 1123 1292 modum
1146 1248 1471 1303 desideramus,
1503 1258 1551 1292 vt
1579 1263 1695 1305 quae
1722 1250 1909 1294 consilia
1937 1252 1993 1294 de

363 1311 531 1355 nostris
554 1309 784 1353 mittendis
806 1309 1116 1362 instituentur,
1147 1322 1251 1351 cum
1279 1309 1400 1351 bona
1429 1308 1574 1365 gratia
1605 1309 1912 1362 fundatorum,
1948 1316 1994 1355 et

358 1370 476 1414 citra
498 1369 843 1414 dissolutionem
867 1376 944 1411 aut
966 1368 1287 1413 detrimentum
1310 1368 1622 1424 collegiorum,
1649 1376 1695 1412 et
1716 1368 1814 1413 sine
1842 1383 1995 1414 sacer-

361 1432 518 1473 dotum
543 1443 725 1486 quoque
747 1435 1003 1471 nostrorum
1028 1427 1245 1484 periculo,
1270 1427 1584 1471 instituantur:
1618 1427 1879 1483 praesertim
1906 1430 1994 1472 hoc

361 1497 564 1546 tempore
587 1496 676 1532 tam
701 1487 966 1543 periculoso,
994 1495 1038 1531 et
1061 1487 1136 1530 vbi
1164 1486 1395 1543 plaerique
1423 1486 1644 1543 germani,
1671 1487 1748 1542 qui
1771 1489 1891 1543 apud
1912 1502 1996 1531 nos

361 1556 485 1602 sunt,
527 1548 800 1599 sacerdotes,
840 1561 931 1589 non
968 1562 1021 1590 ea
1058 1546 1271 1590 videntur
1308 1547 1485 1591 adferre
1517 1547 1702 1598 talenta,
1735 1561 1852 1602 quae
1885 1547 1994 1590 huic

362 1615 488 1651 tanto
510 1607 687 1650 muneri
708 1607 948 1650 subeundo
971 1606 1291 1662 respondeant.
1311 1605 1412 1648 Fiat
1434 1613 1587 1650 autem
1610 1605 1656 1648 in
1679 1606 1889 1650 omnibus
1906 1606 1993 1651 Dei

356 1675 406 1710 et
428 1667 707 1723 superiorem
730 1666 957 1709 voluntas.

451 1727 696 1782 Inscriptio
732 1740 761 1767 a
797 1729 940 1781 tergo:
978 1725 1007 1781 ἦ·
1033 1724 1271 1780 Quaedam
1309 1723 1428 1767 circa
1465 1723 1638 1767 indices
1666 1723 1991 1769 mittendorum

356 1786 704 1831 consideranda.

1078 1914 1276 1958 XXXIV

863 2003 906 2038 P.
934 2000 1283 2039 HIERONYMUS
1311 2002 1496 2037 NADAL

960 2080 1097 2123 Anno
1135 2079 1245 2133 1566
1278 2078 1324 2136 (Ρ)
1363 2080 1391 2123 ¹.

880 2173 940 2208 De
954 2174 1112 2209 ratione
1129 2173 1267 2209 alendi
1284 2174 1468 2210 novitios.

441 2262 570 2317 Jhus.
594 2260 664 2302 De
691 2256 865 2300 ratione
892 2262 937 2298 et
965 2256 1099 2299 modo
1127 2255 1277 2301 alendi
1309 2257 1515 2301 nouicios
1552 2257 1794 2313 Monachij.
1835 2258 1988 2302 Colle-

353 2319 482 2375 gium
506 2316 827 2362 monachiense
848 2315 936 2358 alet
959 2328 1015 2369 24
1039 2318 1196 2359 Patres
1218 2323 1263 2358 et
1294 2317 1467 2360 fratres.
1506 2318 1713 2361 Eundem
1742 2332 1985 2362 numerum

354 2377 727 2435 ingolstadiense‚
742 2382 787 2418 et
805 2374 1157 2429 oenipontanum
1174 2375 1433 2431 collegium.
1451 2375 1707 2433 Collegium
1727 2376 1984 2433 dilingense

354 2439 444 2482 alet
467 2438 537 2480 28.
565 2434 821 2491 Collegium
844 2441 1165 2489 augustanum,
1186 2434 1387 2489 quandiu
1404 2436 1541 2478 habet
1561 2449 1645 2489 7oo
1662 2437 1872 2489 florenos,
1893 2436 1983 2479 alet

359 2510 429 2540 10.
462 2494 678 2540 Censebit
701 2493 851 2536 tamen
872 2493 1176 2548 prouincialis,
1209 2493 1284 2536 ubi
1315 2501 1543 2537 rectorum
1567 2494 1765 2538 rationes
1788 2494 1977 2547 videbit,

351 2571 409 2598 an
430 2557 582 2611 plures
604 2553 775 2610 possint
796 2552 929 2595 alere.
957 2552 1046 2595 Hic
1067 2567 1283 2596 numerus
1305 2556 1374 2596 est
1397 2553 1687 2606 constitutus,
1722 2553 1986 2596 coniunctis

352 2614 563 2657 omnibus
594 2611 803 2668 expensis
825 2611 1110 2666 singulorum
1132 2612 1446 2668 collegiorum,
1477 2620 1523 2655 et
1552 2627 1668 2668 quae
1701 2614 1758 2656 ad
1789 2612 1978 2665 victum,

352 2674 583 2725 uestitum,
608 2671 787 2723 viatica,
813 2676 858 2714 et
879 2669 988 2713 alias
1010 2685 1081 2713 res
1103 2670 1343 2726 pertinent.
1374 2671 1634 2728 Collegium
1663 2671 1982 2715 monachiense

353 2734 527 2775 nullum
550 2730 734 2776 habebit
756 2728 1077 2773 scholasticum
1101 2729 1358 2784 Societatis,
1383 2731 1464 2775 sed
1482 2745 1721 2774 numerum
1743 2741 1876 2774 suum
1894 2730 1982 2774 im-

352 2792 494 2847 plebit
516 2805 571 2834 ex
593 2788 793 2834 nouitiis:
818 2802 904 2832 nec
927 2788 1090 2843 poterit
1112 2789 1364 2833 subsidium
1386 2789 1444 2833 ab
1466 2790 1563 2833 aliis
1586 2790 1790 2847 collegiis
1807 2798 1978 2847 petere,

424 2926 434 2946 ¹
485 2927 543 2961 Ex
562 2927 787 2972 archetypo,
807 2935 830 2958 a
848 2922 1026 2969 Jimenez
1044 2929 1215 2969 exarato,
1237 2930 1277 2960 et
1294 2936 1317 2960 a
1330 2925 1375 2961 Ρ.
1390 2926 1559 2980 Polanco
1577 2931 1761 2962 annotato
1775 2926 1815 2962 in
1832 2925 1927 2962 Cod.
1941 2926 1980 2968 6,

351 2983 490 3019 Natal.
519 2986 637 3020 instr.
667 2983 822 3028 Germ„
846 2980 991 3028 duplici
1015 2981 1099 3028 fol.,
1124 2990 1185 3028 50,
1209 2983 1267 3027 58.
1287 2984 1387 3019 Inter
1414 2985 1511 3020 haec
1533 2984 1627 3021 folia
1649 2985 1724 3021 alia
1746 2985 1982 3021 documenta

345 3049 483 3078 assuta
501 3049 609 3078 sunt.
633 3042 734 3078 Vide
753 3053 843 3089 pag.
870 3049 952 3086 2093
972 3039 1055 3084 3323
1075 3041 1158 3086 3493
1178 3047 1219 3077 et
1235 3041 1322 3079 363.
