2228 3548
363 262 435 299 230
882 256 1021 292 Emsr.
1048 255 1093 290 P.
1121 253 1158 288 N
1160 253 1393 297 Anu-423

315 365 439 407 buon
461 365 571 404 hora
594 359 861 403 confirmato
891 355 1177 413 prouintiale,
1202 362 1249 398 et
1270 354 1415 398 libero
1438 355 1555 399 della
1576 355 1760 411 predica
1780 355 1826 397 d’
1851 356 1960 399 Au*-

317 447 474 497 gusta,
505 451 585 493 per
606 442 734 492 poter
758 434 993 478 attendere
1014 448 1040 476 a
1061 447 1144 476 sua
1166 431 1414 488 prouintia.
1446 431 1505 476 Di
1526 446 1684 475 nuouo
1705 431 1766 475 mi
1795 446 1954 476 racco-

315 516 481 559 mando
501 514 617 558 nelle
639 511 831 555 orationi
854 510 899 553 di
922 512 983 554 V.
1011 511 1070 553 R.
1097 508 1156 552 Di
1173 510 1333 562 Roma,
1353 508 1385 551 li
1409 522 1433 564 3
1456 508 1501 552 di
1523 510 1781 554 Settembre
1808 509 1920 564 1566
1931 544 1946 552 ..

406 607 448 649 9.
514 591 549 633 Il
566 589 722 646 signor
740 587 1035 631 arciuescouo
1053 585 1099 629 di
1118 588 1270 643 Praga
1296 587 1306 607 ¹
1326 585 1388 628 mi
1403 585 1569 638 scriue,
1595 587 1950 630 raccomandan-

318 672 376 714 do
399 669 436 712 si
458 666 620 711 accetti
644 681 706 709 un
724 663 997 708 monasterio
1013 664 1196 714 deserto
1213 677 1300 706 con
1317 662 1439 707 mille
1455 662 1595 707 daleri
1612 664 1669 707 de
1689 662 1856 707 intrata
1876 663 1952 708 nel

319 761 453 804 paese
475 746 548 789 del
568 745 711 787 baron
734 743 791 786 de
813 741 969 785 Rossis
991 741 1025 795 ²,
1050 755 1142 784 non
1165 747 1295 797 tropo
1317 740 1517 784 discosto
1540 740 1586 783 di
1621 742 1772 797 Praga
1794 741 1826 784 ³.
1852 741 1899 784 Io
1919 739 1952 783 li

321 823 550 879 rispondo,
576 822 661 864 che
683 834 776 862 non
799 833 850 862 so
870 819 913 863 le
936 819 1058 862 forze
1084 819 1169 863 che
1196 819 1367 862 hauera
1394 824 1550 862 nostra
1572 817 1856 875 Compagnia
1875 832 1963 874 per

322 900 485 957 pigliar
506 905 668 954 questo
690 904 893 949 assunto,
919 911 992 939 ma
1013 897 1098 939 che
1121 895 1312 939 scriuiro
1335 910 1359 938 a
1382 896 1444 939 V.
1476 896 1551 948 R.,
1583 895 1689 952 qual
1717 895 1854 940 credo
1874 896 1958 938 ha-

323 980 433 1022 uera
455 975 573 1019 uisto
601 975 706 1030 quel
727 976 812 1018 che
835 973 1121 1026 offeriscono,
1152 987 1180 1016 o
1206 987 1342 1029 preso
1375 973 1529 1016 buona
1555 971 1890 1026 informatione,
1915 978 1967 1015 et

324 1056 443 1098 forse
464 1054 607 1096 anche
624 1053 653 1094 l’
678 1053 849 1095 hauera
870 1051 983 1094 satta
1005 1049 1199 1106 risposta
1219 1049 1267 1092 in
1289 1049 1534 1106 presentia.
1568 1049 1766 1106 Quando
1788 1063 1901 1105 pure
1923 1047 1961 1092 si

323 1130 504 1175 hauessi
526 1129 571 1172 di
601 1135 785 1172 trattare
821 1127 1094 1172 seriamente
1130 1126 1176 1170 di
1214 1133 1378 1182 questo
1416 1126 1619 1183 negotio,
1660 1125 1798 1170 diami
1834 1125 1968 1169 auiso

325 1210 382 1253 V.
409 1210 461 1251 R.
489 1207 534 1250 di
557 1207 660 1262 quel
682 1207 768 1250 che
790 1204 853 1262 gli
875 1218 998 1260 pare.
1024 1204 1112 1248 Del
1133 1210 1360 1247 contratto
1382 1203 1428 1246 di
1451 1203 1637 1260 Dilinga
1668 1203 1707 1247 si
1734 1203 1967 1246 mandano

328 1284 477 1329 alcuni
498 1283 671 1339 dubbij,
696 1283 728 1325 li
750 1282 872 1338 quali
894 1296 986 1324 non
1009 1281 1047 1324 si
1075 1281 1335 1326 risoluendo
1363 1280 1671 1325 chiaramente
1699 1295 1836 1324 senza
1863 1294 1966 1323 mo-

327 1362 474 1406 strarli
497 1362 569 1404 all’
600 1361 740 1403 Illmo.
765 1358 981 1412 cardinal,
1006 1373 1055 1403 se
1076 1358 1107 1401 li
1128 1366 1352 1415 potranno
1380 1365 1621 1402 mostrare:
1646 1358 1784 1401 credo
1811 1356 1849 1400 si
1871 1356 1969 1400 dri-

329 1453 524 1483 zaranno
545 1439 586 1481 al
610 1440 662 1481 P.
690 1437 888 1481 Canisio.
916 1436 965 1482 Si
988 1442 1215 1493 potranno
1234 1436 1422 1479 mandar
1438 1435 1604 1491 cinque
1621 1450 1700 1491 per
1721 1434 1751 1477 il
1773 1433 1971 1491 collegio

329 1515 605 1572 germanico,
631 1514 908 1558 intendendo
932 1513 1039 1558 delli
1057 1512 1232 1570 poueri,
1252 1514 1419 1569 perche
1436 1512 1537 1556 altri
1556 1512 1669 1556 tanti
1686 1512 1724 1555 si
1741 1512 1971 1555 mandano

331 1593 376 1636 di
399 1607 507 1648 qua.
538 1594 596 1636 D.
624 1593 679 1636 V.
705 1593 759 1635 R.
787 1591 938 1636 sieruo
959 1605 1017 1634 en
1039 1590 1144 1646 X.⁰,

1437 1668 1474 1710 F
1477 1680 1728 1711 RANCISco.

1088 1761 1209 1802 4⁶28

773 1848 825 1890 P.
862 1846 1274 1891 HIERONYMUS
1307 1845 1527 1890 NADAL

695 1922 904 1958 PATRI
942 1921 1348 1960 LAURENTIO
1391 1920 1610 1959 MAGIO

817 2002 1007 2037 PRAGAE,
1033 1994 1055 2030 8
1081 2002 1342 2030 SEPTEMBms
1362 1993 1454 2040 1566
1467 1995 1495 2029 ⁴.

389 2072 565 2108 Litterae
585 2074 785 2119 patentes,
811 2072 951 2117 quibus
979 2072 1224 2108 Laurentius
1248 2071 1416 2120 Magius
1440 2071 1710 2119 provincialis
1733 2070 1925 2106 Austriae

1073 2134 1251 2169 creatur.

423 2200 555 2268 Jhus'.
576 2211 748 2252 Doctor
766 2208 1073 2265 Hieronymus
1090 2209 1280 2263 Natalis,
1297 2208 1538 2254 Societatis
1548 2210 1675 2267 Jesu,
1690 2222 1769 2265 per
1787 2214 1986 2263 quatuor

342 2287 579 2342 Vtriusque
600 2285 875 2330 Germaniae
902 2287 1158 2342 prouincias
1185 2286 1410 2340 visitator,
1435 2284 1701 2329 charissimo
1727 2284 1774 2327 in
1797 2283 1986 2328 Christo

346 2363 471 2407 fratri
493 2363 668 2407 doctori
685 2362 930 2406 Laurentio
948 2365 1154 2421 Maggio,
1175 2363 1399 2409 sacerdoti
1415 2370 1597 2407 nostrae
1614 2361 1855 2407 Societatis
1871 2375 1983 2417 pro-

343 2442 478 2492 fesso,
511 2440 704 2484 salutem
735 2439 782 2482 in
813 2453 883 2492 eo,
919 2440 995 2495 qui
1027 2448 1096 2485 est
1127 2456 1237 2486 uera
1269 2441 1408 2485 salus.
1445 2442 1600 2497 Quum
1628 2439 1754 2482 iuxta
1781 2437 1979 2481 instituti

343 2516 489 2560 nostri
510 2515 730 2561 rationem
752 2516 912 2559 doctor
939 2517 1154 2562 Nicolaus
1177 2519 1407 2574 Lanoyus,
1431 2515 1722 2574 prouincialis
1744 2513 1979 2568 Austriae,

348 2593 608 2646 Bohemiae,
633 2606 687 2637 ac
710 2593 940 2649 Vngariae
961 2601 1005 2637 et
1030 2595 1261 2649 Poloniae‚
1281 2594 1355 2649 sit,
1376 2600 1478 2651 post
1500 2592 1744 2636 triennium
1763 2606 1853 2647 quo
1875 2590 1982 2636 reli-

351 2669 478 2726 giose
511 2670 568 2713 ‘ac
605 2669 831 2727 sapienter
868 2670 1147 2726 prouinciam
1184 2686 1313 2715 suam
1340 2669 1644 2729 >gubernauit¹
1674 2683 1986 2713 successorem

350 2754 621 2802 accepturus
642 2761 651 2792 :
678 2753 724 2791 et
746 2747 803 2789 de
824 2746 944 2790 vitae
967 2754 1073 2791 tuae
1100 2748 1386 2806 integritate,
1412 2762 1465 2792 ac
1493 2746 1737 2804 religione,
1762 2745 1987 2798 doctrina,

428 2890 438 2910 ¹
490 2889 688 2925 Antonius
707 2890 820 2924 Brus.
988 2893 1003 2912 ‘2
1053 2891 1290 2928 Guilielmus
1306 2891 1356 2928 de
1373 2890 1503 2927 Rosis.
1522 2889 1623 2925 Vide
1642 2889 1761 2937 epist.
1787 2887 1871 2935 432,
1890 2899 1931 2923 n.
1951 2886 1988 2922 6.

428 2947 443 2967 ⁵
491 2948 686 2984 Trebona.
705 2947 806 2983 Vide
825 2947 939 2994 epist.
960 2948 1042 2995 432,
1062 2962 1127 2985 nn.
1146 2960 1170 2996 4
1188 2956 1228 2986 et
1245 2950 1267 2985 6

430 3007 445 3027 ⁴
495 3007 553 3040 Ex
571 3007 799 3053 archetypo,
818 3018 839 3041 a
858 3007 1015 3043 librario
1040 3014 1213 3051 exarato,
1234 3014 1274 3045 et
1297 3009 1449 3046 Natalis
1473 3020 1591 3044 manu
1614 3006 1851 3055 subscripto,
1868 3005 1909 3042 in
1925 3016 1990 3041 co-

356 3061 444 3098 dice
477 3063 540 3098 cui
559 3064 708 3100 titulus:
733 3064 907 3101 Litterae
926 3068 1108 3112 patentes
1125 3077 1223 3112 1545
1241 3089 1255 3095 -
1268 3077 1339 3113 99,
1357 3067 1504 3115 duplici
1522 3066 1614 3113 fol„
1633 3065 1692 3102 63.

2216 68 2228 95 xi
