2228 3548
397 281 469 318 360
913 280 1053 315 EPIST.
1080 278 1126 314 P.
1153 277 1423 324 NAnAL—461

348 386 429 427 dra
451 386 479 438 ¹,
505 383 681 426 allende
703 382 759 426 de
790 382 857 425 135
889 395 978 437 030
1009 395 1067 424 en
1101 380 1244 423 Roma
1275 381 1368 423 han
1400 381 1568 425 uenido
1589 396 1674 426 con
1696 384 1779 428 dos
1801 398 1984 431 correos

345 468 467 505 estos
489 461 600 503 dias.
627 460 702 515 Ay
724 458 924 502 tambien
945 472 1003 501 en
1025 459 1169 501 Roma
1190 457 1327 514 quien
1349 457 1471 503 tiene
1498 466 1646 504 cartas
1666 464 1762 505 1335
1792 462 1977 517 frescas,

346 553 427 595 por
448 538 597 580 donde
613 551 663 580 se
680 535 779 579 dize
796 549 900 591 que,
921 534 1118 578 auiendo
1134 535 1183 580 S.
1204 537 1267 579 M.
1287 535 1497 580 embiado
1515 540 1541 579 a
1558 535 1716 580 residir
1732 541 1759 581 3
1775 553 1829 582 53
1845 540 1979 596 ygle-

344 617 410 660 sia
427 616 469 659 al
489 614 738 666 confessor,
762 615 821 655 ha
843 612 1093 656 nombrado
1113 626 1196 668 por
1217 626 1271 655 su
1293 612 1526 658 confessor
1548 614 1590 657 al
1618 615 1672 657 P.
1697 615 1780 658 Dr.
1805 616 1972 672 Araoz3

343 709 373 750 y
395 698 491 736 esto
513 705 562 734 se
583 690 682 734 dize
704 689 902 733 tambien
924 703 1006 746 por
1026 689 1183 743 cierto,
1203 703 1385 745 aunque
1401 704 1461 734 no
1482 690 1526 733 10
1547 690 1843 747 publicamos‚
1869 693 1915 736 ni
1930 694 1976 738 10

344 782 662 826 asseguramos
683 771 709 810 a
730 767 798 810 105
828 781 916 823 030
948 767 992 810 10
1024 772 1303 823 preguntan,
1329 781 1412 823 por
1431 781 1491 811 no
1514 774 1642 812 tener
1668 776 1816 813 cartas
1837 770 1973 815 dello.

345 849 402 891 V.
429 848 483 890 R.
509 846 552 888 lo
575 844 870 889 encomiende
892 845 999 888 todo
1015 848 1041 887 έι
1058 845 1116 888 N.
1138 845 1207 897 S.,
1226 859 1335 900 para
1357 858 1446 900 que
1467 859 1544 888 sea
1564 846 1609 889 10
1631 860 1720 902 030
1736 851 1833 890 mas
1850 849 1980 893 fuere

343 923 647 968 conueniente
669 926 695 965 3
716 936 770 965 53
803 921 1012 965 seruicio.
1040 921 1305 979 Prosiguire
1337 936 1391 967 en
1426 922 1577 966 auisar
1606 923 1650 966 13
1675 923 1981 971 certidumbre

345 1014 434 1057 que
453 999 632 1044 tuuiere
648 999 705 1043 de
728 999 851 1042 todo.

435 1091 476 1133 3.
541 1078 585 1121 A
617 1077 683 1119 las
714 1074 972 1133 prouincias
1009 1076 1065 1119 de
1103 1077 1284 1132 Espafia
1314 1090 1584 1132 proueemos
1605 1078 1662 1120 de
1690 1077 1977 1135 visitadores,

340 1156 574 1199 conforme
602 1158 628 1197 a
658 1154 724 1196 las
753 1151 1123 1197 constitucioneS.
1151 1153 1191 1195 Y
1213 1152 1371 1196 siendo
1398 1168 1457 1209 ya
1479 1154 1751 1198 nombrados
1774 1156 1856 1199 Dr.
1884 1157 1974 1200 To-

341 1247 436 1276 rres
453 1233 467 1253 ²
492 1246 600 1288 para
623 1230 861 1286 Portugal,
887 1231 1186 1274 Bustamante
1203 1231 1217 1251 ³
1241 1245 1349 1286 para
1371 1231 1643 1284 Andalucia,
1668 1246 1698 1288 y
1715 1246 1803 1288 que
1820 1233 1878 1277 de
1899 1233 1973 1277 alli

339 1324 492 1366 uenga
513 1313 539 1352 a
561 1308 751 1360 Toledo,
777 1321 882 1350 aora
909 1296 1099 1349 nombro
1127 1310 1152 1350 3
1183 1306 1261 1351 Gil
1288 1308 1518 1364 Goncalez
1536 1308 1552 1328 ⁴
1575 1323 1682 1364 para
1704 1310 1916 1366 Aragon,
1942 1325 1971 1367 y

342 1389 394 1431 P.
422 1385 623 1430 Antonio
646 1386 702 1429 (10
725 1385 935 1428 Cordoua
955 1386 969 1405 ⁵
991 1398 1100 1440 para
1122 1384 1323 1439 Castilla,
1343 1398 1427 1428 con
1446 1386 1489 1428 lo
1511 1386 1617 1441 qual
1634 1400 1794 1443 espero
1810 1388 1876 1431 las
1894 1402 1973 1432 co-

342 1478 415 1507 sas
437 1464 493 1507 de
515 1463 716 1518 aquellas
737 1468 888 1518 partes
910 1465 1042 1504 seran
1067 1460 1171 1505 bien
1193 1462 1465 1518 proueydas;
1490 1478 1520 1519 y
1543 1478 1600 1508 en
1624 1465 1753 1508 todas
1780 1465 1889 1508 01135
1918 1480 1975 1522 ay

341 1541 515 1598 grande
537 1538 851 1583 conformidad
872 1554 902 1595 y
926 1538 1064 1582 union
1087 1545 1216 1583 entre
1243 1542 1281 1582 si
1310 1554 1341 1595 y
1362 1553 1448 1583 con
1477 1541 1520 1583 13
1548 1541 1730 1597 cabeca.
1757 1543 1847 1585 Por
1870 1543 1975 1587 todo

340 1620 463 1674 hago
491 1618 681 1660 muchas
712 1616 883 1673 gratias
909 1620 935 1659 a
963 1617 1019 1659 N.
1053 1617 1121 1669 S.,
1153 1622 1259 1660 ante
1286 1630 1405 1672 cuyo
1432 1617 1731 1661 acatamiento
1752 1620 1809 1663 V.
1836 1620 1890 1663 R.
1917 1634 1974 1664 en

340 1711 419 1740 535
441 1694 667 1739 orationes
688 1709 718 1750 y
740 1693 986 1737 sacrificios
1008 1708 1082 1737 me
1103 1693 1399 1737 encomiende
1414 1694 1703 1750 juntamente
1724 1710 1810 1740 con
1844 1697 1974 1740 todos

339 1787 464 1818 essos
487 1772 658 1816 Padres
679 1770 982 1824 charissimos;
1008 1786 1038 1827 y
1060 1785 1121 1814 no
1144 1771 1187 1815 le
1203 1770 1313 1828 digo
1334 1772 1452 1815 nada
1473 1772 1530 1814 de
1546 1773 1590 1815 lo
1607 1772 1664 1817 de
1680 1777 1777 1826 303,
1797 1788 1972 1830 porque

338 1865 398 1894 no
426 1848 574 1894 auisar
605 1849 663 1893 de
693 1847 951 1904 particular,
978 1862 1028 1892 05
1050 1848 1175 1891 senal
1210 1862 1298 1903 que
1330 1849 1437 1891 todo
1468 1863 1525 1891 en
1557 1853 1722 1893 comi'm
1753 1865 1811 1894 ua
1843 1850 1963 1895 bien.

347 1928 451 1970 Vale
473 1928 638 1969 iterum
661 1927 712 1967 in
735 1926 847 1980 Xpo.
874 1927 943 1968 De
966 1926 1124 1978 Roma,
1147 1937 1200 1968 22
1223 1926 1279 1968 de
1301 1925 1558 1969 Diciembre
1587 1927 1713 1981 1566.

428 2003 727 2049 Pareeiomea
750 2017 837 2058 que
860 2004 916 2046 V.
943 2004 997 2045 R.
1023 2004 1159 2046 hauia
1187 2003 1244 2047 de
1271 2011 1431 2059 gustar
1459 2003 1516 2046 de
1538 2004 1581 2046 10
1609 2005 1666 2047 de
1694 2005 1834 2048 Malta
1864 2020 1893 2062 y
1924 2005 1970 2049 10

336 2084 506 2134 demas,
532 2096 561 2137 y
583 2095 665 2137 por
687 2086 813 2123 tanto
834 2080 877 2122 10
900 2082 1090 2123 escreui.
1116 2081 1187 2123 De
1210 2080 1267 2124 V.
1289 2081 1343 2123 R.
1371 2079 1522 2124 sieruo
1545 2096 1601 2125 en
1625 2081 1728 2136 X.⁰,

1441 2158 1477 2200 F
1480 2172 1730 2203 RANCISCO.

426 2235 668 2291 Inscriptio
690 2235 741 2277 in
763 2237 928 2290 quarta
943 2235 1140 2292 pagina:
1163 2233 1191 2292 †
1209 2235 1470 2278 Admodum
1489 2235 1603 2278 Rdo.
1626 2235 1749 2279 Patri
1767 2235 1814 2278 in
1835 2236 1971 2280 Chri-

336 2321 422 2367 sto,
442 2316 500 2358 D.
521 2311 688 2364 Natali,
707 2310 927 2354 visitatori
949 2311 1149 2368 generali
1170 2311 1410 2357 Societatis
1425 2313 1552 2369 Jesu,
1578 2327 1657 2368 per
1679 2313 1963 2358 Germanias.

335 2393 483 2435 Manu
500 2392 559 2433 P.
579 2390 788 2447 simenez
805 2403 818 2430 .·
839 2389 896 2431 N.
926 2391 976 2431 P.
1003 2389 1059 2432 de
1082 2401 1136 2431 22
1159 2389 1216 2433 de
1238 2389 1490 2433 Decembre
1507 2390 1604 2432 R.ta
1628 2390 1879 2447 Vestigium
1901 2391 1968 2434 si-

331 2469 455 2526 gilli.

405 2613 427 2633 a
466 2606 550 2640 Hoc
568 2604 678 2639 verb.
698 2607 738 2638 et
755 2613 864 2648 seqq.
884 2583 1007 2649 lisque
1025 2602 1073 2637 ad
1090 2602 1157 2638 fin.
1177 2602 1343 2649 Borgiae
1363 2614 1479 2638 manu
1497 2608 1654 2639 exarata
1671 2607 1776 2639 sunt.

406 2720 415 2740 ¹
467 2720 512 2755 P.
531 2719 672 2754 Petrus
691 2716 740 2752 de
758 2714 969 2751 Saavedra.

403 2782 417 2801 ²
468 2779 512 2814 P.
531 2776 697 2813 Michael
711 2775 760 2811 de
774 2775 931 2820 Torres,
946 2774 1175 2821 saepissime
1190 2775 1230 2811 in
1243 2776 1303 2811 his
1318 2776 1602 2812 MONUMENTIS
1620 2781 1960 2813 commemoratus.

402 2840 417 2860 ⁵
466 2839 510 2873 P.
531 2836 850 2872 Bartholomaeus
869 2833 917 2869 de
936 2834 1206 2870 Bustamante.

403 2900 416 2919 ⁴
467 2898 509 2932 P.
532 2894 723 2942 Aegidius
742 2893 940 2929 Gonzalez
959 2893 1115 2929 Davila.

401 2956 416 2976 ⁵
464 2957 508 2991 P.
529 2954 725 2990 Antonius
743 2952 792 2988 de
810 2951 1001 2995 Cordoba,
1018 2952 1085 2999 qui
1099 2953 1214 2998 paulo
1228 2957 1330 2999 post,
1346 2963 1400 2987 50.
1416 2951 1480 2987 die
1496 2952 1540 2987 26
1555 2952 1730 2998 Januarii
1745 2953 1836 2989 anni
1857 2954 1963 3000 1567,

332 3027 354 3050 e
374 3015 474 3050 vivis
493 3013 676 3050 excessit.
697 3011 758 3049 Cf.
778 3010 1043 3057 SACCHINUM,
1062 3012 1136 3046 loc.
1156 3011 1239 3054 cit„
1258 3011 1326 3047 lib.
1347 3011 1419 3057 ΙΙΙ,
1439 3023 1477 3046 11.
1501 3019 1566 3056 172
1585 3017 1624 3048 et
1642 3023 1750 3059 seqq.
