2228 3548
394 261 460 298 150
903 246 1040 282 EPIST.
1067 242 1111 279 P.
1138 241 1409 288 Neon-400

428 364 468 409 5.
536 351 635 395 Pe’l
656 347 955 396 Serenissimo
977 344 1187 390 arciduca
1208 345 1244 389 F
1246 343 1494 388 erdinando
1522 344 1560 389 si
1581 359 1695 390 sono
1718 345 1828 391 fatte
1858 351 1904 390 et
1925 344 1963 390 si

335 435 520 477 faranno
541 427 747 481 orationi,
771 439 899 470 come
920 424 951 468 li
973 424 1114 468 siamo
1142 421 1333 480 debitorj
1358 423 1410 467 in
1429 423 1641 478 Domino,
1663 438 1690 469 a
1711 423 1785 468 cui
1806 423 1961 469 diuina

332 510 471 554 bonta
491 505 662 565 piaccia
682 504 727 548 di
748 503 860 548 darli
882 501 1026 547 sanita
1047 516 1129 559 per
1149 515 1233 545 suo
1254 500 1464 559 maggior
1484 500 1685 546 seruitio.
1703 502 1752 548 S’
1770 503 1797 547 e
1813 501 1959 547 inteso

333 587 437 643 quel
459 586 542 627 che
564 582 711 627 scriue
733 583 790 627 V.
817 583 871 625 R.
897 580 943 624 di
964 577 1192 624 Giovanni
1212 578 1406 636 Giorgio
1422 585 1469 623 et
1484 579 1558 623 del
1574 580 1708 624 Mtro.
1728 578 1955 635 ConradO,

332 671 377 710 et
398 677 490 707 non
511 661 676 705 aceade
699 659 810 703 altra
831 658 1040 715 risposta,
1061 672 1111 714 se
1127 671 1219 701 non
1235 670 1485 714 approuare
1502 657 1608 714 quel
1624 658 1708 702 che
1729 660 1766 702 s'
1784 658 1810 702 e
1828 658 1955 703 fatto.

420 741 463 784 6.
527 740 591 783 Le
613 737 833 781 difficulta
855 737 940 781 che
962 736 1019 780 V.
1046 736 1101 780 R.
1126 736 1185 780 ha
1206 740 1388 779 trouate
1414 735 1517 781 nela
1543 734 1748 794 superior
1767 737 1960 781 Germa-

333 818 423 872 nia,
450 832 539 860 non
562 816 696 860 credo
713 814 790 872 gia
811 813 877 858 sia
893 827 972 871 per
994 813 1191 859 trouarle
1213 827 1299 857 con
1321 813 1495 871 grande
1516 812 1760 859 differenza
1780 814 1828 858 in
1849 815 1962 859 altre

332 893 581 953 prouincie,
607 893 804 938 secondo
827 892 977 948 quello
999 892 1084 936 che
1111 890 1149 935 si
1170 892 1262 949 puo
1289 890 1335 934 di
1355 905 1445 948 qua
1471 890 1722 937 intendere.
1748 892 1964 938 Tuttauia

332 979 500 1029 quanto
522 972 563 1016 al
585 977 810 1016 aoeettare
831 968 939 1013 noui
963 968 1142 1027 collegij
1157 1003 1168 1024 ,
1192 968 1224 1012 11
1253 982 1384 1026 parer
1411 968 1502 1013 mio
1524 975 1569 1015 et
1597 970 1782 1015 uolonta
1803 971 1829 1015 6
1851 984 1962 1014 6011-

334 1052 475 1094 forme
496 1065 522 1094 a
543 1049 691 1106 quella
711 1048 757 1091 di
779 1049 836 1093 V.
863 1048 939 1103 R.,
963 1049 1049 1092 6116
1076 1061 1168 1091 11011
1195 1062 1245 1093 56
1276 1062 1335 1092 116
1364 1046 1527 1092 6666111
1554 1058 1753 1093 1165511110
1773 1047 1819 1092 di
1839 1062 1962 1093 nouo

333 1128 466 1172 insin’
491 1143 516 1171 a
538 1133 663 1171 tanto
680 1127 763 1170 6116
780 1125 907 1169 516110
923 1125 1014 1169 ben
1034 1124 1223 1183 prouisti
1245 1123 1276 1168 li
1297 1124 1373 1182 gia
1395 1124 1603 1169 riceuuti.
1625 1126 1838 1183 Quando,
1862 1125 1960 1189 suf-

334 1205 667 1250 ficientemente
695 1203 986 1261 prouedendo
1013 1217 1038 1247 6
1061 1202 1231 1260 questi,
1255 1217 1438 1260 paresse
1470 1218 1496 1247 a
1518 1204 1581 1248 V.
1615 1203 1671 1248 R.
1697 1203 1736 1248 si
1764 1205 1960 1251 douesse

334 1290 557 1328 accettare
580 1282 760 1339 qualeh'
785 1295 876 1325 uno
906 1280 951 1324 di
979 1294 1116 1334 nouo,
1141 1279 1203 1324 mi
1231 1279 1305 1325 dia
1332 1280 1460 1325 auiso
1488 1281 1562 1326 del
1589 1295 1673 1326 suo
1701 1284 1961 1339 parere-Et

335 1361 500 1418 perche
514 1374 565 1404 so
581 1374 659 1417 per
672 1360 701 1402 l'
726 1357 1046 1412 informationi,
1065 1359 1150 1403 che
1171 1358 1228 1402 ad
1250 1358 1411 1403 alcune
1428 1359 1678 1417 prouincie,
1704 1366 1750 1406 et
1770 1360 1962 1418 special-

334 1444 484 1482 mente
502 1453 528 1482 a
540 1438 689 1494 quella
705 1437 777 1481 del
799 1438 959 1480 Rheno
976 1443 1020 1481 et
1037 1435 1222 1481 inferior
1237 1436 1498 1492 Germania,
1519 1451 1754 1482 auanzano
1771 1446 1962 1496 sogget-

334 1514 383 1568 ti,
409 1521 534 1558 tanto
550 1516 636 1560 che
657 1516 808 1558 hanno
830 1513 995 1567 animo,
1012 1527 1100 1557 con
1115 1527 1229 1571 poco
1244 1512 1368 1558 aiuto
1382 1515 1468 1560 che
1484 1528 1534 1558 se
1549 1514 1580 1558 li
1600 1515 1688 1569 dia,
1709 1515 1754 1559 di
1772 1517 1839 1561 far
1859 1516 1962 1561 altri

334 1592 512 1649 eollegij
538 1592 583 1636 di
605 1606 758 1635 nuouo
779 1606 788 1645 3
814 1591 905 1635 mio
927 1605 1085 1648 parere
1106 1591 1132 1635 6
1153 1592 1238 1635 6116
1258 1592 1302 1635 16
1323 1591 1588 1636 abundanza
1609 1592 1655 1636 di
1682 1593 1830 1650 questi
1850 1609 1961 1652 sup-

332 1669 472 1726 plisoa
493 1671 523 1713 l’
550 1669 792 1727 indigenza
813 1668 857 1712 di
880 1668 980 1713 altri
1002 1667 1078 1726 gia
1099 1667 1308 1725 riceuuti,
1327 1669 1482 1714 auanti
1503 1669 1549 1714 di
1570 1678 1811 1727 666611616,
1831 1686 1960 1719 601116

333 1749 369 1791 s'
394 1748 418 1791 6
436 1748 577 1801 detto,
598 1746 740 1791 nuoui
755 1746 950 1804 eollegij.
971 1748 1022 1790 In
1039 1753 1200 1804 questo
1216 1761 1345 1793 mezo
1361 1748 1400 1792 si
1415 1754 1638 1806 potranno
1653 1748 1824 1795 aiutare
1841 1750 1958 1796 Olo-

331 1824 491 1879 mutio,
511 1824 657 1882 Spira,
683 1831 729 1869 et
750 1838 799 1868 se
822 1823 923 1868 altri
938 1824 1058 1868 lochi
1074 1824 1122 1868 ui
1137 1839 1265 1879 sono,
1284 1825 1407 1871 doue
1422 1825 1462 1870 51
1476 1826 1759 1884 pretendono
1776 1828 1955 1887 collegij

331 1917 417 1946 con
440 1902 631 1959 qualche
652 1900 864 1947 missione
885 1901 930 1945 di
951 1901 1110 1956 nostri,
1134 1916 1262 1947 come
1290 1902 1456 1960 meglio
1477 1906 1636 1960 parera
1662 1905 1714 1949 in
1733 1896 1953 1950 Dominb.

333 1982 403 2023 De
424 1981 470 2024 la
491 1986 630 2037 gente
651 1980 735 2022 che
753 1993 841 2035 qua
862 1978 1119 2035 habbiamo,
1139 1981 1223 2025 che
1239 1995 1373 2038 possa
1387 1981 1613 2026 mandarsi
1630 1981 1677 2026 in
1693 1983 1956 2039 Germania,

332 2056 526 2102 maxime
547 2058 604 2102 de
624 2058 668 2100 la
694 2055 852 2114 lingua
882 2057 1062 2111 istessa,
1087 2058 1224 2102 credo
1245 2057 1313 2103 sia
1335 2059 1391 2104 V.
1417 2060 1472 2103 R.
1499 2059 1615 2105 bene
1643 2059 1899 2106 informata.
1924 2062 1959 2106 Il

334 2137 387 2179 P.
415 2137 534 2179 Paez
555 2136 585 2188 ¹,
610 2136 694 2178 6116
716 2134 754 2177 51
776 2135 953 2178 haueua
974 2149 999 2178 a
1021 2135 1236 2180 mandare
1252 2135 1300 2179 in
1314 2135 1517 2195 Dilinga,
1537 2137 1567 2181 l'
1586 2139 1677 2182 han
1699 2138 1896 2184 ritenuto
1913 2139 1960 2184 in

333 2213 539 2269 Bologna
559 2226 639 2269 per
666 2218 826 2267 questa
854 2212 995 2265 stade,
1028 2213 1145 2257 doue
1173 2212 1219 2256 in
1249 2227 1360 2259 uero
1393 2230 1469 2260 era
1491 2216 1629 2260 molto
1650 2217 1904 2262 necessaria
1925 2218 1957 2261 1’

333 2304 468 2346 opera
489 2304 585 2333 sua.
611 2290 719 2334 Non
739 2303 847 2346 pare
869 2304 982 2333 anco
1004 2289 1069 2334 sia
1092 2298 1285 2348 urgente
1306 2291 1338 2335 il
1358 2291 1552 2351 bisogno
1569 2293 1615 2337 di
1635 2293 1838 2352 Dilinga,
1861 2310 1958 2340 ma-

334 2367 451 2410 xime
468 2382 548 2424 per
564 2366 712 2410 insino
729 2366 770 2410 al
789 2366 982 2420 7.b1⁴²,d’
1003 2382 1092 2412 una
1108 2383 1300 2426 persona
1313 2369 1458 2415 simile
1472 2371 1584 2415 alui.
1606 2373 1783 2428 Questo
1804 2373 1830 2417 e
1851 2374 1956 2431 quel

334 2446 386 2488 P.
414 2446 533 2490 Paez
554 2444 599 2488 di
623 2444 900 2502 Portogallo,
925 2460 1016 2489 non
1038 2447 1188 2502 quello
1209 2448 1295 2493 che
1315 2448 1453 2506 legge
1474 2448 1522 2492 in
1542 2451 1704 2494 Roma.

422 2533 463 2576 7.
530 2522 584 2567 Ci
606 2522 747 2566 siamo
769 2522 907 2566 molto
929 2523 1156 2581 rallegrati
1184 2525 1235 2568 in
1261 2527 1461 2570 Domino
1481 2527 1528 2570 d'
1550 2526 1785 2574 intendere
1813 2531 1897 2574 che
1925 2531 1956 2574 1i

332 2599 535 2655 deputati
556 2599 601 2644 di
623 2599 799 2644 catolici
821 2607 1118 2646 accettassero
1140 2602 1171 2645 il
1193 2603 1383 2647 concilio
1405 2603 1450 2647 di
1473 2606 1659 2659 Trento,
1683 2612 1729 2650 et
1745 2620 1794 2650 se
1810 2606 1848 2651 si
1863 2609 1955 2665 puo

332 2684 519 2721 mettere
540 2677 587 2721 in
608 2684 702 2722 atto
723 2692 802 2735 per
823 2677 928 2721 farsi
952 2680 1053 2722 fede
1074 2679 1270 2737 publica,
1295 2683 1395 2726 5616
1418 2688 1543 2726 161110
1564 2682 1747 2740 meglio.

419 2755 460 2796 8.
525 2756 710 2799 Intorno
732 2756 774 2798 al
792 2755 983 2812 negocio
1001 2758 1044 2800 d'
1069 2758 1274 2814 Ispruck,
1298 2773 1468 2816 negare
1488 2760 1533 2803 d'
1552 2761 1772 2806 ascoltare
1788 2763 1830 2807 le
1847 2777 1958 2807 con-

257 2858 264 2867 .
330 2830 512 2874 sessioni
534 2832 579 2874 di
600 2833 747 2888 quelle
773 2846 797 2888 3
820 2848 1013 2890 persone
1034 2836 1067 2889 ²,
1093 2850 1187 2881 non
1208 2836 1270 2880 mi
1291 2851 1399 2894 pare
1425 2851 1535 2882 cosa
1555 2839 1857 2885 conueniente
1878 2856 1958 2898 per

400 2954 410 2974 ¹
461 2956 669 3003 Henricus,
684 2957 889 3004 lusitanus,
904 2960 1014 3008 cujus
1030 2974 1195 3001 examen
1209 2964 1357 3001 editum
1371 2968 1432 3001 est
1445 2964 1485 3001 in
1498 2964 1628 3012 Epist.
1640 2966 1796 3011 Natat„
1806 2967 1857 3013 ΙΙ,
1870 2974 1954 3012 554.
2013 3002 2027 3005 -

331 3071 356 3109 d
399 3016 412 3035 2
462 3014 704 3110 lclllagdalena,
724 3017 931 3066 Margarita
948 3025 988 3057 et
1005 3022 1172 3069 Helena,
1190 3022 1293 3061 filiae
1307 3023 1542 3063 Ferdinandi
1556 3025 1574 3061 1
1587 3025 1770 3063 caesaris.
1789 3025 1955 3075 Saepius

360 3084 381 3108 e
398 3084 446 3110 115
492 3078 611 3113 16111111
629 3081 707 3115 est.
