2228 3548
248 15 250 18 ·
298 0 853 41 .WW⁷”'F‘”>*=W2
873 0 919 27 ‘'ss
930 0 972 8 '³⁷'
1063 0 1067 2 ⁷
1093 0 1100 5 “

861 292 883 328 8
909 293 1111 339 JAmJARn
1139 291 1229 337 1567
1750 293 1820 341 365

228 394 461 440 struttioni
491 395 578 439 che
610 395 668 438 V.
694 395 750 438 R.
774 393 890 446 dice,
915 407 1008 437 non
1030 392 1090 437 mi
1118 392 1296 439 ricordo
1325 395 1446 450 quali
1476 395 1619 449 siano;
1643 410 1731 452 pur
1750 409 1868 453 pen-

230 473 348 517 saro.
374 473 426 516 L'
451 471 733 515 annotationi
754 485 887 528 sopra
908 471 951 514 16
977 469 1290 515 constitutioni
1311 486 1404 516 non
1432 473 1635 516 andorno
1663 472 1864 517 innanzi:

232 550 484 594 solamente
499 549 560 591 ho
577 549 690 592 fatto
707 563 769 592 un
785 547 984 592 sumario
999 562 1027 591 a
1042 547 1134 591 mio
1149 549 1299 602 modo;
1319 563 1369 593 se
1390 550 1541 605 quello
1559 552 1693 594 uorra
1708 552 1766 594 V.
1787 552 1843 595 R.
1853 584 1866 604 ,

235 628 267 670 il
287 628 375 671 che
394 641 489 669 non
511 626 663 678 credo,
687 625 826 682 glielo
847 625 978 682 potro
999 625 1222 668 mandar’.

324 714 369 759 7.
432 703 614 747 Giouan
638 702 847 756 Battista,
871 709 1060 757 sartore,
1084 716 1134 747 se
1156 702 1324 747 uedera
1345 717 1396 748 se
1422 702 1461 747 si
1488 706 1618 760 potra
1641 704 1870 748 rimandar

235 781 282 824 in
311 779 582 834 Germania,
606 787 652 823 et
679 779 718 823 si
745 779 932 823 scriuira
959 779 1003 822 al
1033 785 1202 824 rettore
1222 779 1268 822 di
1297 781 1333 823 F
1335 779 1539 834 iorenza,
1564 781 1683 826 doue
1711 788 1796 827 sta.
1822 783 1866 826 A

233 857 410 904 Uienna
434 858 471 901 si
495 857 661 902 uedera
682 856 728 900 di
749 856 938 901 mandar
960 871 1022 900 un
1044 856 1280 901 sacerdote
1301 858 1543 914 spagnolo,
1569 872 1700 902 come
1723 860 1781 903 V.
1807 860 1864 903 R.

231 936 277 979 lo
303 935 490 979 ricerca.
523 934 698 978 Perche
728 933 774 976 di
802 947 893 990 qua
923 933 1134 976 andiamo
1165 934 1398 977 mettendo
1430 934 1477 977 in
1510 934 1668 980 ordine
1695 936 1737 980 16
1763 949 1871 980 cose

231 1011 516 1070 apertenenti
552 1011 639 1056 alla
676 1010 771 1054 uita
807 1009 854 1053 di
890 1017 1046 1053 nostro
1075 1011 1129 1053 P.
1160 1010 1355 1066 Ignatio,
1390 1010 1435 1053 di
1474 1019 1603 1055 santa
1634 1013 1868 1067 memoria,

232 1090 404 1134 hauero
425 1091 564 1132 charo
584 1090 670 1133 che
690 1089 749 1132 V.
775 1089 829 1131 R.
856 1086 1008 1130 mandi
1030 1100 1116 1130 con
1133 1087 1176 1130 la
1198 1086 1341 1143 prima
1358 1089 1584 1132 comodita
1602 1090 1643 1133 16
1661 1103 1767 1135 cose
1784 1093 1871 1135 che

236 1167 358 1212 tiene
385 1166 432 1210 di
460 1181 581 1220 esso,
611 1164 716 1209 delli
743 1163 888 1208 scritti
918 1163 1035 1217 suoi,
1060 1171 1106 1208 et
1137 1177 1243 1209 cose
1275 1171 1431 1208 notate
1462 1180 1543 1221 per
1565 1167 1621 1210 V.
1649 1155 1711 1210 R.
1735 1182 1762 1210 o
1790 1182 1871 1224 per

235 1243 355 1297 altri,
379 1244 426 1287 in
444 1244 573 1287 fuora
588 1242 634 1285 di
650 1242 801 1298 quello
817 1243 903 1285 che
923 1240 1139 1286 serissero
1166 1239 1197 1283 li
1226 1240 1362 1285 Padri
1395 1241 1506 1286 Luis
1533 1243 1766 1298 Goncalez
1788 1246 1797 1266 ¹
1824 1252 1873 1289 et

238 1321 602 1378 Ribadeneyra’3
628 1326 674 1364 et
700 1318 1022 1375 specialmente
1049 1317 1078 1360 li
1108 1317 1253 1361 scritti
1280 1317 1326 1361 di
1354 1332 1459 1362 cose
1487 1318 1533 1362 di
1561 1319 1793 1364 diuotione
1825 1328 1873 1366 et

236 1397 497 1443 sentimenti
512 1395 733 1454 spirituali
749 1395 795 1439 di
810 1409 946 1439 mano
963 1395 1009 1438 di
1026 1395 1088 1439 N.
1108 1397 1161 1438 Ρ.
1172 1429 1181 1438 .
1197 1395 1327 1440 Oltre
1344 1403 1522 1452 questo,
1536 1411 1585 1440 se
1603 1396 1725 1442 tiene
1743 1398 1871 1442 alcu-

235 1490 294 1520 ne
329 1489 434 1519 cose
469 1472 751 1531 apertenenti
788 1473 832 1516 al
862 1471 1083 1529 principio
1114 1472 1232 1516 della
1262 1472 1564 1530 Compagnia,
1599 1474 1871 1519 medesima—

233 1560 386 1597 mente
407 1552 448 1595 ci
469 1553 514 1595 lo
535 1550 687 1594 mandi
709 1564 789 1606 per
810 1549 840 1592 il
862 1548 1121 1606 supradicto
1143 1550 1304 1592 effetto
1324 1550 1443 1594 della
1465 1550 1667 1595 historia.

323 1631 366 1674 8.
431 1630 493 1674 Se
524 1629 694 1672 ’alcuno
730 1626 835 1672 delli
876 1625 1136 1683 prouintiali
1173 1640 1265 1669 non
1307 1627 1551 1671 hauessino
1592 1629 1806 1673 mandato
1842 1645 1870 1674 a

233 1710 378 1752 Roma
398 1707 442 1751 le
463 1704 733 1763 professioni
754 1704 799 1747 di
822 1717 851 1759 4
872 1719 899 1747 o
923 1711 990 1747 tre
1016 1703 1124 1756 uoti,
1144 1711 1190 1748 et
1207 1703 1344 1760 quelli
1360 1703 1406 1747 di
1423 1704 1673 1749 coadiutori
1691 1707 1870 1751 formati

232 1785 279 1829 di
301 1799 384 1829 sua
404 1782 647 1841 prouintia,
671 1782 712 1826 ci
734 1781 765 1824 li
786 1780 1016 1834 mandino,
1041 1795 1068 1823 o
1090 1780 1269 1825 almeno
1290 1781 1333 1825 la
1353 1788 1460 1825 nota
1482 1782 1555 1826 del
1577 1783 1676 1827 loco
1692 1791 1737 1827 et
1754 1791 1871 1827 tem—

235 1877 310 1920 po,
335 1868 380 1906 et
401 1861 448 1904 in
469 1860 543 1904 cui
566 1859 686 1902 mani
709 1859 747 1902 si
769 1859 919 1903 fecero
941 1859 1066 1902 dette
1087 1857 1369 1914 professioni;
1389 1866 1435 1902 et
1451 1859 1571 1903 doue
1593 1875 1684 1903 non
1702 1862 1869 1906 haues-

236 1954 339 1984 sero
360 1938 573 1984 mandato
595 1938 740 1980 anche
762 1951 788 1979 a
811 1937 953 1979 Roma
975 1935 1006 1977 l’
1030 1933 1208 1991 origine
1229 1941 1276 1979 et
1295 1934 1517 1992 principio
1539 1936 1585 1979 di
1606 1937 1706 1981 suoi
1727 1939 1869 1984 colle-

236 2015 298 2074 gij
323 2030 351 2059 o
371 2029 491 2068 casa,
516 2015 559 2059 le
580 2012 811 2066 mandino‚
842 2012 1062 2055 auisando
1089 2026 1139 2055 se
1170 2010 1211 2054 ci
1237 2025 1351 2055 sono
1378 2013 1541 2063 alcime
1568 2014 1814 2058 conditioni
1842 2030 1872 2058 o

235 2092 518 2150 obligationi,
542 2098 588 2135 et
608 2089 746 2146 quali,
770 2096 816 2133 et
838 2102 966 2132 corne
988 2088 1026 2131 si
1048 2087 1290 2145 pigliorno,
1315 2089 1441 2133 accio
1463 2090 1499 2133 si
1524 2091 1665 2135 faccia
1682 2091 1726 2134 di
1750 2098 1872 2135 tutto

234 2169 450 2215 memoria
466 2168 512 2212 in
535 2183 598 2211 un
619 2167 748 2210 libro.
776 2166 1059 2211 Similmente
1076 2165 1132 2209 de
1148 2166 1267 2210 doue
1284 2181 1375 2210 non
1392 2167 1637 2211 hauessino
1654 2170 1868 2212 mandato

235 2248 278 2291 16
300 2246 428 2303 copie
448 2245 494 2288 di
514 2244 615 2288 suoi
636 2243 829 2288 contrati
852 2243 896 2286 di
919 2241 1201 2296 fundatione,
1226 2243 1268 2287 le
1285 2244 1518 2298 mandino,
1539 2259 1566 2288 o
1583 2246 1760 2289 almeno
1779 2260 1868 2290 una

237 2338 429 2375 summa,
454 2323 572 2366 doue
594 2321 632 2364 si
654 2320 796 2364 faccia
816 2319 1047 2364 mentione
1068 2318 1173 2363 delli
1204 2320 1311 2365 beni
1337 2322 1573 2378 temporali
1599 2323 1685 2366 che
1714 2324 1870 2367 hanno

239 2399 384 2453 fermi,
404 2406 529 2443 tanto
550 2399 607 2442 de
628 2397 896 2454 posessioni,
916 2411 1045 2441 corne
1065 2395 1111 2439 di
1133 2396 1272 2450 censi,
1292 2397 1473 2443 citando
1495 2399 1537 2443 le
1554 2399 1764 2444 scritture
1785 2414 1867 2443 au-

239 2477 440 2523 tentiche
456 2478 542 2520 che
557 2477 724 2518 hanno.
745 2475 802 2517 Et
818 2481 976 2529 questa
994 2488 1169 2517 summa
1190 2475 1362 2531 uenghi
1377 2476 1654 2520 sottoscritta
1670 2477 1744 2519 del
1760 2491 1869 2533 pro-

242 2554 427 2600 uintiale
448 2560 493 2597 et
514 2559 698 2606 rettore,
722 2565 802 2608 per
822 2550 1029 2594 metterla
1049 2551 1195 2594 anche
1215 2550 1262 2594 in
1283 2566 1347 2595 un
1367 2551 1498 2605 libro,
1523 2553 1707 2609 agionto
1730 2553 1760 2595 il
1781 2569 1871 2597 nu-

240 2647 365 2677 mero
381 2631 426 2674 di
443 2629 581 2687 quelli
598 2631 683 2673 che
699 2628 738 2672 si
753 2612 1192 2685 possono‘sostentar
1207 2642 1297 2672 con
1317 2629 1360 2674 le
1377 2636 1551 2674 entrate
1568 2645 1595 2673 o
1612 2629 1872 2686 prouisione

239 2708 479 2761 ordinarie,
505 2714 550 2752 et
571 2705 708 2762 quelli
730 2706 815 2749 che
847 2705 1151 2748 actualmente
1182 2704 1228 2748 ui
1255 2719 1398 2760 sono3
1434 2714 1479 2751 et
1508 2722 1558 2751 se
1585 2706 1872 2750 mancassino

311 2812 323 2833 ¹
375 2810 500 2845 «Acta
524 2809 568 2844 P.
594 2807 751 2854 Ignatii,
776 2812 819 2842 ut
842 2805 1006 2853 primum
1035 2805 1192 2853 scripsit
1215 2806 1263 2842 P.
1293 2807 1517 2843 Ludovicus
1549 2808 1743 2844 Gonzales
1767 2807 1870 2844 exci-

237 2869 350 2917 piens
367 2880 416 2904 ex
433 2880 500 2905 ore
516 2869 639 2916 ipsius
657 2867 830 2904 Patris.»
850 2866 936 2901 Hoc
955 2865 1177 2911 exemplum
1195 2876 1217 2901 a
1235 2866 1364 2903 Natali
1381 2867 1535 2914 propria
1550 2878 1663 2902 manu
1679 2872 1870 2913 notatum,

239 2934 369 2965 exstat
386 2928 488 2964 inter
505 2928 660 2964 codices
678 2926 907 2963 Vaticanos.
935 2923 1032 2960 Vide
1050 2924 1185 2971 Epist.
1209 2925 1351 2962 Natal.
1363 2955 1372 2972 ,
1392 2927 1424 2972 I,
1443 2935 1510 2972 XL,
1529 2935 1613 2962 XLI.

310 2990 325 3010 ²
376 2987 476 3023 Acta
493 2987 539 3023 S.
562 2987 721 3033 Ignatii,
739 2984 1024 3021 Ribadeneirae
1042 2995 1174 3030 manu,
1191 2983 1331 3031 partim
1349 2985 1484 3032 latine,
1508 2984 1647 3032 partim
1671 2985 1873 3032 hispanice

243 3047 402 3094 scripta,
422 3046 462 3082 in
478 3046 612 3082 codice
629 3045 652 3081 6
670 3044 817 3081 archivi
841 3042 982 3080 secreti
1001 3042 1195 3087 Vaticani,
1219 3042 1288 3079 fol.
1313 3043 1382 3090 358
1401 3050 1440 3081 et
1463 3057 1588 3092 seqq.,
1607 3050 1873 3091 asservantur,

244 3106 350 3143 unde
365 3106 446 3150 illa,
464 3117 486 3141 a
500 3105 613 3142 nobis
631 3105 795 3150 edenda,
815 3102 1140 3149 transcripsimus.
