2228 3548
865 283 1213 323 suppnssussmma
1735 287 1806 335 849

307 387 356 430 lo
374 386 433 430 mi
456 394 621 431 trouuo
642 387 688 431 in
710 387 861 432 alcuni
883 389 1173 446 grandissimi
1196 390 1393 447 trauagli
1415 390 1472 434 de
1493 389 1788 447 importanza:
1808 397 1856 435 et

218 461 311 490 non
333 447 470 492 credo
491 446 660 504 meglio
681 454 871 505 poterne
892 463 1044 495 essere
1065 449 1271 502 liberato,
1295 451 1383 494 che
1406 464 1491 493 con
1514 449 1546 492 il
1569 449 1739 495 ricorso
1767 451 1855 495 alla

219 506 526 551 misericordia
546 507 717 551 diuina.
743 509 834 553 Per
854 515 1018 564 questo
1044 523 1188 566 prego
1216 510 1274 553 V.
1315 510 1364 554 S.
1406 517 1452 554 et
1483 516 1603 553 tutta
1623 510 1667 553 la
1687 510 1855 555 deuota

220 566 521 623 Compagnia,
545 568 632 612 che
652 566 690 610 si
711 567 912 624 degnino
933 583 1014 625 per
1045 568 1295 617 christiana
1322 569 1494 613 charita
1518 583 1647 613 orare
1681 584 1762 626 per
1782 585 1855 614 me
1897 574 1901 578 ’

221 626 502 694 caldamente
524 627 566 670 al
602 626 764 683 signor
778 629 906 685 Jesu,
945 629 1031 672 che
1067 627 1255 671 indrizzi
1292 628 1403 696 ogni
1440 628 1531 671 mia
1566 643 1674 672 cosa
1694 630 1751 673 ad
1772 644 1855 673 sua

221 686 355 729 laude
376 693 422 729 et
443 685 532 729 mia
553 686 716 740 salute,
741 693 787 730 et
808 686 869 730 mi
898 687 989 731 leui
1011 687 1042 730 li
1050 687 1374 755 impedimenti
1402 689 1460 732 de
1486 694 1616 745 poter
1642 688 1720 745 piu
1740 688 1855 734 libe-

223 753 425 789 ramente
446 746 682 791 attendere
709 746 752 789 al
778 745 913 790 vnico
940 746 1128 790 seruitio
1164 762 1262 791 suo.
1305 747 1364 791 Di
1401 754 1585 803 questo
1600 747 1646 791 io
1684 748 1855 793 ricerco

223 806 281 849 V.
307 805 354 850 S.
380 812 426 848 et
448 811 566 849 tutta
601 805 645 848 la
682 805 982 863 Compaignia
1012 806 1324 859 humilmente,
1364 813 1411 852 et
1433 822 1490 851 ne
1526 821 1661 863 spero
1688 808 1855 865 special

225 865 379 908 frutto.
405 867 475 910 De
496 866 554 909 V.
580 865 628 910 S.
654 866 912 910 amoreuole
933 866 1112 910 fratello
1133 874 1179 910 et
1200 866 1401 923 figliolo
1389 881 1437 910 m
1454 867 1640 910 Christo
1663 869 1793 926 Jesh,

910 926 960 969 IL
991 939 1234 970 CARDINAL
1265 940 1328 970 ns
1360 926 1614 971 AUGUSTA.

315 984 560 1040 Inscriptio
585 985 636 1027 in
664 988 831 1040 quarta
851 985 1051 1042 pagina.
1081 986 1142 1029 Al
1169 985 1309 1029 molto
1336 986 1452 1029 Rdo.
1485 986 1531 1028 in
1560 985 1744 1030 Christo
1768 988 1859 1030 Pa-

226 1044 322 1097 dre,
347 1057 476 1087 come
498 1043 674 1088 fratello
696 1043 988 1096 amatissimo,
1021 1043 1051 1087 il
1076 1046 1129 1088 P.
1155 1045 1329 1102 Jacobo
1361 1046 1559 1101 Laynez,
1583 1045 1752 1089 vicario
1774 1060 1859 1103 ge-

227 1103 380 1147 nerale
415 1103 533 1146 della
570 1103 854 1160 Compagnia
889 1104 934 1147 di
965 1105 1099 1161 JesiJ,
1140 1112 1228 1148 etc.
1264 1105 1314 1147 In
1351 1106 1514 1150 Roma.
1553 1105 1661 1149 Alia
1698 1120 1859 1148 manu:

228 1163 283 1206 C.
303 1164 453 1221 Jesus.
485 1172 611 1218 1557.
638 1162 837 1220 Dilinga.
865 1163 983 1208 Dell’
1018 1164 1158 1206 Illmo.
1190 1170 1237 1208 et
1265 1165 1397 1209 Rmo.
1428 1165 1640 1208 cardenal
1672 1165 1721 1221 *d’
1756 1166 1859 1209 Au-

227 1229 377 1278 gusta,
403 1222 459 1265 de
483 1234 539 1279 29
558 1221 604 1265 di
633 1224 741 1276 7.¹'re
771 1224 869 1267 R.ta
898 1237 925 1266 a
964 1220 1060 1282 [sic]
1091 1221 1136 1266 d’
1165 1223 1379 1268 Ottobre.
1410 1224 1569 1281 Sigilli
1595 1225 1856 1282 vestigium.

1013 1353 1080 1391 115

573 1435 717 1475 ΟΤΤΟ
754 1436 1058 1475 TRUCHSESS
1097 1437 1167 1474 DE
1205 1437 1514 1475 WALDBURG

641 1516 851 1559 PATRI
882 1516 1162 1574 JACOBO
1204 1517 1462 1561 LAINEZ

699 1612 940 1652 AUGUSTAE,
961 1613 1004 1640 12
1021 1612 1228 1642 oc‘romus
1250 1613 1340 1652 1557
1366 1606 1391 1641 ¹.

240 1681 454 1718 Occasione
478 1682 691 1729 proximae
720 1681 922 1718 electionis
938 1682 1164 1730 praepositi
1176 1683 1397 1731 generalis,
1426 1683 1527 1731 petit
1545 1685 1589 1719 ut
1605 1694 1677 1719 suo
1705 1684 1867 1720 nomine

309 1741 496 1779 Natalem
502 1769 512 1787 ,
530 1741 594 1778 vel
608 1742 739 1778 alium
756 1741 944 1784 similem,
958 1744 1038 1790 pro
1050 1744 1284 1790 augustana
1302 1743 1470 1780 dioecesi
1486 1755 1512 1778 a
1526 1754 1627 1780 novo
1637 1743 1869 1792 praeposito

948 1801 1142 1849 postulet.

329 1880 475 1925 Molto
497 1880 612 1924 Rdo.
633 1879 680 1922 in
698 1879 899 1933 Christo,
919 1892 1052 1924 come
1070 1879 1246 1925 fratello
1261 1879 1557 1924 amatissimo.
1578 1878 1869 1924 Trouandoci

240 1941 352 1984 hora
372 1939 420 1982 in
442 1941 673 1996 Augusta,
707 1941 829 1984 doue
857 1945 984 1982 tanto
1010 1938 1372 1996 maggiormente
1403 1941 1593 1984 uedemo
1619 1939 1650 1982 il
1677 1938 1871 1996 bisogno

243 2001 327 2043 che
348 1999 389 2042 ci
411 1998 544 2052 saria,
568 2014 596 2042 o
617 1999 690 2043 del
714 2001 768 2044 P.
792 1999 954 2043 Natale
970 2013 998 2042 o
1014 1998 1060 2041 di
1076 1999 1256 2054 qualch’
1276 2000 1391 2043 altro
1407 1999 1568 2051 simile,
1588 2013 1667 2056 per
1683 1998 1715 2041 il
1731 1999 1872 2041 frutto

244 2059 417 2114 grande
438 2059 525 2102 che
546 2073 604 2102 ne
625 2057 820 2115 portaria
842 2059 885 2102 la
906 2071 988 2100 sua
1007 2065 1196 2112 uenata,
1220 2073 1312 2102 non
1334 2059 1530 2102 hauemo
1558 2058 1715 2101 uoluto
1742 2072 1871 2100 man-

245 2132 348 2162 care
369 2117 414 2160 di
434 2118 545 2161 farlo
566 2132 725 2185 sapere
746 2118 832 2162 alla
853 2118 907 2163 Ρ.
939 2118 1012 2170 V.,
1038 2124 1084 2161 et
1111 2118 1320 2174 pregarla
1348 2119 1452 2171 che,
1482 2117 1633 2161 subito
1660 2118 1746 2162 che
1773 2131 1872 2160 sara

246 2178 385 2221 eletto
406 2176 436 2219 il
459 2177 685 2233 preposito
707 2176 752 2220 di
774 2182 947 2221 cotesta
968 2183 1100 2220 santa
1131 2177 1434 2234 Compagnia,
1467 2177 1590 2234 uogli
1612 2191 1747 2221 senza
1770 2190 1889 2232 per-.

246 2236 341 2279 dita
362 2236 408 2279 di
430 2243 582 2292 tempo
602 2238 783 2293 pregar'
807 2235 884 2280 chi
904 2250 1006 2280 sara
1025 2236 1181 2291 eletto‚
1211 2252 1237 2281 a
1266 2251 1400 2282 nome
1421 2236 1511 2279 mio
1538 2237 1625 2279 che
1646 2235 1677 2278 li
1703 2234 1875 2292 piaccia

247 2295 550 2348 concedermi,
570 2310 598 2339 o
614 2296 646 2339 il
661 2296 778 2339 ditto
796 2297 849 2339 P.
875 2295 1053 2348 Natale,
1078 2309 1106 2338 o
1127 2295 1200 2339 chi
1222 2297 1347 2340 fusse
1363 2296 1440 2353 pisi
1458 2302 1553 2339 atto
1571 2310 1597 2338 a
1613 2293 1755 2351 poter’
1772 2307 1875 2350 por-

249 2369 406 2411 germe
426 2354 546 2411 quel'
568 2355 692 2399 aiuto
728 2356 816 2398 che
847 2354 885 2398 si
906 2354 1112 2399 desidera
1131 2355 1239 2399 nelli
1260 2355 1440 2413 bisogni
1471 2354 1516 2397 di
1538 2361 1697 2410 questa
1718 2360 1876 2396 nostra

249 2413 434 2458 diocesi.
476 2415 650 2458 Perche
688 2413 912 2470 speriamo
949 2414 1023 2457 nel
1058 2412 1216 2470 signor
1251 2414 1342 2459 Dio
1379 2415 1424 2458 di
1461 2416 1542 2458 far'
1574 2427 1819 2457 conoscere
1849 2426 1876 2454 a

250 2487 440 2530 ognuno
462 2475 547 2516 che
568 2473 642 2516 chi
660 2480 680 2502 ²
705 2488 853 2527 uerra,
884 2487 976 2517 non
993 2472 1104 2516 hara
1129 2473 1242 2517 fatto
1261 2481 1422 2530 questo
1446 2472 1631 2530 uiaggio
1648 2473 1692 2515 in
1714 2472 1875 2523 darno,

251 2548 325 2576 ma
341 2547 420 2589 per
437 2533 610 2589 grande
630 2532 773 2576 utilita
784 2509 901 2576 della
916 2532 1017 2576 fede
1033 2532 1260 2576 catholica
1277 2540 1322 2578 et
1339 2539 1619 2590 augumento
1632 2532 1653 2559 b
1670 2531 1788 2575 della
1805 2544 1877 2572 re-

251 2592 437 2648 ligione.
462 2592 497 2635 Il
519 2593 607 2636 che
629 2591 800 2649 piaccia
821 2607 847 2635 a
869 2592 918 2636 S.
945 2593 1007 2635 M.
1033 2590 1189 2636 diuina
1204 2592 1251 2635 di
1267 2593 1450 2650 seguire
1467 2591 1653 2635 sicondo
1668 2591 1712 2633 la
1728 2590 1880 2632 buona

253 2651 495 2694 intention’
514 2658 683 2705 nostra;
704 2658 750 2696 et
771 2666 798 2694 a
818 2652 877 2695 V.
903 2652 957 2694 P.
982 2650 1172 2696 insieme
1193 2665 1280 2695 con
1303 2658 1421 2695 tutta
1437 2652 1480 2694 la
1498 2648 1817 2706 Compagniac
1839 2647 1880 2690 ci

255 2709 643 2755 raccomandiamo
665 2709 994 2755 sinceramente
1015 2709 1060 2752 di
1082 2724 1203 2754 core.
1228 2710 1287 2754 Di
1311 2712 1418 2768 Aug
1427 2717 1539 2763 usta,
1573 2709 1604 2752 li
1626 2723 1695 2753 ΧΠ
1724 2707 1769 2750 di
1793 2708 1879 2752 Ot-

256 2771 388 2815 tobre
416 2779 542 2825 1557.
567 2771 638 2815 De
659 2771 717 2814 V.
742 2771 791 2815 S.
815 2783 925 2814 vero
952 2769 1144 2824 fratello,

953 2829 1002 2873 11.
1032 2841 1273 2874 cARmnAL
1294 2843 1358 2873 DE
1390 2830 1643 2873 AUGUSTA.

327 2939 349 2960 a
384 2931 463 2974 Sic,
482 2907 551 2979 pro
566 2931 649 2978 qui.
660 2930 722 2958 —b
738 2929 817 2976 Sic,
835 2940 904 2976 pro
927 2931 1161 2976 augmento.
1168 2936 1230 2957 —e
1249 2929 1427 2974 Archet.,
1446 2926 1743 2975 Compaagm‘a.

331 3026 342 3046 ¹
392 3023 451 3059 Ex
468 3022 690 3068 archetype,
711 3019 752 3055 iu
768 3017 864 3055 Cod.
885 3017 947 3063 38,
979 3016 1125 3064 duplici
1148 3016 1232 3064 fol„
1251 3028 1297 3063 40
1325 3017 1439 3063 (262).
1459 3014 1762 3062 Videepistolas
1783 3022 1840 3050 12-
1827 3021 1889 3058 -15

259 3085 375 3131 hujus
392 3080 681 3130 Supplementi.

436 3166 552 3196 Epist
572 3163 609 3194 P.
629 3163 763 3198 NADAL,
783 3169 858 3191 rou.
885 3160 946 3190 111.
1683 3157 1720 3186 ει
