2228 3548
953 292 995 331 15
1021 284 1135 332 Jmm
1163 283 1253 331 1566
1801 289 1866 330 157
1928 282 1933 285 ’

283 388 369 431 che
395 388 531 433 Mtro.
556 385 748 444 Giorgio
771 386 1006 432 Scorichio
1027 389 1057 441 ¹,
1086 393 1292 445 portator
1319 386 1365 430 di
1395 392 1580 443 questa,
1604 385 1815 430 ritomasi
1835 400 1917 444 per

285 465 478 522 qualche
509 472 662 523 tempo
690 464 737 508 in
764 466 926 521 Roma,
955 480 1035 523 per
1063 465 1251 510 studiar’
1291 463 1539 522 theologia,
1574 466 1618 508 la
1653 465 1787 522 quale
1822 478 1915 508 non

285 545 467 588 haueua
487 542 654 588 sentita
674 543 896 601 pattendo
917 542 963 587 di
982 544 1047 598 la,
1072 550 1118 588 et
1146 543 1195 587 fu
1222 543 1437 587 mandato
1463 542 1510 586 in
1537 542 1816 600 Ingolstadio
1835 557 1917 600 per

287 620 488 676 sentirla3
513 637 602 676 ma,
628 622 836 667 uedendo
857 623 943 666 che
964 636 1056 666 non
1076 622 1103 666 e
1123 620 1336 679 possibile
1356 622 1442 666 che
1462 620 1527 665 lui
1547 620 1683 677 studij
1702 620 1750 665 in
1766 621 1918 678 Ingol-

285 698 451 754 stadio,
475 714 556 756 per
582 700 721 745 molte
742 714 879 745 cause
906 698 1171 753 sufficienti,
1195 706 1242 744 et
1268 700 1353 744 che
1373 698 1421 742 in
1442 713 1558 757 poco
1581 705 1734 756 tempo
1755 700 1916 756 puotra

285 775 365 834 pisi
386 777 658 834 aprofittarsi
679 777 726 822 in
747 778 908 831 Roma,
933 778 1006 821 ch’
1030 776 1076 820 in
1091 777 1266 834 lungho
1282 775 1331 820 in
1352 776 1655 834 qualsiuoglia
1671 775 1919 822 vniuersita

198 861 201 863 ’
283 853 329 898 di
351 862 510 912 queste
530 855 679 900 bande
701 869 710 909 3
735 855 928 899 essendo
948 869 1141 911 persona
1162 854 1207 897 di
1235 854 1373 898 molta
1399 854 1729 911 expettatione,
1754 861 1800 900 et
1830 856 1916 899 che

284 931 547 977 ritornando
568 932 612 976 in
636 933 894 990 Alamagna
915 933 1146 989 theologo,
1170 932 1310 975 molto
1331 931 1410 988 pisi
1437 934 1602 989 puotra
1629 931 1800 976 seruire
1827 932 1916 976 Dio

283 1016 439 1054 nostro
461 1010 656 1068 Signore
676 1010 796 1055 nella
813 1009 1115 1067 Compagnia3
1134 1009 1196 1053 mi
1216 1011 1242 1053 ὁ
1258 1023 1391 1066 parso
1409 1010 1490 1053 far’
1508 1009 1713 1054 instanza
1728 1023 1914 1068 appres-

284 1102 335 1132 so
357 1088 430 1132 del
451 1089 569 1133 duca
584 1089 618 1142 ³,
638 1088 763 1133 accio
776 1095 798 1117 ⁸
816 1090 902 1132 che
917 1103 1010 1132 non
1025 1086 1241 1145 impedise
1258 1094 1419 1144 questa
1434 1087 1663 1133 missione.
1684 1090 1741 1132 Et
1757 1103 1914 1133 essen—

287 1166 346 1210 do
367 1165 597 1221 difficolta,
622 1165 666 1211 io
688 1166 786 1211 usai
807 1167 881 1212 del
901 1179 1054 1210 mezzo
1076 1166 1151 1210 del
1171 1164 1417 1211 medesimo
1439 1167 1574 1210 Mtro.
1600 1165 1849 1220 Scorichi03
1869 1173 1916 1210 et

286 1243 398 1298 cosi,
424 1259 504 1302 per
525 1243 671 1302 gratia
691 1244 765 1291 del
784 1243 995 1302 Signore,
1015 1244 1111 1289 Sua
1131 1242 1270 1287 Exc.ab
1287 1243 1335 1287 fu
1357 1250 1587 1288 contenta.
1610 1245 1679 1288 Va
1694 1243 1915 1289 indrizato

284 1321 426 1379 prima
447 1337 474 1367 a
495 1324 531 1367 F
533 1322 728 1377 iorenza3
752 1328 799 1366 et
820 1323 1002 1367 menara
1021 1335 1128 1366 seco
1149 1320 1179 1364 il
1202 1322 1255 1366 P.
1277 1322 1488 1379 Vanegas
1504 1322 1537 1377 ⁵,
1557 1322 1915 1366 raccomandan—

282 1401 438 1445 doselo
458 1415 589 1447 come
610 1415 636 1445 a
655 1415 848 1460 persona
868 1401 1006 1446 fidata
1027 1414 1037 1455 ;
1062 1400 1181 1444 doue
1208 1400 1508 1444 consultando
1535 1399 1566 1443 li
1594 1399 1777 1454 medici,
1802 1415 1852 1446 se
1883 1400 1914 1444 li

281 1478 679 1537 acconsegliarano
705 1480 791 1525 che
821 1478 987 1523 vadino
1013 1477 1175 1532 diritti,
1200 1492 1292 1522 non
1320 1493 1346 1522 a
1374 1478 1540 1533 Roma,
1564 1492 1639 1522 ma
1664 1493 1692 1522 a
1713 1477 1862 1522 Tiuoli
1884 1492 1912 1522 o

280 1558 492 1603 Frascate
513 1590 524 1612 ‚
567 1558 796 1602 andarano
835 1557 879 1602 la
920 1571 1056 1603 senza
1097 1555 1301 1600 fermarsi
1322 1589 1331 1610 ‚
1376 1555 1422 1599 di
1463 1556 1582 1601 doue
1622 1555 1912 1601 aduertirano

278 1635 323 1680 la
344 1636 398 1680 P.
423 1635 481 1680 V.
507 1634 785 1689 Altrimenti,
810 1635 991 1692 quando
1013 1649 1039 1678 a
1059 1633 1223 1678 medici
1244 1648 1336 1678 non
1356 1648 1517 1691 parese
1537 1634 1653 1687 cosi,
1679 1641 1910 1678 restarano

279 1711 327 1756 in
348 1713 384 1757 F
386 1712 566 1759 iorenza
586 1727 666 1771 per
693 1712 875 1758 alehuni
905 1711 1074 1773 giomi,
1099 1711 1248 1755 insino
1273 1712 1359 1757 che
1386 1726 1413 1756 a
1439 1713 1583 1756 Roma
1610 1711 1847 1755 rinfreschi
1879 1711 1909 1755 il

282 1797 452 1849 tempo.
478 1793 536 1835 Et
556 1790 603 1836 in
625 1798 786 1849 questo
807 1805 963 1836 mezzo
984 1793 1119 1836 Mtro.
1146 1789 1383 1836 Scorichio
1411 1789 1617 1834 riuedera
1637 1790 1681 1834 la
1702 1804 1785 1834 sua
1805 1788 1908 1847 phi-

282 1867 486 1927 losophia
514 1875 602 1915 ete.
629 1870 718 1914 Per
745 1875 906 1926 questa
933 1883 1026 1912 non
1053 1881 1238 1912 occorre
1265 1867 1392 1912 altro.
1417 1868 1651 1911 Dominus
1670 1868 1732 1911 sit
1757 1868 1910 1911 nobis—

281 1961 399 1991 cum.
425 1947 524 1991 Ora
533 1952 623 2004 pro
639 1947 779 2000 nobis,
797 1948 957 1990 Pater.
978 1947 1049 1990 Da
1066 1945 1323 2000 Monachio,
1342 1945 1416 1990 alli
1433 1955 1481 2001 15
1500 1946 1557 1989 de
1573 1945 1761 2003 Giugno
1779 1946 1906 2000 1566.

281 2025 339 2068 D.
365 2026 422 2070 V.
450 2026 503 2070 P.
528 2039 662 2071 seruo
685 2040 742 2071 en
764 2026 866 2078 X.⁰‚

1340 2108 1370 2166 †
1401 2108 1588 2225 NAgsAL.
1624 2107 1654 2166 †

368 2258 610 2314 Inscriptio
631 2257 681 2300 in
703 2260 868 2314 quarta
883 2256 1081 2313 pagina:
1097 2256 1228 2314 Jhus.
1254 2255 1313 2300 Al
1336 2256 1476 2300 molto
1496 2256 1614 2300 Rdo.
1651 2256 1798 2300 Padre
1822 2271 1906 2300 no-

279 2341 374 2380 stro
396 2335 443 2379 in
465 2334 648 2379 Christo
668 2334 701 2377 il
723 2334 870 2378 Padre
891 2334 1145 2378 Francesco
1161 2333 1220 2378 de
1242 2333 1426 2391 Borgia‚
1445 2333 1674 2391 preposito
1691 2334 1906 2390 generale

279 2414 398 2458 della
418 2411 701 2471 Compagnia
722 2412 778 2456 de
794 2412 927 2470 Jessi,
963 2417 1050 2456 ete.
1086 2409 1116 2469 †
1147 2412 1304 2455 Roma.
1329 2412 1438 2455 Alia
1460 2426 1623 2454 manu:
1649 2411 1775 2466 1566.
1802 2412 1903 2455 Mo-

281 2490 458 2535 nachio.
486 2492 539 2535 P.
563 2490 716 2542 Natal.
746 2499 795 2545 15
819 2488 864 2532 di
885 2488 1089 2546 Giugno.
1115 2489 1170 2533 C.
1204 2489 1455 2547 Vestigium
1471 2489 1635 2547 sigilli.

352 2612 374 2633 ²
410 2604 496 2640 Hoc
514 2604 624 2641 verb.
643 2614 759 2651 supra
776 2613 885 2639 vers.
903 2601 1053 2638 addidit
1070 2601 1163 2639 libr.

352 2709 363 2730 ¹
413 2706 514 2742 Vide
532 2706 617 2754 ejus
634 2716 799 2742 examen
816 2704 856 2741 in
873 2705 1007 2752 Epist.
1031 2679 1187 2750 Natat„
1201 2704 1253 2752 11,
1267 2703 1351 2751 5533
1370 2710 1411 2741 et
1428 2716 1558 2753 supra,
1573 2704 1687 2753 epist.
1706 2703 1791 2747 361,
1810 2715 1847 2741 n.
1862 2713 1899 2750 4.

346 2769 361 2789 ²
410 2767 501 2803 Dux
518 2766 720 2811 Bavariae,
739 2765 926 2802 Albertus
943 2764 992 2801 V.

346 2826 361 2847 ⁵
408 2825 572 2862 Michael
590 2826 786 2872 Vanegas,
805 2823 854 2860 de
871 2835 948 2872 quo
965 2823 1121 2871 saepius
1137 2822 1284 2861 dictum
1298 2829 1374 2863 est.
1389 2824 1490 2861 Vide
1508 2823 1629 2871 epist.
1647 2822 1729 2869 391,
1749 2835 1788 2859 n.
1808 2822 1844 2868 33
1860 2828 1900 2860 et

275 2883 358 2932 396,
376 2896 414 2921 n.
431 2893 470 2930 5.
