2228 3548
401 275 449 313 32
920 276 1060 311 EPIST.
1090 275 1133 311 P.
1163 274 1315 309 NADAL
1330 294 1347 300 -
1365 272 1432 310 361

355 378 598 425 terminato
619 392 705 422 con
728 376 876 433 questi
902 375 1039 420 Padri
1061 376 1102 419 la
1125 376 1296 431 pascha
1317 389 1404 418 con
1421 375 1466 418 la
1480 374 1635 419 diuina
1653 374 1816 433 gratia:
1837 382 2001 433 questo
2069 420 2073 425 ,

354 456 472 508 dico,
497 455 664 512 perche
685 454 747 497 mi
771 469 878 510 pare
895 455 980 496 che
1003 454 1061 496 V.
1091 454 1144 495 P.
1169 452 1214 495 lo
1237 457 1428 496 remetta
1450 467 1477 496 a
1498 466 1597 498 me..

442 543 483 587 5.
550 533 614 575 Le
635 530 851 574 difficolta
872 531 958 574 che
982 544 1007 572 a
1031 530 1088 572 V.
1121 531 1172 572 P.
1199 529 1352 572 hanno
1378 527 1537 572 scritto
1560 530 1603 573 d’
1630 530 1851 587 Inspruch
1883 537 1930 575 et
1950 530 1997 573 di

353 609 609 665 Monachio‚
635 608 696 651 mi
720 622 834 651 sono
862 613 980 651 state
1017 612 1231 663 proposte
1268 620 1358 662 qua
1394 606 1453 650 da
1489 607 1586 651 loro
1617 606 1867 662 medesimi,
1901 614 1948 652 et
1969 623 1997 652 a

352 687 501 744 quelle
523 687 607 730 che
629 687 689 728 ho
711 691 871 741 potuto
894 686 953 727 ho
975 683 1187 740 rispostO.
1213 683 1346 727 Altre
1367 684 1428 727 ho
1450 683 1671 729 riseruate
1691 699 1772 742 per
1792 685 1835 729 la
1861 684 1995 729 visita

353 779 438 808 con
461 762 735 807 satisfattion
758 763 871 805 loro:
897 767 1061 818 questo
1084 767 1238 817 tempo
1260 755 1362 805 sara
1382 761 1540 815 breue,
1565 760 1805 818 percioche
1833 761 1998 806 nisuna

353 856 459 885 cosa
481 840 518 884 si
541 841 729 883 trattara
751 839 809 884 de
831 838 1069 896 religione,
1095 839 1297 883 secondo
1320 839 1406 884 che
1427 838 1466 882 si
1483 839 1634 892 crede,
1659 839 1779 884 nella
1798 839 1936 892 dieta,
1954 840 2000 883 13

354 919 486 975 quale
508 919 544 960 s’
570 916 844 960 incomincia
865 915 1027 973 hoggi,
1054 915 1169 968 cioe‚
1195 916 1240 959 fa
1262 917 1310 961 S.
1338 918 1401 960 M.
1426 916 1572 973 hoggi
1598 917 1642 960 la
1663 915 1807 973 prima
1833 931 1996 974 propo—

353 995 532 1048 sitione,
553 1001 598 1039 et
619 993 657 1037 si
679 993 779 1038 dice
803 1008 894 1037 non
916 994 1083 1037 durata
1105 1008 1154 1037 se
1176 1007 1270 1036 non
1293 1008 1375 1050 per
1397 999 1518 1037 tutto
1542 993 1702 1051 Aprile
1728 995 1755 1037 ¹.

442 1073 485 1115 6.
550 1070 609 1115 Di
624 1072 800 1129 Jacobo
824 1073 983 1115 Muntz
1005 1071 1039 1123 ²,
1065 1070 1127 1113 mi
1149 1085 1336 1116 occorre
1358 1085 1450 1114 non
1481 1071 1563 1114 far'
1584 1071 1699 1115 altra
1721 1085 1830 1116 cosa
1850 1071 2002 1115 insino

353 1152 426 1193 ch’
451 1150 494 1193 io
516 1149 583 1193 sia
610 1149 668 1202 13,
704 1163 846 1194 senon
876 1147 1134 1192 assicurarli
1163 1149 1207 1192 la
1244 1147 1523 1192 conscientia
1554 1147 1602 1191 in
1640 1155 1802 1204 questo
1823 1163 1996 1202 mezzo,

354 1227 603 1271 concioche
624 1226 691 1270 sia
712 1225 917 1283 obligato
940 1240 966 1268 a
998 1225 1210 1282 parlarmi
1234 1226 1416 1281 quando
1445 1226 1547 1269 saro
1574 1225 1621 1269 in
1650 1226 1801 1282 quelle
1826 1227 1993 1279 bande,

355 1305 553 1348 viuendo
576 1304 684 1361 pero
720 1305 1068 1348 honestamente
1106 1303 1209 1346 fuor
1244 1303 1363 1347 della
1399 1303 1701 1360 Compagnia,
1731 1318 1824 1347 non
1845 1307 1994 1347 tamen

355 1396 485 1426 come
507 1383 678 1424 huomo
700 1379 746 1424 di
763 1380 929 1437 quella3
955 1386 1001 1424 et
1022 1380 1117 1424 cosi
1139 1379 1341 1424 scriuero
1361 1380 1404 1423 al
1425 1380 1719 1437 prouinciale.

445 1471 486 1513 7.
551 1459 666 1503 Dell’
699 1472 837 1515 opera
862 1457 908 1500 di
941 1457 1074 1514 Spira
1095 1457 1298 1503 scriuero
1325 1457 1480 1501 subito
1503 1458 1545 1501 al
1570 1459 1620 1502 P.
1644 1458 1889 1502 Lamberto
1911 1459 1998 1502 che

355 1539 416 1579 m’
441 1536 554 1580 auisi
577 1550 704 1579 come
725 1537 768 1578 16
790 1548 896 1579 6036
916 1549 1036 1578 vano
1057 1534 1100 1578 al
1121 1541 1350 1591 presente3
1374 1534 1635 1592 imperoche
1658 1538 1717 1578 m'
1742 1536 1801 1579 ha
1823 1535 1951 1578 detto
1967 1534 1998 1578 il

357 1615 410 1657 P.
436 1612 620 1657 Canisio
642 1611 805 1656 essersi
828 1612 1017 1656 alterate
1039 1612 1072 1664 ³,
1097 1611 1218 1668 dopo
1240 1613 1326 1657 6116
1348 1614 1384 1656 3’
1409 1626 1488 1656 era
1509 1612 1666 1656 scritto
1688 1628 1714 1656 a
1735 1614 1794 1656 V.
1817 1614 1891 1666 Ρ.,
1911 1612 1998 1656 3113

358 1691 506 1746 quale,
546 1689 805 1734 essendomi
827 1689 1088 1742 informatO,
1113 1689 1293 1734 auisaro
1314 1689 1361 1732 di
1389 1690 1540 1746 quello
1568 1691 1653 1734 che
1675 1689 1736 1733 mi
1764 1692 1923 1747 patera
1945 1691 1998 1733 in

355 1769 569 1820 Domin0;
590 1775 636 1810 et
657 1773 820 1823 questo
843 1773 1015 1823 quanto
1032 1767 1119 1810 alla
1141 1767 1304 1811 lettera·
1318 1767 1375 1811 de
1397 1768 1455 1812 V.
1479 1769 1531 1811 P.

444 1846 485 1887 8.
551 1846 585 1887 11
629 1847 681 1888 Ρ.
742 1843 926 1887 Canisio
969 1851 1015 1886 et
1056 1843 1100 1887 io
1141 1843 1439 1888 desideriamo
1479 1844 1807 1901 grandemente
1844 1846 1917 1887 ch’
1962 1844 1995 1888 il

355 1925 408 1966 P.
434 1924 515 1965 Dr.
543 1922 765 1966 Ledesma
787 1921 895 1965 resti
919 1935 1025 1976 qua,
1050 1928 1095 1966 et
1117 1921 1181 1965 lui
1203 1921 1559 1979 simplicemente
1580 1921 1680 1965 dice
1701 1923 1787 1967 che
1808 1922 1833 1965 6
1855 1921 1991 1965 indif—

356 2000 529 2044 ferente
555 1999 591 2042 b:
623 1999 679 2043 de
706 1997 917 2055 raggioni
945 2001 1005 2041 m’
1032 2013 1281 2042 occorrono
1312 2006 1455 2054 tante,
1486 2001 1571 2043 che
1593 1999 1656 2042 mi
1686 1999 1806 2043 dano
1828 2000 1989 2056 grand’
2021 2027 2025 2032 ‚

356 2076 507 2119 animo
523 2076 580 2120 de
602 2075 883 2118 dimandarlo
906 2091 932 2119 a
948 2077 1004 2119 V.
1036 2078 1109 2130 Ρ.,
1135 2077 1300 2133 perche
1322 2075 1369 2119 in
1392 2078 1535 2120 Roma
1557 2091 1649 2120 non
1672 2077 1697 2120 6
1719 2075 1992 2120 necessario:

356 2152 433 2208 qui
454 2154 479 2196 6
502 2159 850 2206 summamente;
875 2153 918 2195 13
940 2167 1032 2195 11011
1056 2153 1145 2210 puo
1167 2153 1356 2198 scriuer'
1375 2167 1483 2197 cosa
1504 2155 1589 2197 che
1613 2152 1680 2196 sia
1703 2153 1744 2197 al
1767 2152 1997 2210 proposito

356 2230 569 2286 (secondo
593 2231 677 2273 che
705 2229 933 2272 iudicamo
966 2233 1099 2275 Mtro.
1142 2230 1328 2275 Canisio
1357 2237 1402 2276 et
1428 2230 1489 2287 io)
1518 2246 1613 2274 non
1645 2230 1932 2274 conoscendo
1954 2230 1996 2274 16

355 2321 461 2350 6036
483 2306 682 2363 presenti
703 2306 748 2349 di
772 2307 1036 2362 Germania,
1062 2308 1256 2352 essendo
1278 2308 1397 2351 fuori
1418 2307 1463 2351 di
1486 2308 1636 2364 quella
1658 2309 1690 2351 ⁴.
1713 2308 1818 2365 Qua
1839 2307 1886 2350 in
1908 2306 1984 2350 Di-

356 2383 480 2440 linga
509 2383 687 2440 puotria
718 2386 856 2428 esser’
890 2384 1037 2428 lettor’
1069 2386 1126 2430 de
1153 2385 1478 2440 controuersie·,
1512 2392 1558 2429 et
1586 2385 1680 2429 cosi
1707 2386 1750 2430 le
1787 2383 1992 2428 scriuiria

353 2461 540 2517 meglio:
581 2460 760 2517 puotria
797 2475 920 2505 esser
948 2462 1203 2507 cancellier'
1241 2469 1287 2506 et
1316 2463 1512 2520 prefetto
1550 2462 1595 2506 di
1623 2461 1777 2518 studij,
1809 2459 1989 2518 puotria

428 2608 448 2635 b
487 2608 532 2643 In
550 2619 675 2654 marg.
699 2607 858 2643 Polanci
882 2619 1016 2643 manu:
1058 2610 1195 2658 Venga
1223 2613 1250 2646 ά
1279 2610 1410 2646 Roma
1427 2623 1454 2658 y
1469 2613 1588 2647 estbse
1604 2622 1654 2646 en
1677 2609 1810 2646 Milan
1828 2611 1905 2645 este
1927 2620 1990 2645 ve-

357 2678 476 2711 rano;
490 2680 514 2713 y
533 2669 696 2714 despuas
709 2669 787 2713 yrci
805 2668 911 2703 Paez
930 2669 950 2703 ό
969 2671 1070 2704 otro.

432 2794 442 2813 ¹
494 2791 558 2827 Cf.
585 2793 787 2839 JANSSEN‚
809 2792 881 2827 loc.
901 2792 985 2839 cit„
1005 2798 1036 2830 t.
1062 2794 1131 2841 IV,
1151 2794 1219 2831 lib.
1239 2796 1273 2843 Ι,
1291 2807 1376 2843 cap.
1397 2804 1487 2832 XVI.

428 2853 443 2872 ²
493 2850 594 2886 Vide
612 2851 727 2897 epist.
747 2850 833 2897 358,
852 2863 891 2886 n.
913 2860 947 2886 2.

428 2910 443 2930 ⁵
493 2909 730 2944 Geusiorum
748 2911 1062 2956 perturbationes
1080 2911 1144 2948 hic
1163 2912 1325 2950 indicari
1341 2912 1539 2958 videntur,
1555 2911 1595 2948 id
1612 2912 1799 2959 temporis
1816 2913 1992 2948 obortae.

429 2969 444 2989 ⁴
494 2968 640 3003 Eadem
658 2968 722 3003 die
741 2968 786 3003 23
805 2970 931 3004 Martii
950 2971 1105 3017 scripsit
1121 2972 1303 3009 Canisius
1327 2971 1494 3018 Borgiae
1517 2971 1567 3007 de
1590 2971 1637 3007 P.
1669 2971 1873 3015 Ledesma‚
1902 2970 1991 3018 «qui

357 3028 465 3073 (sunt
483 3026 631 3063 Canisii
650 3029 784 3071 verba)
803 3033 884 3063 tum
904 3028 942 3063 in
962 3029 1186 3076 scribendo,
1213 3037 1295 3067 tum
1322 3031 1362 3067 in
1384 3030 1575 3076 docendo,
1602 3041 1837 3077 magnopere
1851 3029 1991 3076 juvare

358 3091 491 3133 posset
509 3086 607 3121 hanc
625 3086 804 3122 afflictam
822 3088 1098 3133 provinciam.»
1117 3091 1175 3126 Ex
1193 3096 1344 3138 autogr.
1365 3090 1405 3126 in
1425 3090 1556 3138 Epist.
1583 3089 1755 3132 Canisii,
1775 3090 1827 3135 11,
1846 3101 1884 3124 n.
1907 3088 1988 3124 166.
