2228 3548
399 288 467 325 322
909 285 1047 320 Emsr.
1074 282 1120 318 P.
1146 281 1418 327 Nixon-455

354 390 537 436 edificar
558 388 707 443 quella
729 393 849 431 torre
869 383 1142 437 babilonica‚
1168 385 1225 427 V.
1252 384 1306 426 R.
1341 385 1462 427 stara
1489 391 1741 440 preuenuto
1772 399 1853 441 per
1885 384 1979 429 fare

355 466 502 523 quello
540 466 624 507 che
646 465 774 521 potra
801 476 881 519 per
908 460 1160 505 confundet
1186 460 1229 504 le
1249 458 1407 516 lingue
1428 459 1541 504 loro.
1567 460 1614 505 S'
1649 461 1675 504 ἑ
1705 463 1848 505 anche
1879 476 1978 505 mo—

354 549 493 586 strata
508 542 537 584 l’
558 542 672 585 altra
688 554 821 596 sopra
838 539 869 582 il
885 537 1070 595 negotio
1091 537 1135 579 d’
1157 536 1407 589 Olomutio,
1426 543 1534 591 etc.‚
1554 537 1653 581 etsi
1673 539 1840 582 hauera
1857 539 1976 583 uisto

353 621 395 662 la
416 620 569 662 buona
595 616 832 674 diligentia
868 616 914 658 di
945 616 1003 659 V.
1039 616 1093 658 R.
1130 614 1176 657 in
1208 613 1390 658 obedire
1422 628 1448 656 a
1479 615 1574 659 Sua
1609 615 1800 660 Santita.
1843 618 1974 661 Buon

354 710 490 751 opera
512 696 570 737 ha
593 695 708 736 fatto
732 694 789 737 V.
816 694 871 736 R.
898 691 945 734 in
968 692 1034 735 far
1055 690 1404 751 raccomandare
1426 705 1452 733 a
1473 690 1561 734 Dio
1582 692 1640 735 N.
1666 693 1713 737 S.
1739 693 1781 736 16
1802 707 1907 738 cose
1928 693 1974 736 di

354 771 561 825 Fiandra3
587 784 677 826 qua
699 769 833 814 etiam
855 769 896 813 le
917 770 1111 813 hauemo
1132 767 1492 821 raccomandate,
1517 774 1562 811 et
1581 782 1705 825 pare,
1724 771 1923 814 secondo
1944 770 1976 814 11

354 847 498 892 ultimi
521 847 651 899 auisi,
677 849 762 890 che
782 846 824 890 le
846 860 952 890 cose
980 844 1146 888 uadino
1174 858 1335 888 manco
1367 845 1501 898 male,
1531 851 1577 889 et
1603 845 1840 890 dobbiamo
1871 862 1975 904 spe-

354 940 452 968 rare
475 926 560 969 che
582 938 669 967 con
691 924 735 966 la
756 930 927 966 uenuta
948 923 1005 966 de
1027 923 1121 967 Sua
1144 923 1316 965 Maesta
1337 921 1380 966 le
1401 921 1575 965 aiutara
1594 923 1739 967 anche
1759 922 1977 979 pif11ddio

353 1004 410 1046 N.
437 1003 505 1056 S.,
532 1007 577 1046 et
599 1000 749 1044 insino
775 1000 849 1043 all’
873 1001 984 1043 hora
1006 1014 1097 1042 non
1119 1013 1226 1056 pare
1249 1000 1349 1042 sara
1372 1005 1531 1054 troppo
1558 991 1811 1042 necessaria
1836 1000 1867 1042 l'
1895 1015 1977 1044 an-

353 1080 459 1123 data
480 1078 526 1122 di
549 1079 605 1122 V.
633 1079 687 1121 R.
712 1077 760 1120 in
782 1076 921 1133 quelli
942 1076 1065 1132 paesi
1093 1075 1262 1119 subditi
1291 1075 1334 1119 al
1362 1091 1426 1128 re,
1458 1076 1633 1120 benche
1661 1075 1699 1119 si
1731 1077 1978 1134 trattenghi

353 1156 475 1212 negl'
500 1154 601 1198 altri
622 1153 784 1211 luoghi
805 1154 922 1196 della
942 1152 1168 1210 prouintia
1189 1153 1262 1196 del
1283 1154 1459 1205 Rheno,
1485 1167 1512 1196 o
1533 1152 1686 1208 etiam,
1705 1153 1743 1196 si
1764 1154 1930 1211 meglio
1946 1155 1977 1198 li

352 1232 521 1289 paressi
542 1238 587 1277 et
610 1230 844 1275 auanzassi
866 1236 1032 1286 tempo,
1052 1229 1208 1273 intrasi
1230 1229 1276 1272 in
1297 1229 1503 1273 Francia.
1530 1231 1623 1274 Pur
1644 1230 1675 1273 il
1696 1236 1847 1288 tempo
1869 1238 1913 1277 et
1934 1232 1976 1277 16

353 1323 461 1353 cose
482 1309 643 1352 istesse
663 1307 997 1364 insegnaranno
1019 1307 1123 1362 quel
1144 1308 1228 1351 che
1249 1306 1328 1362 pisi
1349 1306 1586 1351 conuiene.
1621 1308 1855 1352 Passando
1872 1310 1976 1354 Sua

354 1387 543 1438 Maesta,
568 1398 843 1441 passaranno
865 1385 1008 1427 anche
1030 1382 1180 1426 alcuni
1202 1384 1259 1428 de
1280 1383 1294 1425 i
1322 1383 1480 1439 nostri,
1504 1385 1678 1428 benche
1700 1399 1792 1428 non
1812 1387 1838 1429 6
1859 1384 1975 1430 riso—

352 1462 454 1507 luto
470 1461 616 1505 insino
638 1461 800 1505 adesso
822 1459 979 1516 quanti
1000 1474 1027 1503 0
1050 1459 1185 1516 quali.

443 1551 484 1583 2.
549 1540 637 1582 Per
658 1537 689 1580 li
711 1537 887 1582 defunti
908 1536 953 1579 di
976 1538 1175 1581 Treuere
1195 1536 1234 1580 si
1255 1551 1367 1581 sono
1391 1537 1501 1582 fatte
1522 1538 1564 1582 le
1586 1538 1777 1583 orationi
1792 1546 1838 1583 et
1854 1539 1976 1584 dette

353 1616 394 1660 le
415 1630 560 1659 messe
582 1615 728 1667 solite,
754 1621 800 1659 et
821 1614 858 1657 si
880 1614 1069 1657 diranno
1091 1628 1170 1670 per
1197 1613 1334 1670 quelli
1364 1616 1449 1659 che
1476 1614 1522 1658 di
1553 1630 1707 1659 nuouo
1736 1616 1977 1661 habbiamo
2014 1667 2017 1670 .

353 1692 498 1737 inteso
534 1691 672 1735 habbi
708 1690 932 1735 chiamato
968 1691 1094 1734 Iddio
1131 1692 1188 1736 N.
1221 1691 1271 1736 S.
1302 1692 1363 1736 Se
1393 1692 1542 1747 quella
1569 1692 1678 1736 citta
1705 1693 1750 1736 di
1779 1694 1977 1739 Treuere

353 1769 485 1814 stessi
506 1771 624 1813 male
645 1768 691 1812 di
713 1775 855 1825 peste,
881 1770 937 1812 V.
966 1770 1019 1812 R.
1044 1770 1172 1825 potra
1195 1768 1241 1812 in
1263 1769 1470 1813 ausentia
1492 1770 1573 1813 far’
1598 1771 1748 1826 quello
1776 1772 1863 1815 che
1890 1771 1928 1814 si
1955 1778 1976 1800 a

353 1848 498 1903 potra,
523 1860 615 1889 non
636 1845 675 1889 si
697 1846 927 1890 mettendo
948 1845 994 1888 in
1022 1845 1219 1902 pericolo
1247 1846 1457 1889 andando
1487 1845 1534 1889 in
1562 1861 1767 1904 persona.
1799 1849 1904 1892 Non
1935 1848 1974 1892 si

354 1923 575 1966 trouando
597 1923 714 1967 bene
735 1921 766 1964 il
789 1924 841 1966 Ρ.
867 1922 1084 1967 Ximenez
1105 1937 1191 1966 con
1219 1923 1249 1965 l'
1274 1923 1416 1966 uffitio
1439 1924 1781 1968 raccomandato
1803 1924 1850 1968 in
1872 1927 1973 1970 Mo-

353 1999 531 2053 nachio,
557 2001 616 2042 ha
637 2000 748 2043 fatto
770 1999 886 2042 bene
908 2001 965 2043 V.
991 2001 1042 2044 R.
1065 1999 1123 2044 de
1143 1999 1401 2057 repigliarlo
1422 1999 1469 2043 in
1496 2015 1579 2044 sua
1609 2001 1894 2058 compagnia;
1927 2009 1973 2048 et

354 2076 385 2119 il
408 2076 582 2121 fratello
599 2076 775 2134 Jacobo
799 2077 870 2119 col
893 2078 945 2119 P.
972 2076 1114 2120 Mario
1131 2083 1367 2133 potranno,
1387 2092 1515 2121 come
1531 2078 1556 2121 e
1572 2077 1618 2120 di
1634 2092 1788 2134 sperar
1804 2078 1851 2122 in
1867 2079 1970 2134 Dio,

353 2155 435 2196 far'
460 2153 652 2209 qualche
674 2167 780 2196 cosa
800 2152 846 2194 di
867 2154 1034 2196 buono.
1060 2153 1137 2197 Gli
1158 2160 1253 2198 otto
1275 2154 1463 2210 giouani
1491 2155 1696 2198 tudeschi
1724 2155 1972 2210 arriuorno,

354 2236 400 2274 et
421 2230 532 2273 duoi
554 2244 581 2273 0
604 2236 671 2273 tre
698 2229 744 2272 di
771 2229 865 2272 loro
893 2231 1045 2273 hanno
1074 2232 1247 2275 hauuto
1274 2231 1331 2274 da
1359 2232 1454 2276 fare
1481 2246 1567 2275 con
1598 2232 1640 2275 la
1676 2232 1904 2287 infirmita;
1938 2234 1976 2278 si

354 2321 470 2350 sono
492 2320 579 2363 pur
600 2305 814 2360 rihauuti‚
839 2305 883 2348 in
906 2306 1035 2350 fuora
1056 2307 1102 2350 di
1119 2309 1154 2351 F
1157 2307 1419 2362 erdinando,
1439 2307 1470 2351 il
1486 2308 1617 2364 quale
1633 2315 1703 2354 sta
1720 2312 1863 2354 anche
1879 2325 1976 2355 me-

354 2384 462 2440 glio.
487 2385 651 2440 Doppo
673 2383 768 2426 loro
791 2382 938 2426 arriuo
960 2383 1200 2428 Giouanne
1220 2384 1483 2440 viennense,
1503 2392 1549 2430 et
1565 2386 1602 2430 si
1619 2387 1785 2430 uedera
1801 2387 1832 2430 l’
1850 2387 1974 2432 aiuto

353 2461 437 2503 che
458 2459 489 2502 li
511 2461 639 2516 potra
660 2459 767 2503 dare
787 2459 830 2503 la
851 2460 1130 2515 probatione3
1155 2468 1201 2506 et
1221 2461 1253 2504 il
1273 2461 1416 2506 simile
1437 2462 1476 2505 si
1497 2464 1593 2507 fara
1607 2477 1693 2506 con
1714 2463 1830 2516 altri,
1851 2465 1971 2520 quali

352 2535 630 2581 intendiamo
646 2550 770 2580 esser
786 2536 984 2579 mandati
1000 2537 1057 2581 da
1074 2539 1130 2582 V.
1151 2539 1226 2593 R.,
1247 2539 1421 2582 benche
1439 2553 1529 2582 non
1545 2554 1659 2583 sono
1675 2554 1840 2584 ancora
1855 2541 1972 2585 arri-

353 2612 462 2656 uati.
484 2614 606 2657 Vero
623 2613 648 2656 e
664 2614 749 2657 che
770 2611 802 2655 11
825 2614 876 2655 Ρ.
903 2613 1016 2657 Ruiz
1041 2615 1052 2636 ¹
1076 2630 1166 2658 non
1184 2614 1366 2672 giudica
1383 2622 1542 2673 troppo
1557 2615 1790 2672 spediente
1808 2625 1971 2675 metter

353 2688 485 2732 simili
504 2689 635 2734 uechi
652 2688 698 2732 in
716 2689 985 2746 compagnia
1007 2691 1112 2734 delli
1128 2692 1284 2746 nuoui‚
1305 2699 1349 2737 et
1365 2680 1459 2736 cosi
1475 2691 1688 2736 habitano
1705 2695 1834 2738 fuora
1854 2695 1973 2740 della

353 2765 634 2821 probatione,
659 2766 834 2809 benche
857 2773 975 2809 sotto
997 2767 1039 2811 la
1061 2782 1170 2812 cura
1190 2769 1263 2812 del
1285 2775 1454 2813 mastro
1475 2769 1522 2812 di
1542 2769 1718 2826 nouitij.
1745 2772 1972 2816 Hauendo

353 2842 550 2886 arriuato
573 2842 637 2886 fin
659 2842 752 2897 qui,
777 2841 937 2898 gionse
959 2845 1091 2888 Mtro.
1125 2847 1340 2901 Marquez
1363 2860 1449 2890 con
1470 2845 1576 2891 duoi
1598 2848 1856 2905 compagni.

424 2949 443 2970 a
482 2943 568 2978 Hoc
585 2943 701 2979 verb.
724 2953 839 2989 supra
857 2954 963 2979 vers.
987 2943 1135 2981 addidit
1152 2946 1245 2982 libr.

424 3028 433 3047 ¹
485 3026 708 3072 Alphonsus
725 3025 838 3070 Ruiz,
858 3026 1041 3072 magister
1059 3028 1292 3065 novitiorum
1311 3028 1350 3066 in
1368 3029 1483 3066 domo
1500 3030 1674 3078 professa
1687 3032 1852 3069 Romae.
1871 3032 1974 3069 SAC-

350 3085 614 3131 CH1NUS,loe.
637 3085 727 3127 cit.‚
748 3084 817 3121 lib.
844 3085 895 3131 11,
914 3097 956 3121 n.
983 3087 1043 3123 16.
