2228 3548
409 278 455 324 34
926 272 1064 308 Emsr.
1093 268 1139 304 P.
1166 265 1433 304 NADAL-361

363 397 414 427 se
429 382 486 425 V.
515 380 568 422 P.
594 390 643 420 se
665 380 880 420 contenta
911 380 946 416 ⁰.
972 371 1175 416 Anchor'
1200 367 1407 413 desidero
1429 370 1566 412 esser’
1586 368 1762 412 auisato
1783 368 1841 412 da
1858 369 1915 412 V.
1942 369 1994 412 P.

362 473 412 503 se
433 459 492 500 ho
513 455 570 498 da
593 453 747 497 andar'
773 451 820 494 in
839 449 1016 501 Prusia,
1041 446 1280 505 pereioche
1302 459 1395 489 non
1412 445 1474 488 mi
1490 446 1538 488 fu
1559 444 1817 503 significato
1838 459 1888 490 se
1904 459 1996 488 non

362 536 408 578 in
429 546 598 590 genere
619 530 665 573 di
687 528 861 572 uisitar'
886 527 929 570 le
949 539 978 581 4
1000 523 1250 582 prouincie.
1277 524 1324 567 Io
1346 523 1515 567 andaro
1536 522 1595 576 la,
1620 538 1670 568 se
1690 524 1805 568 altro
1826 537 1919 567 non
1934 522 1997 566 mi

360 610 507 656 scriue
529 610 586 653 V.
615 610 687 659 Ρ.,
720 606 886 663 perche
915 618 1023 661 pare
1060 604 1146 647 che
1176 615 1269 644 non
1289 605 1479 657 possum
1508 602 1768 657 praeterire
1800 601 1879 644 illa
1907 600 1996 643 duo

359 688 546 744 collegia
572 683 609 737 ἃ,
636 691 680 729 et
702 682 908 736 insieme,
940 693 1073 725 come
1100 678 1177 736 gia
1202 679 1262 722 ho
1294 677 1468 731 scritto,
1500 678 1558 722 V.
1584 679 1638 722 P.
1669 677 1731 722 mi
1758 677 1874 722 faeci
1895 677 1995 722 aui-

358 780 459 810 sare
475 778 523 807 se
540 764 599 805 ho
617 762 674 804 da
697 758 913 804 offerirmi
930 773 956 802 a
978 759 1027 804 S.
1054 759 1115 802 M.
1138 770 1217 813 per
1234 756 1388 799 andar'
1408 755 1455 799 in
1473 762 1634 812 questa
1650 770 1818 814 guerra
1833 757 2016 801 demto·-

359 857 388 886 o
411 840 528 884 fuori
550 838 594 882 di
618 838 813 883 Vienna.

455 930 520 972 13.
588 915 717 960 Hieri
741 915 788 960 S.
823 915 886 958 M.
919 914 1129 972 (essendo
1167 921 1285 959 stata
1313 915 1536 970 occupata
1562 911 1711 969 questi
1738 911 1889 970 giomi
1911 925 1998 956 con

360 996 404 1040 le
424 995 590 1037 intrate
613 999 657 1037 et
680 990 911 1037 audientie
933 990 979 1034 di
1012 990 1161 1047 questi
1198 991 1403 1049 principi)
1433 990 1494 1034 mi
1532 990 1696 1034 mando
1718 1004 1745 1034 a
1780 989 1994 1033 chiamar'

361 1086 440 1129 per
461 1069 605 1114 darmi
627 1069 874 1122 audientia,
899 1075 945 1112 et
967 1069 1160 1113 essendo
1182 1069 1301 1113 nella
1329 1083 1412 1112 sua
1435 1067 1729 1122 anticamera,
1754 1080 1894 1110 erano
1915 1080 1999 1110 ue-

361 1156 472 1193 nute
493 1149 652 1192 lettere
680 1147 738 1190 de
767 1145 986 1203 Spagnia,
1018 1153 1064 1190 et
1094 1145 1331 1203 agiontoui
1358 1147 1416 1190 da
1444 1147 1492 1191 S.
1525 1147 1588 1190 M.
1613 1145 1646 1188 il
1673 1146 1818 1189 ducea
1838 1144 1884 1188 di
1907 1147 1997 1190 Ba-

364 1226 488 1270 uiera
514 1227 542 1278 ¹,
568 1231 613 1268 et
635 1224 730 1268 cosi
752 1223 918 1267 mando
941 1238 968 1266 a
989 1222 1085 1267 dire
1112 1238 1194 1280 per
1220 1222 1252 1266 il
1288 1223 1530 1268 secretario
1562 1223 1816 1280 spagnuolo
1837 1221 1998 1280 queste

363 1303 531 1360 parole:
562 1300 693 1345 «Dite
716 1301 759 1344 al
782 1300 931 1345 Padre
953 1302 1038 1344 che
1061 1300 1122 1343 mi
1150 1301 1350 1357 perdone
1379 1300 1629 1358 (ripetendo
1651 1308 1811 1356 queste
1838 1300 1998 1346 istesse

364 1379 516 1437 parole
537 1379 627 1422 due
650 1377 801 1433 uolte)
825 1379 910 1422 che
931 1376 992 1420 mi
1014 1376 1134 1422 tiene
1156 1384 1351 1434 ocupato
1379 1377 1409 1420 il
1437 1378 1597 1431 ducca,
1633 1385 1679 1423 et
1705 1378 1885 1424 dimane
1906 1379 1999 1423 dite

365 1471 391 1501 a
414 1459 718 1510 Proscotzque
742 1455 843 1512 (che
863 1455 889 1498 e
909 1453 941 1497 il
963 1454 1225 1511 camariero)
1248 1456 1331 1498 che
1355 1470 1425 1499 me
1447 1455 1491 1498 lo
1517 1455 1660 1499 faccia
1687 1455 1928 1511 ricordare3
1954 1464 2000 1502 et

366 1534 459 1577 cosi
481 1532 736 1589 aspettiano
759 1532 848 1575 co'l
869 1531 998 1593 diuin
1021 1529 1194 1585 fauore,
1219 1533 1360 1576 molto
1381 1539 1511 1589 grata
1537 1533 1758 1578 audienza
1778 1534 1836 1578 da
1857 1534 1907 1580 S.
1933 1536 1997 1579 M.

367 1624 594 1655 caesarea.

464 1700 530 1742 14.
596 1688 671 1730 Ho
689 1685 873 1730 uisitato
890 1685 922 1729 il
939 1686 1114 1731 decano
1131 1693 1177 1731 et
1197 1685 1228 1730 il
1243 1686 1472 1744 preposito
1493 1688 1536 1731 d'
1563 1696 1775 1746 augusta,
1796 1688 1810 1732 i
1833 1689 1953 1746 quali
1982 1696 2000 1717 θ

368 1765 407 1808 si
432 1779 543 1808 sono
565 1763 713 1807 offerti
734 1764 876 1806 molto
898 1770 986 1808 etc.

463 1852 529 1896 15.
594 1841 684 1885 Noi
706 1839 896 1884 estiamo
918 1842 1036 1886 bene
1065 1841 1171 1884 tutti
1191 1855 1280 1885 con
1303 1842 1346 1885 la
1375 1842 1530 1886 diuina
1552 1843 1715 1900 gratia,
1751 1850 1797 1889 et
1824 1858 1875 1889 se
1898 1858 2001 1900 pre-

370 1918 584 1976 pariamo,
606 1933 654 1962 se
670 1932 751 1974 per
767 1925 889 1962 sorte
905 1933 954 1962 se
977 1918 1151 1962 trattasi
1172 1919 1230 1964 de
1251 1918 1470 1976 religione
1490 1919 1538 1963 in
1555 1928 1714 1976 questa
1730 1920 1866 1974 dieta,
1886 1922 2001 1965 ben—

371 1996 457 2040 che
479 2010 568 2038 non
591 1995 628 2039 si
657 2009 800 2052 spera.
838 1995 956 2040 Nelli
985 1996 1104 2040 santi
1140 1995 1346 2053 sacrificij
1380 2003 1425 2041 et
1457 1997 1647 2041 orationi
1673 1998 1730 2042 de
1767 1999 1824 2043 V.
1858 2000 1933 2053 Ρ.,
1957 2006 2003 2043 et

372 2072 478 2117 delli
514 2073 614 2116 Rdi.
659 2072 794 2116 Padri
831 2072 1075 2128 assistenti,
1115 2074 1187 2118 del
1228 2075 1279 2118 P.
1319 2075 1537 2128 >Polanco‚
1577 2082 1622 2120 et
1659 2076 1712 2119 P.
1755 2075 1948 2130 Madrid,
1973 2076 2005 2120 il

374 2152 427 2193 P.
455 2151 690 2203 Ledesma,
717 2149 939 2194 Ximenez
961 2157 1006 2194 et
1027 2150 1087 2204 io,
1113 2165 1200 2195 con
1223 2151 1329 2195 tutti
1361 2151 1392 2194 li
1414 2151 1515 2195 altri
1537 2154 1622 2198 che
1643 2152 1771 2197 siano
1794 2168 1899 2210 qua,
1923 2154 2005 2199 de-

373 2226 610 2270 sideriamo
632 2228 771 2270 molto
793 2241 916 2271 esser
933 2227 1239 2272 racomandati
1256 2229 1299 2272 al
1316 2228 1527 2286 Signore.
1550 2230 1644 2275 Sua
1660 2229 1816 2274 diuina
1831 2232 2006 2276 Maesta

375 2318 454 2359 per
476 2305 518 2347 la
540 2319 622 2348 sua
644 2303 821 2347 infinita
843 2303 1149 2349 misericordia
1169 2305 1210 2349 ci
1232 2305 1306 2349 dia
1326 2306 1370 2350 la
1391 2320 1473 2350 sua
1495 2307 1753 2352 abondante
1780 2307 1927 2364 gratia
1947 2307 2005 2352 da

375 2394 625 2437 cognoscet
646 2394 823 2437 sempre
850 2388 896 2425 et
932 2383 1277 2438 perfettamente
1315 2383 1531 2441 adimpire
1567 2385 1610 2428 la
1638 2399 1721 2429 sua
1748 2384 2005 2429 santissima

376 2457 574 2501 volonta.
601 2459 766 2501 Amen.
796 2458 857 2501 D'
887 2459 1115 2516 Augusta,
1147 2459 1221 2503 alli
1250 2473 1304 2516 23
1327 2461 1384 2506 de
1412 2463 1566 2506 Marzo
1608 2462 1734 2517 1566.
1765 2463 1823 2506 D.
1861 2463 1918 2507 V.
1945 2463 1999 2506 P.

377 2548 511 2578 seruo
533 2549 590 2579 en
612 2533 713 2588 X.⁰‚

1457 2619 1487 2677 †
1517 2621 1702 2664 NADAL.
1739 2620 1768 2678 †

469 2762 710 2817 Inscriptio
732 2764 783 2806 in
805 2768 971 2819 quarta
986 2768 1184 2823 pagina:
1199 2769 1331 2826 Jhus.
1358 2768 1418 2811 Al
1440 2767 1580 2810 molto
1609 2767 1722 2811 Rdo.
1756 2768 1904 2813 Padre
1925 2783 2010 2812 no-

451 2903 469 2923 c
513 2897 557 2932 In
575 2909 701 2944 marg.
725 2898 884 2935 Polanci
908 2912 1042 2937 manu:
1068 2903 1286 2939 Remittase
1309 2906 1335 2939 ά
1359 2903 1409 2946 el,
1436 2915 1462 2949 y
1479 2914 1526 2938 su
1544 2903 1685 2939 desefio
1703 2907 1849 2951 parece
1866 2905 2010 2943 bueno.

382 2974 411 2981 υ
431 2954 451 2982 d
471 2955 668 2992 Indicatur
685 2957 724 2993 in
743 2957 918 3004 margine
936 2961 1138 3007 responsio
1155 2962 1372 2999 danda.-—e
1401 2962 1586 3010 Archet.‚
1607 2964 1738 3009 quale.

458 3082 469 3103 ²
520 3080 706 3117 Albertus
726 3083 774 3118 V.
