2228 3548
960 311 1001 340 11
1028 303 1184 342 Man-ru
1211 305 1303 351 1567
1827 316 1899 354 405

311 402 447 446 harto
466 403 657 461 peligro.
682 405 758 448 Ho
779 405 938 450 scritto
967 405 1121 450 subito
1150 406 1194 450 al
1223 408 1277 450 P.
1309 407 1517 460 Costero,
1547 407 1944 464 viceprouinciale,

248 539 250 541 Ι
311 479 403 523 che
423 480 539 524 veda
557 479 604 524 di
625 481 835 527 ordinare
849 484 935 527 che
954 482 1074 527 colui
1095 497 1189 528 non
1209 483 1248 528 si
1269 490 1411 529 metta
1431 483 1479 527 in
1500 491 1628 528 tanto
1650 484 1841 542 peligro;
1860 484 1948 529 im-

319 557 514 612 peroche
529 556 609 611 lui,
627 572 755 603 come
771 558 817 602 di
832 558 911 616 pitz
932 573 1132 617 apresso,
1150 560 1313 618 puotra
1329 560 1500 618 meglio
1518 562 1672 606 ueder'
1691 562 1844 618 quello
1861 563 1948 608 che

320 631 400 690 pisi
419 635 655 679 conuerra.

409 721 451 754 2.
514 711 603 756 Gia
619 713 787 757 hauera
824 712 987 771 saputo
1014 714 1058 758 la
1087 715 1139 758 Ρ.
1173 714 1231 758 V.
1271 714 1424 772 quello
1460 717 1545 759 che
1582 715 1612 758 il
1628 733 1634 742 ·
1649 717 1702 771 P.
1743 716 1949 761 Antonio

319 786 488 832 Winch
514 790 525 810 ¹
548 791 607 833 ha
627 791 739 834 fatto
760 789 807 834 in
828 790 974 848 Spira3
998 805 1025 835 a
1046 805 1120 837 me
1139 790 1201 834 mi
1221 806 1328 848 pare
1349 792 1414 849 (se
1436 793 1479 835 la
1502 793 1555 835 P.
1582 793 1640 836 V.
1675 793 1811 838 uuole
1838 807 1946 838 sen-

315 862 403 908 tire
423 871 445 893 ⁸
469 852 501 908 ii
518 866 606 910 mio
635 866 848 924 giudicio)
876 869 962 912 che
989 882 1068 925 per
1093 868 1254 912 adesso
1280 883 1376 912 non
1401 868 1441 912 si
1461 870 1520 913 ha
1547 883 1575 912 a
1604 869 1862 924 emendare,
1887 870 1946 914 ne

316 941 411 986 fare
430 942 544 987 altra
565 957 671 988 cosa
696 958 783 988 con
804 944 868 1002 gli
904 943 1111 1002 spirensi.
1151 945 1255 989 Co’l
1288 951 1441 1002 tempo
1475 959 1608 1002 spero
1644 947 1730 989 che
1765 952 1885 991 tutte
1900 946 1945 991 le

312 1031 423 1063 cose
442 1018 481 1062 si
501 1027 724 1076 puotrano
745 1022 883 1065 molto
904 1021 1110 1079 giouare,
1134 1028 1181 1066 et
1200 1022 1511 1079 augmentarsi
1532 1021 1562 1064 il
1584 1022 1777 1079 collegio
1798 1037 1884 1067 con
1901 1023 1946 1066 la

312 1095 464 1151 gratia
483 1097 556 1140 del
577 1097 789 1154 signore,
820 1104 867 1142 et
888 1097 983 1142 cosi
1004 1097 1066 1141 mi
1091 1112 1199 1155 pare
1234 1080 1321 1142 dhe
1341 1098 1384 1142 la
1406 1100 1459 1142 P.
1500 1099 1558 1142 V.
1584 1099 1628 1141 lo
1666 1100 1756 1156 puo
1776 1100 1945 1144 confir-

319 1185 458 1226 mare,
482 1175 648 1230 perche
668 1174 980 1218 confidandosi
999 1174 1046 1218 di
1066 1181 1228 1231 questo
1247 1174 1287 1218 si
1306 1189 1421 1219 sono
1441 1174 1630 1235 obligati
1651 1177 1686 1219 '.

410 1263 451 1306 3.
517 1250 651 1295 Circa
670 1251 820 1307 quello
840 1253 913 1295 ch'
930 1251 988 1296 io
1013 1251 1223 1296 scriueua
1255 1251 1565 1296 ultimamente
1591 1253 1679 1296 alla
1701 1254 1755 1296 P.
1781 1254 1839 1298 V.
1870 1255 1944 1300 del

316 1327 515 1386 collegio
535 1327 581 1371 di
603 1327 796 1384 Treuiri,
814 1331 874 1372 m'
898 1330 957 1372 ha
977 1328 1137 1374 scritto
1155 1329 1189 1372 il
1209 1331 1265 1374 P.
1286 1329 1512 1383 Antonio,
1535 1331 1620 1374 che
1642 1330 1685 1375 la
1705 1330 1944 1386 questione

319 1418 411 1449 non
431 1406 458 1449 e
472 1405 530 1449 de
551 1405 648 1450 Sta.
675 1406 891 1460 Barbara,
913 1419 989 1450 ma
1006 1407 1053 1450 d'
1071 1405 1178 1451 altri
1197 1405 1324 1450 feudi
1344 1406 1418 1450 del
1440 1406 1686 1452 medesimo
1713 1415 1944 1452 monaste-

316 1481 396 1527 rio.
422 1483 467 1526 A
488 1497 560 1527 me
579 1481 642 1526 mi
658 1482 757 1528 dise
775 1482 807 1526 il
828 1482 1088 1536 redituario,
1113 1485 1198 1528 che
1219 1497 1297 1528 era
1316 1497 1450 1540 sopra
1471 1484 1567 1529 Sta.
1591 1485 1805 1529 Barbara.
1826 1485 1943 1529 Tut-

316 1557 452 1612 tavia,
465 1573 516 1604 se
531 1559 569 1603 si
585 1573 738 1616 puono
754 1561 921 1605 hauere
936 1561 1097 1606 lettere
1113 1559 1431 1604 comendatitie
1444 1574 1523 1617 per
1539 1561 1582 1604 la
1598 1567 1724 1606 corte
1733 1561 1790 1605 de
1803 1563 1944 1605 Brus-

312 1635 440 1690 selle,
464 1635 503 1680 si
523 1636 685 1693 puotra
714 1636 810 1682 dire
831 1638 882 1680 in
913 1651 1086 1695 genere
1121 1636 1168 1680 di
1193 1644 1318 1682 certe
1353 1651 1459 1681 cose
1493 1637 1567 1682 del
1595 1637 1871 1682 monasterio
1887 1639 1944 1682 de

315 1713 416 1757 Sta.
442 1714 656 1758 Barbara.
1404 1701 1427 1720 χ

405 1802 448 1845 4.
513 1790 560 1834 Io
581 1798 652 1834 sto
672 1791 792 1836 nella
829 1790 962 1835 visita
988 1791 1046 1835 de
1081 1797 1242 1847 questo
1278 1790 1489 1848 collegio,
1514 1799 1560 1837 et
1578 1799 1708 1835 trouo
1731 1794 1816 1836 che
1831 1806 1945 1836 sono

317 1866 436 1930 assai
457 1867 636 1924 grauati
657 1869 761 1912 nell'
781 1867 1007 1921 instituto,
1032 1882 1111 1924 per
1138 1875 1274 1911 conto
1300 1868 1418 1912 della
1438 1868 1702 1914 vniuersita.
1739 1870 1797 1912 Et
1817 1875 1944 1914 certo

316 1943 347 1986 li
369 1945 521 1988 hanno
542 1951 727 1989 trattato
747 1946 887 1989 molto
909 1946 1024 1990 male
1053 1944 1183 2001 peril
1209 1951 1406 2002 passam,
1435 1952 1482 1990 et
1509 1954 1642 1989 stano
1669 1960 1835 1990 ancora
1861 1960 1945 1989 an·

314 2021 494 2077 gariati:
518 2036 611 2066 non
631 2037 783 2079 puono
804 2024 991 2080 leggere
1012 2021 1336 2078 metaphysica,
1361 2023 1419 2067 ne
1433 2023 1597 2075 ethica,
1618 2024 1675 2066 ne
1692 2024 1942 2068 mathema·

316 2097 422 2142 tica.
445 2098 523 2143 Gli
544 2101 696 2143 hanno
719 2100 918 2143 sforzato
945 2114 971 2142 a
994 2098 1181 2143 lasciare
1207 2098 1238 2141 l'
1262 2098 1420 2143 ultima
1440 2100 1610 2143 schola:
1637 2106 1683 2144 et
1709 2100 1944 2156 pensando

312 2176 401 2219 che
422 2176 632 2220 hauendo
653 2175 901 2219 conuittori
918 2174 1216 2232 guadagnino
1245 2189 1331 2219 con
1354 2175 1507 2232 quelli,
1537 2178 1691 2219 hanno
1719 2190 1941 2233 augmen-

316 2258 412 2295 tato
431 2267 493 2295 vn
514 2259 638 2296 terzo
659 2251 735 2308 pisi
757 2251 789 2295 li
809 2251 994 2295 eitadini
1015 2253 1046 2295 l'
1069 2252 1212 2295 affitto
1235 2251 1352 2296 della
1370 2253 1523 2296 bursa.
1548 2252 1626 2297 Gli
1653 2253 1807 2298 hanno
1831 2253 1943 2296 fatto

319 2330 597 2384 prometter’,
621 2336 668 2373 et
687 2327 898 2373 etiamdio
925 2327 1123 2385 giurare,
1148 2329 1234 2372 che
1253 2327 1503 2386 piglierano
1523 2329 1628 2373 dalli
1650 2328 1842 2373 scholari
1862 2330 1945 2374 da-

318 2404 427 2449 nari.
453 2406 510 2448 Et
531 2419 643 2448 sono
664 2405 777 2450 altre
791 2418 912 2458 cose,
931 2406 989 2449 de
1009 2404 1130 2461 quali
1150 2405 1259 2449 dari)
1275 2405 1494 2463 raggione
1514 2405 1562 2449 in
1578 2405 1844 2462 particolare
1860 2407 1947 2450 alla

323 2483 374 2526 P.
404 2483 462 2527 V.
493 2483 612 2526 nella
637 2483 799 2527 lettera
825 2482 943 2526 della
969 2481 1117 2526 visita.
1151 2483 1328 2538 Questo
1347 2483 1497 2527 scriuo
1525 2483 1703 2535 adesso,
1729 2497 1821 2526 non
1847 2482 1946 2527 acio

318 2559 358 2603 si
378 2559 500 2603 dichi
522 2559 675 2605 niente
695 2566 853 2603 contro
870 2574 896 2603 a
917 2559 1083 2615 questi,
1107 2560 1274 2615 perche
1295 2559 1325 2602 l'
1355 2559 1620 2612 uniuersita,
1651 2560 1853 2604 secondo
1874 2559 1946 2603 in-

279 2694 281 2697 v
318 2637 474 2690 tendo,
499 2650 590 2679 non
612 2636 838 2681 uorrebbe
860 2637 1028 2679 hauere
1049 2649 1136 2692 qua
1159 2636 1203 2679 13
1230 2636 1528 2694 Compagnia,
1554 2636 1616 2693 gli
1647 2635 1832 2680 citadini
1853 2650 1947 2680 non

316 2713 363 2756 la
382 2711 646 2767 intendono,
671 2719 733 2767 et,
773 2727 901 2758 come
922 2712 959 2756 si
995 2726 1154 2769 pensa,
1177 2727 1270 2756 non
1291 2711 1330 2757 si
1365 2714 1693 2766 curarebbon03
1719 2720 1765 2756 et
1796 2716 1948 2756 tamen

252 2811 256 2817 ·
316 2803 398 2846 per
419 2789 566 2846 gratia
601 2790 675 2834 del
695 2790 891 2847 Signore
923 2789 961 2833 si
982 2791 1028 2833 fa
1050 2803 1112 2832 un
1148 2803 1264 2846 gran
1285 2790 1441 2844 frutto,
1466 2798 1512 2835 et
1539 2790 1657 2835 nelle
1685 2804 1794 2833 cose
1814 2788 1950 2846 spiri-

388 2907 410 2929 t
447 2901 534 2936 Hoc
551 2902 667 2938 verb.
689 2913 806 2950 supra
823 2912 930 2937 vers.
954 2899 1102 2936 addidit
1119 2899 1213 2937 libr.

393 2993 405 3013 ¹
454 2990 684 3027 Provinciae
699 2990 895 3027 rhenanae
914 2989 1176 3037 praepositus.

318 3068 322 3072 -
391 3051 408 3072 ¹
457 3048 558 3085 Vide
575 3049 693 3097 epist.
717 3059 803 3097 459,
819 3062 863 3086 n.
895 3058 927 3095 1;
953 3049 1038 3095 465,
1062 3060 1128 3085 nn.
1154 3048 1177 3085 3
1200 3054 1241 3086 et
1264 3049 1303 3095 63
1329 3055 1371 3087 et
1392 3049 1564 3097 append.
1596 3049 1666 3094 VI,
1685 3048 1774 3092 VII,
1798 3049 1885 3097 XX,
1911 3054 1954 3085 et

325 3108 531 3145 XXXVII.
