2228 3548
418 280 489 327 432
930 282 1067 318 EPIST.
1095 281 1140 315 P.
1169 279 1414 326 NADAL-47
1420 288 1440 325 5

367 384 485 428 delle
506 397 611 426 cose
640 389 808 426 nostre.
835 384 899 427 La
923 385 979 426 P.
1013 383 1070 426 V.
1102 381 1151 426 lo'
1170 381 1459 425 raccornandi
1490 381 1532 425 al
1553 380 1750 439 Signore
1778 380 1881 426 Dio.
1919 382 2019 426 Pa-

368 461 463 511 dre,
485 474 511 502 a
528 474 600 503 me
621 459 681 501 mi
704 473 924 502 mancano
943 459 1017 516 gisi
1039 458 1071 501 li
1093 457 1224 516 grani
1245 457 1479 503 benedetti
1501 458 1620 503 della
1640 457 1800 516 regina
1817 473 1844 502 o
1862 458 2011 515 impe-

368 535 545 588 ratrice,
581 538 665 580 che
682 538 739 580 V.
765 538 816 579 P.
843 551 915 581 me
936 551 995 581 ne
1017 537 1141 581 dete.
1169 537 1258 580 Per
1273 536 1302 578 1’
1323 550 1447 580 amor
1467 535 1541 581 del
1562 535 1773 593 Signore,
1794 549 1844 579 se
1861 537 1917 579 V.
1946 537 2002 579 P.

366 627 425 656 ne
446 615 519 666 ha,
546 612 605 656 mi
628 613 742 657 sacci
766 613 1008 670 partecipe,
1035 613 1199 670 perche
1226 613 1250 657 ὲ
1274 627 1362 657 vna
1385 627 1500 669 gran
1522 613 1833 658 consolatione
1862 628 1942 670 per
1970 613 2001 656 li

367 690 544 735 fratelli.
578 691 680 734 Non
710 691 825 734 altro
856 705 935 746 per
964 697 1140 746 questa.
1172 689 1291 735 Nelli
1328 690 1446 733 santi
1482 689 1687 746 sacrificij
1727 698 1773 736 et
1808 690 2001 734 orationi

364 769 481 811 della
506 770 556 812 P.
584 770 642 812 V.
668 769 810 811 molto
832 768 870 812 si
892 766 1300 820 raccomandiamo‚
1324 774 1369 812 et
1385 767 1656 813 similmente
1676 767 1724 811 in
1741 767 1878 824 quelli
1895 768 2000 812 delli

368 845 503 889 Padri
525 846 769 899 assistenti,
794 846 867 891 del
899 848 951 889 P.
979 845 1195 899 Polanco,
1221 852 1267 890 et
1297 846 1349 888 P.
1383 843 1621 898 Madridio,
1651 851 1739 889 etc.
1771 846 2005 888 Dominus

363 923 423 964 sit
450 923 696 966 nobiscum.
728 924 800 966 Da
831 922 1037 976 Colonia,
1067 922 1099 965 il
1135 921 1278 979 primo
1307 921 1353 964 di
1388 920 1548 978 Aprile
1585 922 1712 976 1567.
1744 923 1802 966 D.
1845 924 1897 966 P.
1939 923 1996 966 V.

367 1013 503 1043 seruo
524 1015 582 1044 en
606 1001 709 1052 X.⁰‚

1452 1083 1481 1140 †
1513 1082 1700 1126 NADAL.
1737 1081 1766 1140 †

1122 1236 1235 1277 425

799 1311 851 1353 P.
888 1309 1301 1354 HIERONYMUS
1341 1309 1562 1352 NADAL

666 1397 910 1436 SANCTO
956 1396 1304 1434 FRANCISCO
1358 1398 1435 1433 DE
1489 1395 1682 1443 BORJA

717 1484 945 1512 AUGUSTAE
959 1484 1251 1522 TREvmoRmx,
1274 1483 1313 1510 11
1331 1482 1493 1511 APRJLxs
1509 1474 1599 1520 1567
1615 1474 1640 1510 ¹.

358 1567 391 1594 Ι.
415 1558 474 1594 De
491 1558 628 1594 habitu
653 1570 677 1594 a
701 1560 815 1594 sociis
839 1560 882 1595 in
910 1558 1136 1595 Germania
1158 1559 1368 1607 gestando,
1395 1559 1449 1594 ad
1471 1560 1642 1594 mentem
1666 1558 1996 1594 constitutionum

405 1618 629 1654 Societatis.
644 1628 721 1654 —2.
747 1618 927 1666 Optimos
949 1620 1139 1661 doctores,
1158 1621 1236 1666 pro
1259 1618 1420 1665 collegii
1435 1617 1717 1664 herbipolensis
1734 1617 1867 1655 initio.
1883 1617 1997 1653 enixe

403 1675 670 1724 efflagitat.-
678 1686 714 1722 3.
741 1677 824 1712 Pro
853 1677 1128 1724 confutatione
1155 1675 1387 1718 Chemnitii,
1414 1675 1650 1723 opusculum
1669 1675 1823 1710 doctori
1853 1674 1995 1710 Torres

402 1735 652 1771 scribendum
668 1737 946 1772 committitur.
959 1747 1036 1781 -4.
1055 1736 1309 1784 Spirensibus
1323 1738 1436 1772 caute
1450 1734 1717 1771 scribendum:
1733 1736 1850 1782 urget
1858 1737 1994 1781 postu·

399 1795 590 1830 lationem
609 1795 820 1840 facultatis
836 1796 1066 1831 absolvendi
1083 1796 1260 1843 relapsos
1274 1795 1318 1831 in
1334 1794 1547 1831 haeresim:
1561 1794 1608 1830 de
1626 1794 1748 1830 Petro
1761 1793 1992 1830 coloniensi:

400 1855 448 1890 de
464 1866 506 1890 re
518 1855 762 1902 pecuniaria
779 1856 938 1903 collegii
954 1856 1167 1903 Dilingae:
1183 1856 1231 1891 de
1245 1855 1410 1891 novitiis
1422 1854 1593 1889 Romam
1607 1853 1828 1890 mittendis:
1838 1854 1992 1900 gaudet

400 1914 592 1962 Borgiae,
612 1915 655 1949 in
678 1913 902 1950 Germania
911 1914 1116 1961 juvanda,
1135 1915 1326 1963 diligenti
1342 1916 1577 1961 opera.—5.
1601 1912 1773 1949 Decreta
1794 1913 1990 1949 secundae

398 1974 725 2020 congregationis
742 1975 905 2021 accepit:
925 1975 1199 2010 ordinationes
1217 1973 1478 2021 generalium
1505 1973 1685 2020 integras
1706 1972 1847 2008 habere
1864 1972 1989 2018 cupit:

399 2033 548 2068 ardens
562 2032 745 2079 juvandi
773 2032 1038 2069 Germaniam
1063 2034 1309 2070 desiderium
1328 2031 1583 2079 pandit.—6.
1612 2031 1864 2067 Documenta
1887 2031 1988 2066 Bor-

391 2092 536 2138 giana,
557 2093 612 2127 ad
624 2091 911 2139 perfectionem
930 2093 1098 2140 spiritus
1114 2092 1350 2140 spectantia,
1366 2091 1561 2138 postulat.-
1576 2090 1727 2137 scripta
1744 2090 1791 2126 de
1811 2089 1850 2125 S.
1866 2090 1989 2137 Igna-

397 2152 466 2194 tio,
489 2164 514 2186 a
531 2151 675 2187 Lainio
693 2151 920 2198 lucubrata,
939 2164 1018 2188 non
1035 2153 1250 2197 habet.-7.
1270 2151 1329 2187 De
1346 2151 1432 2187 suis
1442 2149 1843 2198 peregrinationibus
1860 2152 1897 2185 et
1913 2150 1988 2185 mi-

400 2211 592 2249 nisteriis.

445 2325 482 2356 1.
541 2314 672 2370 jhus.
698 2312 839 2356 Molto
862 2313 975 2355 Rdo.
1003 2315 1054 2356 P.
1080 2314 1138 2356 N.
1164 2312 1211 2355 in
1233 2311 1431 2356 Christo.
1455 2313 1551 2354 Pax
1568 2309 1752 2363 Christi,
1773 2316 1860 2354 etc.
1880 2311 1985 2354 Due

347 2389 508 2434 lettere
529 2391 589 2432 ho
611 2389 835 2432 riceuutte
856 2389 932 2444 qui
961 2390 1078 2433 (16116
1108 2391 1161 2433 P.
1194 2390 1272 2443 V.‚
1307 2388 1413 2432 delli
1435 2397 1488 2442 25
1511 2394 1557 2431 et
1589 2387 1646 2430 26
1682 2386 1727 2430 di
1763 2387 1976 2430 Febraro.

348 2466 514 2522 Quella
530 2465 674 2522 prima
690 2472 711 2493 ²
738 2480 814 2510 era
831 2480 910 2521 per
927 2466 1210 2510 comissione.
1232 2467 1289 2509 Et
1306 2471 1475 2521 quanto
1487 2465 1529 2508 al
1546 2463 1733 2520 negotio
1749 2464 1867 2507 della
1878 2464 1977 2507 fun-

347 2542 530 2587 datione
551 2543 624 2587 del
646 2541 838 2599 collegio
859 2543 904 2585 di
928 2543 1059 2599 Spira
1081 2550 1126 2588 et
1148 2539 1401 2599 Herbipoli‚
1427 2540 1576 2585 scriuo
1598 2555 1678 2597 per
1698 2541 1776 2584 vn'
1800 2540 1912 2583 altra
1934 2540 1977 2582 al

346 2620 537 2676 lungho,
563 2633 691 2664 come
713 2620 876 2663 vedere
903 2620 945 2662 16
969 2622 1019 2663 P.
1047 2622 1104 2664 V.
1130 2621 1180 2663 In
1202 2626 1362 2675 questa
1382 2617 1644 2674 rispondero
1666 2617 1708 2660 al
1730 2623 1864 2661 resto.
1890 2617 1976 2660 Del

345 2698 479 2739 modo
500 2697 556 2740 de
578 2695 743 2740 vestire
763 2695 810 2738 in
832 2696 978 2752 Spira,
1005 2704 1048 2741 et
1071 2697 1206 2740 etiam
1227 2696 1303 2739 nel
1323 2702 1445 2740 resto
1483 2679 1527 2738 d'
1563 2694 1817 2750 Alamagna
1839 2692 1871 2736 li
1892 2707 1977 2736 no·-

416 2815 437 2836 a
475 2809 561 2844 Hoc
581 2809 691 2844 verb.
714 2819 829 2855 supra
847 2819 949 2843 vers.
970 2808 1118 2845 addidit
1135 2809 1222 2844 libr.

415 2915 425 2934 ¹
477 2914 535 2948 Ex
566 2914 791 2960 archetypo,
822 2924 844 2948 a
875 2913 1052 2959 Jimenez
1082 2918 1255 2959 exarato,
1286 2918 1326 2949 et
1355 2912 1505 2948 Natalis
1531 2923 1647 2948 manu
1678 2911 1912 2958 subscripto,
1935 2911 1975 2947 in

341 2972 472 3018 Epist.
492 2972 655 3015 Natal.,
675 2973 727 3019 11,
745 2972 889 3019 duplici
913 2971 995 3019 fol.‚
1018 2974 1082 3018 178
1106 2973 1207 3019 (418,
1231 2974 1330 3019 419).
1351 2972 1452 3008 Vide
1477 2970 1596 3018 epist.
1618 2971 1702 3016 467,
1721 2970 1785 3006 eui
1801 2970 1897 3005 haec
1914 2981 1974 3006 re-

339 3030 519 3077 spondet.
540 3032 705 3067 Pulchre
723 3036 763 3067 et
780 3030 930 3066 curiose
948 3031 996 3067 de
1013 3033 1163 3079 habitu,
1182 3043 1204 3067 a
1221 3031 1262 3068 S.
1282 3031 1435 3078 Ignatio
1453 3035 1493 3066 et
1509 3029 1643 3078 primis
1662 3029 1778 3065 sociis
1794 3033 1964 3075 gestato,

338 3088 378 3123 in
395 3088 455 3125 his
474 3089 615 3125 litteris
632 3089 789 3125 disserit
811 3089 975 3125 Natalis.
