2228 3548
442 267 512 302 622
961 264 1101 300 EPIST.
1130 263 1175 299 P.
1204 263 1358 300 NADAL
1371 283 1398 290 —
1409 261 1479 309 530

396 368 564 424 pagnia
587 366 736 409 insino
759 366 847 408 alla
874 364 1068 408 Francia
1096 365 1289 417 Contea,
1321 370 1368 407 et
1395 364 1474 421 pisi
1503 365 1660 409 auanti
1683 380 1732 410 se
1760 365 2039 423 bisogniarzi.

395 445 472 488 Gli
494 443 637 486 nostri
666 449 849 487 restano
881 442 1015 493 bene,
1057 447 1103 485 et
1133 441 1177 483 la
1211 454 1317 484 casa
1345 448 1391 485 et
1419 441 1462 484 la
1489 442 1724 496 contrada,
1751 443 1872 488 doue
1888 450 2038 497 stano,

395 535 506 564 sana
528 535 608 576 per
636 519 678 563 la
707 518 871 563 diuina⁴
900 517 1063 574 gratia.
1105 518 1196 561 Tra
1217 518 1247 560 l’
1287 518 1400 561 altre
1437 532 1543 563 cose
1580 533 1661 575 per
1682 519 1727 564 le
1759 519 1881 576 quali
1897 534 1957 563 vo
1980 520 2039 563 da

394 597 660 653 monsignor
690 597 820 639 Rmo.
847 596 872 639 e
904 609 985 652 per
1006 594 1183 640 ritirare
1213 595 1244 638 li
1268 594 1433 640 fratelli
1461 595 1507 638 di
1536 609 1626 652 qua
1652 595 1700 639 in
1722 597 1916 652 qualche
1937 597 2039 641 loco

392 675 534 718 libero
551 675 608 717 de
626 680 769 730 peste.
792 672 1013 716 Lasciano
1031 687 1122 729 qua
1138 672 1320 727 alcuno,
1340 679 1429 718 etc.
1451 674 1517 717 La
1535 674 1588 717 P.
1611 674 1669 718 V.
1690 672 1806 718 faeci
1822 675 1918 737 fare
1935 689 2041 718 ora-

395 750 518 795 tione
540 766 622 808 per
647 751 770 794 tutti.

486 840 521 883 7.
588 828 761 872 Dubito
784 829 924 872 molto
945 828 989 871 d’
1015 829 1158 872 hauer
1180 842 1296 884 gran
1317 827 1534 872 difficolt&
1563 828 1609 871 di
1631 843 1725 872 non
1754 830 1893 873 esser'
1926 828 2043 873 rice-

395 914 528 949 uutto
551 907 658 951 nell'
683 906 796 950 altre
819 913 938 951 terre
959 920 1039 962 per
1067 907 1205 948 esser’
1237 912 1357 950 stato
1379 905 1425 948 in
1455 912 1631 962 questa,
1663 905 1907 962 percioche
1937 905 2044 949 tutti

395 984 433 1027 si
461 984 714 1041 guardano;
756 998 829 1027 ma
860 982 891 1025 il
915 982 1111 1039 Signore
1148 981 1338 1026 aiutarii.
1381 982 1570 1026 Andari)
1600 982 1739 1027 dritto
1762 998 1788 1027 a
1810 982 2042 1028 Ciamber'i

396 1075 483 1104 con
506 1061 739 1118 proposito
760 1060 806 1104 di
828 1059 1013 1103 visitare
1043 1060 1147 1115 quel
1170 1058 1383 1116 collegio,
1409 1066 1455 1103 et
1478 1059 1523 1103 di
1551 1060 1594 1104 la
1623 1061 1780 1104 andar'
1812 1060 1860 1104 in
1882 1060 2041 1116 Lione‚

398 1146 444 1184 et
473 1137 569 1182 cosi
598 1137 788 1195 pigliare
815 1137 1179 1181 ordinatamente
1206 1136 1237 1179 li
1265 1137 1464 1194 collegii,
1499 1144 1546 1182 et
1568 1137 1786 1181 trouarmi
1814 1153 1895 1195 per
1915 1138 1945 1181 l’
1971 1138 2044 1181 ul-

399 1216 507 1260 timo
531 1216 577 1259 in
599 1214 881 1273 Auignione,
901 1214 946 1258 di
969 1215 1087 1258 doue
1110 1214 1233 1271 possi
1255 1214 1525 1273 proseguire
1547 1215 1578 1259 il
1600 1215 1779 1259 camino
1796 1230 1877 1272 per
1893 1215 2037 1260 Italia.

398 1296 578 1351 Questo
608 1294 630 1336 ὲ
666 1292 697 1336 il
729 1292 963 1349 proposito
990 1292 1097 1345 mio,
1129 1307 1219 1335 non
1255 1293 1449 1336 essendo
1478 1292 1790 1350 impedimenti
1818 1307 1906 1356 per*
1934 1308 2042 1350 rag-

399 1371 536 1428 gione
559 1370 665 1415 delli
702 1370 857 1426 tempi,
884 1376 969 1414 etc.
1005 1371 1057 1413 L'
1089 1369 1202 1414 altre
1229 1383 1336 1415 cose
1363 1370 1622 1427 particolari
1661 1371 1734 1414 del
1763 1369 1961 1428 collegio
1998 1369 2044 1414 di

401 1448 590 1505 Pariggi
612 1455 658 1493 et
680 1447 725 1490 di
748 1454 909 1503 questo
932 1446 1134 1490 scriuerc')
1151 1447 1208 1490 da
1230 1447 1461 1492 Ciamberi
1485 1462 1573 1491 con
1590 1448 1633 1491 la
1655 1447 1805 1505 gratia
1826 1449 1883 1491 de
1907 1446 2044 1492 Chri-

396 1533 485 1569 sto.
512 1525 631 1569 Nelli
653 1524 771 1569 santi
794 1524 1002 1567 sacrificii
1020 1532 1066 1569 et
1083 1523 1276 1568 orationi
1293 1526 1411 1570 della
1430 1527 1482 1568 P.
1504 1526 1561 1569 V.
1584 1525 1625 1569 ci
1646 1524 2043 1569 raccomandiamo

398 1602 699 1648 humilmente
722 1601 767 1645 io
790 1609 835 1645 et
854 1601 1088 1655 Ximenez,
1110 1609 1156 1645 et
1173 1602 1220 1644 in
1238 1602 1375 1658 quelli
1392 1602 1497 1646 delli
1516 1602 1618 1646 Rdi.
1641 1602 1777 1646 Padri
1795 1600 2040 1654 assistenti,

400 1681 476 1725 del
499 1681 553 1723 P.
586 1680 803 1733 Polaneo,
837 1681 887 1722 P.
921 1679 1114 1732 Madrid,
1147 1681 1199 1722 P.
1241 1678 1572 1736 Ribadeneyra‚
1605 1686 1695 1725 etc.
1729 1680 1962 1723 Dominus
1984 1678 2045 1722 sit

401 1757 651 1800 nobiscum.
684 1758 756 1800 Da
781 1757 1016 1810 Verduno,
1042 1756 1117 1800 alli
1141 1767 1195 1811 25
1220 1756 1267 1799 di
1296 1756 1462 1813 Luglio
1491 1757 1617 1812 1568.
1643 1759 1701 1800 D.
1737 1758 1786 1800 P.
1817 1757 1874 1800 V.
1908 1769 2044 1800 seruo

400 1849 457 1878 en
484 1833 589 1888 X.⁰,

1492 1916 1521 1975 †
1554 1918 1740 1962 NADAL.
1776 1916 1806 1974 †

490 2065 734 2122 Inscripiio
758 2065 809 2107 in
838 2069 1003 2121 quarta
1034 2067 1234 2124 pagina:
1265 2067 1398 2124 jhus.
1440 2065 1501 2110 Al
1522 2066 1662 2110 molto
1684 2066 1799 2110 Rdo.
1838 2068 1890 2110 P.
1913 2067 1972 2110 N.
1998 2066 2069 2109 in¹
2148 2052 2150 2054 Ι

398 2143 598 2196 Christo,
620 2142 651 2185 il
676 2143 728 2186 P.
750 2143 785 2185 F
788 2157 1004 2187 raneesco
1021 2141 1066 2186 di
1086 2143 1270 2200 Borgia,
1292 2143 1520 2200 preposito
1538 2144 1753 2200 generale
1769 2143 1889 2188 della
1906 2143 2047 2188 Com-

400 2221 571 2279 pagnia
593 2220 639 2263 di
661 2219 823 2272 Giessi,
855 2227 944 2263 ete.
979 2222 1137 2264 Roma.
1180 2221 1288 2264 Alia
1325 2236 1485 2267 manu:
1514 2236 1558 2278 p.
1585 2236 1623 2265 e.
1663 2236 1724 2265 m.
1765 2222 1888 2265 Alia:
1916 2220 2044 2276 1568.

398 2299 454 2342 C.
482 2297 718 2342 Verduno.
748 2297 802 2341 P.
828 2298 1006 2342 Natale.
1034 2308 1087 2353 25
1112 2297 1158 2340 di
1181 2297 1361 2355 Luglio.
1390 2298 1437 2343 S.
1467 2299 1720 2356 Vestigium
1743 2298 1907 2356 sigilli.

1164 2421 1288 2462 53⁰

874 2492 913 2527 S.
944 2493 1276 2530 FRANCISCUS
1303 2494 1374 2529 DE
1399 2493 1571 2541 BORJA

741 2559 951 2603 PATRI
999 2560 1426 2604 HIERONYMO
1474 2560 1718 2604 NADAL

962 2644 1123 2680 ROMAE,
1153 2644 1196 2682 19
1221 2644 1328 2683 JuLu
1356 2637 1446 2682 1568
1466 2636 1496 2672 ¹.

399 2713 433 2738 ι.
454 2703 515 2739 De
530 2702 693 2738 Natalis
713 2701 959 2737 itinera-2.
980 2701 1041 2736 De
1056 2700 1274 2738 Edmundo
1287 2702 1470 2750 Aug-erio
1487 2702 1584 2738 etde
1598 2701 1776 2737 Henrico
1789 2701 2049 2749 Dionysio,-

738 2769 771 2806 3.
793 2758 1061 2796 concionator
1078 2761 1235 2797 latinus
1255 2761 1427 2797 Lovanii
1443 2761 1713 2797 desideratur.

501 2851 537 2882 1.
597 2840 730 2896 Jhus.
758 2838 899 2881 Molto
927 2838 1042 2881 Rdo.
1075 2838 1121 2881 in
1153 2840 1270 2895 Xpo.
1304 2839 1463 2883 Padre.
1493 2840 1589 2882 Pax
1621 2838 1748 2895 Xpi.,
1772 2845 1861 2884 etc.
1885 2840 2051 2896 Doppo

403 2917 546 2959 hauet
569 2914 725 2958 scritto
748 2915 804 2958 V.
828 2915 882 2957 R.
908 2914 951 2958 le
972 2914 1115 2970 prime
1131 2915 1291 2960 lettere
1314 2931 1340 2959 a
1362 2914 1568 2972 Pariggi,
1593 2915 1749 2959 auanti
1770 2917 1856 2960 che
1876 2914 2047 2972 sapessi

475 3020 484 3040 ¹
538 3021 595 3055 Ex
614 3021 841 3067 archetypo,
863 3031 884 3054 a
903 3020 1131 3057 Fernandez
1149 3026 1321 3066 exarato,
1347 3027 1387 3057 et
1411 3021 1578 3068 Borgiae
1602 3033 1720 3058 manu
1743 3021 1979 3069 subscriptO,
2006 3020 2047 3057 in

404 3077 508 3115 Cod.
534 3088 596 3124 34,
617 3078 764 3126 duplici
782 3077 867 3125 fol„
886 3077 955 3114 236
974 3080 1063 3125 (47).
1085 3080 1186 3116 Vide
1204 3080 1319 3127 epist.
1340 3080 1422 3126 526,
1444 3081 1507 3116 cui
1525 3081 1622 3117 ha‘ec
1639 3080 1864 3128 respondet.
