2228 3548
22 3096 31 3117 d

20 3124 30 3174 ³

116 0 448 28 Wurnu'
484 0 583 21 'tzws
628 5 642 13 ι’
816 0 849 2 ’·
890 0 901 6 -
935 0 946 13 ’γ
1208 0 1519 29 ΨΠὟνετ*
1550 0 1577 23 t>

870 274 917 310 26
940 275 1175 313 FEBRUARn
1202 278 1293 322 1567
1626 248 1628 250 -
1780 290 1849 327 40¹

267 375 307 420 si
328 376 524 422 uedono.
549 377 695 433 Sopra
714 375 746 418 il
767 375 960 433 collegio
979 376 1039 421 de
1059 376 1297 434 Herbipoli
1324 377 1363 422 si
1390 378 1538 424 scriue
1559 388 1898 438 separatamen-

268 461 327 506 te.
362 454 468 498 Non
498 452 740 497 habbiamo
774 467 939 498 ancora
968 455 1143 498 hauuto
1174 454 1335 499 lettere
1363 456 1439 499 del
1465 471 1678 502 vescouo.
1713 458 1898 504 Diuersi

265 530 410 574 scritti
431 530 477 574 di
493 531 645 587 quello
662 532 747 575 che
763 532 821 575 V.
842 532 896 575 R.
917 532 976 575 ha
991 531 1198 576 ordinato
1215 531 1263 575 in
1281 532 1391 589 uarij
1409 534 1569 591 luoghi
1586 534 1624 578 si
1641 550 1754 579 sono
1771 535 1894 590 uisti,

266 615 312 651 et
347 622 397 652 se
433 608 668 652 occorrera
706 599 929 652 rescriuer'
962 622 1068 652 cosa
1099 609 1276 663 alcuna,
1310 609 1349 653 si
1381 611 1475 654 fara
1508 626 1569 654 un
1606 612 1719 656 altra
1752 614 1892 657 uolta.

268 686 454 741 Quanto
474 686 560 728 alla
583 686 744 729 facolta
766 684 812 728 di
833 686 1073 731 absoluere
1092 685 1124 728 li
1145 686 1323 744 relapsi,
1349 688 1598 733 solamente
1618 690 1670 732 in
1682 691 1798 748 foro
1820 692 1896 734 in·

267 763 440 816 teriori,
463 763 504 806 le
526 762 704 820 ragioni
723 762 769 805 di
790 764 849 807 V.
874 765 929 807 R.
955 766 993 807 si
1020 778 1133 807 sono
1153 763 1293 817 uiste,
1318 771 1364 809 et
1385 767 1422 808 s’
1447 765 1471 809 ὲ
1496 766 1607 810 satta
1635 775 1724 810 una
1751 767 1895 811 infor-

267 839 481 894 matione,
504 841 547 883 la
567 841 701 896 quale
721 840 779 884 de
800 847 927 897 parte
947 840 1021 884 del
1041 841 1253 886 cardenal
1272 841 1317 884 d'
1341 842 1524 898 Agusta
1551 844 1560 864 ¹
1585 844 1624 886 s’
1647 844 1671 887 ὲ
1692 844 1798 888 data
1819 845 1894 889 alli

262 917 534 974 inquisitori,
558 924 604 960 et
625 918 734 960 letta
755 916 908 960 auanti
929 916 960 959 il
981 931 1113 974 papa,
1137 924 1183 962 et
1204 931 1337 974 spero
1358 917 1396 962 si
1414 919 1509 962 fara
1531 920 1724 975 qualche
1740 921 1894 965 buona

261 994 535 1052 prouisione,
560 995 725 1051 perche
751 995 794 1038 le
822 994 997 1051 ragioni
1025 993 1071 1037 di
1098 1008 1188 1038 non
1217 994 1410 1039 ricercar
1436 995 1742 1052 abiuratione,
1767 1005 1888 1052 etc.,

261 1087 489 1129 pareuano
530 1071 646 1115 assai
688 1070 876 1116 efficaci.
916 1071 998 1116 Sta
1037 1071 1156 1116 bene
1195 1071 1301 1127 quel
1341 1073 1428 1117 che
1460 1074 1517 1116 V.
1557 1074 1613 1116 R.
1653 1074 1803 1119 scriue
1845 1074 1890 1118 di

262 1151 397 1195 Mtro.
425 1149 592 1203 Pietro,
616 1151 700 1194 che
727 1148 766 1193 si
794 1148 912 1193 ueda
940 1147 986 1191 di
1013 1147 1222 1202 aiutarlo,
1251 1162 1280 1191 o
1301 1147 1340 1192 si
1366 1148 1478 1206 pigli
1506 1150 1699 1206 qualche
1726 1151 1890 1195 risolu-

264 1227 387 1271 tione
407 1242 540 1284 sopra
560 1226 606 1270 di
626 1226 706 1270 lui.

354 1315 395 1360 5.
461 1306 619 1349 Buona
640 1302 873 1360 diligentia
894 1303 942 1346 fu
964 1303 994 1345 l'
1018 1304 1160 1348 hauer
1183 1310 1472 1360 procuratore
1494 1304 1610 1348 delle
1626 1318 1732 1349 cose
1748 1318 1886 1362 pecu-

263 1381 404 1426 niarie
420 1380 466 1424 in
482 1381 683 1437 Dilinga,
704 1386 748 1425 et
769 1394 818 1424 se
834 1379 873 1423 si
888 1379 1056 1436 potessi
1074 1380 1183 1445 fare,
1203 1381 1288 1424 che
1304 1380 1342 1425 si
1365 1380 1558 1425 trouassi
1576 1395 1637 1424 un
1655 1381 1890 1426 forastiero

262 1474 342 1516 per
362 1464 551 1516 regente
572 1458 646 1502 del
667 1456 860 1514 collegio
881 1456 926 1500 di
946 1463 1078 1501 santo
1096 1456 1377 1510 HieronimO,
1396 1458 1587 1502 sarebbe
1608 1472 1774 1502 ancora
1790 1472 1887 1502 me-

260 1537 370 1593 glio.
395 1537 581 1592 Quanto
603 1535 690 1578 alla
710 1533 994 1591 promotione
1021 1533 1095 1577 alli
1117 1533 1269 1591 gradi,
1294 1541 1363 1578 sta
1382 1534 1473 1579 ben
1493 1535 1599 1591 quel
1627 1536 1712 1579 che
1735 1536 1792 1579 V.
1819 1537 1878 1580 R.

224 1621 230 1628 '
257 1613 416 1657 ordino
447 1613 490 1656 al
522 1614 575 1656 P.
608 1611 791 1656 Canisio
827 1625 961 1667 sopra
998 1613 1132 1655 Mtro.
1163 1610 1382 1668 Georgio.
1418 1612 1513 1656 Pur
1544 1612 1885 1669 generalmente

257 1701 427 1748 quanto
452 1690 538 1734 alla
558 1687 840 1746 promotione
861 1703 888 1732 a
909 1687 1054 1744 questi
1079 1687 1224 1745 gradi,
1248 1687 1292 1731 io
1314 1687 1374 1731 mi
1396 1687 1576 1733 rimetto
1597 1703 1623 1732 a
1645 1690 1702 1733 V.
1724 1690 1778 1732 R.
1801 1689 1881 1734 Lei

257 1769 470 1824 adunque
496 1765 780 1810 considerara
812 1766 918 1821 quel
948 1767 1034 1809 che
1064 1764 1302 1809 conuiene.
1334 1765 1400 1809 La
1428 1764 1748 1811 distributione
1778 1765 1886 1811 delli

254 1844 455 1903 soggetti
476 1852 616 1901 tengo
638 1858 717 1900 per
737 1842 1053 1894 conueniente,
1074 1850 1119 1887 et
1141 1842 1307 1885 mando
1322 1841 1482 1886 adesso
1504 1843 1551 1886 in
1572 1842 1751 1887 Vienna
1773 1843 1883 1887 duoi

256 1921 458 1980 soggetti
478 1921 632 1965 buoni:
657 1935 747 1964 vno
768 1919 814 1962 di
834 1920 931 1963 loro
958 1934 1037 1975 per
1061 1917 1266 1975 predicar
1293 1918 1340 1962 in
1367 1920 1589 1976 spagnolo
1611 1926 1656 1965 et
1678 1919 1880 1974 italiano,

256 2007 302 2044 et
324 1999 430 2043 tutti
451 1999 540 2042 dua
561 2013 641 2055 per
661 1997 889 2041 confessar
910 1997 1028 2041 nelle
1048 1997 1138 2039 due
1164 1994 1336 2052 lingue.
1361 1995 1410 2041 S'
1439 1996 1464 2040 ὲ
1491 1996 1647 2040 scritto
1669 1997 1711 2039 al
1732 1996 1882 2040 cardi·

245 2078 330 2127 ‚nal
346 2075 610 2120 warmiense
625 2075 639 2096 ²
660 2081 705 2119 et
717 2074 759 2117 al
777 2075 828 2117 P.
843 2072 1007 2118 Sunier
1023 2086 1158 2129 sopra
1173 2072 1216 2115 la
1234 2079 1402 2117 uenuta
1417 2073 1490 2117 del
1510 2075 1561 2116 Ρ.
1584 2073 1736 2116 Pietro
1754 2074 1878 2117 Phae

253 2154 300 2198 in
322 2152 585 2198 Germania.

340 2231 382 2274 6.
448 2229 497 2274 Si
519 2227 685 2273 uedera
708 2227 813 2283 quel
833 2228 918 2270 che
946 2224 1187 2279 conuiene,
1209 2224 1389 2269 intorno
1410 2226 1453 2269 al
1473 2225 1668 2283 collegio
1695 2225 1741 2268 di
1765 2228 1876 2271 Tre-

250 2308 384 2359 bona,
409 2320 542 2362 sopra
563 2305 594 2347 il
615 2304 747 2360 quale
774 2302 966 2347 tuttauia
989 2302 1032 2345 sa
1061 2299 1276 2345 instantia
1303 2302 1406 2358 quel
1437 2302 1594 2359 signor
1616 2302 1795 2346 Vrsino.
1823 2302 1872 2348 Si

249 2383 382 2428 simili
402 2380 657 2437 monasterij
681 2379 870 2424 desolati
899 2378 935 2423 si
964 2378 1194 2422 trouasino
1221 2377 1268 2421 in
1301 2378 1557 2435 Herbipoli‚
1589 2379 1626 2423 si
1655 2380 1873 2436 potrebbe

249 2461 326 2518 piu
357 2460 697 2503 comodamente
734 2456 826 2499 fare
854 2456 898 2498 la
929 2454 1194 2499 fundatione
1228 2453 1376 2510 piena.
1401 2457 1472 2500 De
1499 2456 1639 2498 buoni
1671 2456 1872 2513 soggetti

249 2537 454 2582 tudeschi
476 2544 520 2582 et
541 2536 710 2592 capaci,
729 2537 899 2580 hauero
921 2533 1070 2590 piacer
1090 2532 1129 2576 si
1150 2532 1361 2577 mandino
1382 2549 1409 2578 a
1430 2536 1587 2578 Roma.
1614 2533 1765 2589 Quelli
1787 2534 1873 2578 che

248 2630 341 2658 non
367 2616 519 2658 hanno
545 2613 716 2666 indole,
748 2626 876 2656 come
904 2609 1052 2655 alcuni
1079 2609 1184 2653 delli
1211 2609 1287 2667 gia
1313 2610 1535 2663 mandati,
1575 2624 1682 2666 pare
1710 2624 1804 2652 non
1834 2609 1872 2652 si

246 2691 470 2735 debbiano
490 2691 702 2734 mandare
724 2704 750 2733 a
772 2690 930 2742 Roma,
954 2686 1117 2743 perche
1137 2687 1234 2730 loro
1255 2686 1360 2732 fano
1375 2702 1489 2745 poco
1512 2688 1667 2739 frutto,
1688 2693 1734 2730 et
1751 2687 1871 2730 forse

243 2766 549 2823 impediscono
566 2767 715 2822 quello
730 2766 851 2822 degl’
872 2763 988 2807 altri.
1008 2763 1218 2808 Giouane
1233 2765 1462 2808 Muramer
1478 2763 1516 2807 si
1537 2763 1703 2806 mando
1719 2761 1868 2817 questi

242 2843 390 2901 giorni
411 2844 454 2887 la
475 2843 598 2886 uolta
618 2842 664 2886 di
691 2841 908 2886 Fiorenza
930 2855 958 2883 o
980 2841 1190 2892 Ferrara,
1214 2853 1293 2896 per
1314 2841 1454 2884 ueder
1473 2854 1523 2884 se
1552 2854 1602 2883 se
1629 2838 1659 2880 li
1686 2837 1864 2881 trouara

241 2921 376 2963 alcun
403 2918 589 2976 ricapito
615 2920 684 2962 fra
716 2917 852 2974 quelli
882 2915 1104 2961 tudeschi.
1135 2915 1170 2958 Il
1197 2914 1374 2960 ricordo
1401 2917 1519 2961 della
1555 2914 1761 2972 pluralita
1792 2914 1865 2959 dei

318 3087 328 3107 ¹
378 3083 474 3122 Otto
491 3085 706 3121 Truchsess
723 3083 772 3120 de
790 3082 1027 3128 Waldburg.
1313 3080 1330 3102 ⁸
1377 3081 1592 3118 Stanislaus
1610 3079 1773 3115 Hosius.

387 3148 502 3178 Emsr.
522 3149 566 3179 P.
585 3148 718 3184 ΝΑυΑι,
737 3155 817 3177 ‘tou-
839 3147 899 3176 111.
1684 3143 1721 3172 26
