2228 3548
443 298 544 327 xvm
874 287 1132 325 Pnoommm
1158 291 1299 320 TER'rn
1324 289 1553 320 vommms

392 390 628 449 praeponit
651 390 771 447 (245,
798 388 1032 445 258-260).
1058 385 1199 430 Hisce
1220 383 1432 442 peractis,
1457 383 1721 438 Posonium,
1748 383 2037 429 Olomutium

393 482 439 519 et
462 473 757 519 Cremsirium
781 471 922 524 venit,
957 469 1035 514 ubi
1071 468 1337 526 episcopum
1375 467 1714 512 olomucensem
1749 466 2033 512 Gulielmum

387 552 739 612 Prussinowsky
757 554 1069 612 congreditur,
1094 559 1263 596 etcum
1285 566 1340 595 eo
1357 551 1415 596 de
1436 550 1630 608 collegio
1651 550 1872 608 erigendo
1888 551 2033 596 collo-

390 640 544 696 quitur
567 639 685 697 (222,
713 651 815 694 223,
852 639 970 693 258).
1006 634 1304 681 Laurentium
1338 633 1545 692 Magium
1578 634 1900 691 provincialem
1927 636 2032 679 Au-

389 722 526 767 striae
548 728 671 765 creat
693 721 811 779 (230,
838 721 955 776 231).
982 721 1148 763 Postea
1172 719 1370 775 Pragam
1388 732 1438 763 se
1459 718 1655 771 confert,
1680 717 1759 761 ubi
1780 732 1854 762 res
1871 717 2033 764 Socie-

395 805 501 850 tatis
523 812 646 848 recte
668 804 916 861 procedere
938 802 1016 856 ait,
1043 809 1094 845 ut
1115 801 1162 844 in
1185 807 1280 845 tota
1302 799 1518 845 Austriae
1536 799 1768 857 provincia
1784 800 1903 859 (237,
1923 801 2038 857 263-

397 890 515 946 266).
542 889 697 933 Rebus
719 894 765 931 et
786 886 995 944 personis
1018 885 1202 943 collegii
1223 884 1462 942 pragensis
1489 883 1721 941 inspectis,
1751 885 2038 930 Casanovam

393 979 439 1017 et
462 973 720 1016 Trebonam
743 971 1013 1028 digreditur,
1033 970 1182 1026 deque
1204 984 1324 1013 novo
1342 968 1537 1026 collegio
1557 968 1620 1012 ibi
1636 967 1878 1013 condendo
1894 968 2041 1013 multa

391 1057 440 1099 in
460 1055 555 1101 suis
577 1057 634 1099 ad
658 1055 872 1112 Borgiam
895 1054 1098 1111 epistolis
1114 1060 1295 1099 enarrat
1312 1053 1544 1112 (238-240,
1565 1053 1783 1111 266-269,
1805 1053 2033 1110 312·314).

483 1141 736 1184 P0L0N1AE
766 1137 1015 1195 provincia,
1051 1152 1168 1193 quae
1201 1136 1512 1194 operariorum
1543 1135 1696 1193 inopia
1726 1136 1978 1190 laborabat,
2008 1152 2037 1182 a

397 1222 568 1280 Borgia
594 1229 639 1267 et
667 1221 817 1266 Natali
839 1222 1029 1278 juvatur
1056 1221 1145 1279 (45,
1177 1222 1251 1279 69,
1283 1232 1356 1276 70,
1395 1233 1493 1276 113,
1525 1231 1623 1275 127,
1663 1221 1761 1275 176,
1798 1231 1896 1275 177,
1929 1221 2032 1276 283,

401 1318 502 1364 509,
525 1306 641 1363 510).
664 1306 1012 1362 Braunsbergae
1033 1312 1079 1351 et
1101 1304 1339 1349 Pultoviae
1361 1303 1555 1361 collegia
1570 1303 1699 1348 novis
1716 1303 1948 1362 magistris
1964 1303 2036 1348 di-

401 1390 689 1448 tantur(16o,
722 1390 818 1442 161,
851 1390 968 1446 237).
1001 1389 1199 1432 Polonos
1230 1388 1378 1432 socios
1404 1387 1599 1432 invisere
1627 1394 1813 1444 exoptat
1841 1387 2034 1443 Natalis,

399 1474 482 1516 sed
498 1472 544 1515 id
561 1472 724 1528 exequi
745 1472 989 1528 impeditur
1011 1472 1129 1530 (199,
1157 1471 1276 1529 221).
1310 1470 1565 1516 Cardinalis
1593 1470 1725 1514 Hosii
1749 1471 1914 1515 ardens
1937 1472 2041 1528 glo-

399 1556 492 1600 riae
510 1555 689 1599 divinae
712 1563 756 1599 et
778 1555 1015 1612 religionis
1037 1554 1306 1600 incrementi
1325 1554 1600 1598 desiderium
1623 1553 1778 1598 multis
1799 1553 1846 1598 in
1868 1554 2038 1611 episto-

399 1638 454 1682 lis
486 1639 542 1682 ab
571 1638 670 1694 ipso
698 1638 815 1682 datis
842 1638 1031 1684 mirifice
1059 1639 1209 1683 elucet
1241 1639 1359 1696 (792,
1392 1649 1494 1696 793,
1528 1649 1630 1695 799,
1662 1638 1765 1693 803,
1797 1638 1901 1693 806,
1933 1638 2037 1693 810,

400 1723 451 1766 81
466 1722 517 1777 1).
549 1724 584 1765 F
588 1721 843 1766 ranciscum
866 1722 1145 1767 Sunnerium
1163 1736 1256 1766 non
1272 1721 1492 1775 revocari,
1517 1722 1598 1765 sed
1624 1720 1671 1764 in
1696 1721 1885 1765 Polonia
1899 1721 2040 1766 relin-

399 1805 478 1861 qui
501 1819 606 1848 cum
630 1805 779 1848 officio
800 1804 1216 1862 vice-provincialis
1245 1821 1271 1849 a
1301 1805 1452 1850 Natali
1475 1811 1744 1862 procuratur
1771 1804 1889 1863 (214,
1916 1805 2045 1863 215).'

487 1884 761 1932 RHENANAM
784 1888 1064 1945 provinciam
1087 1889 1378 1945 inspecturus
1400 1888 1591 1940 Natalis,
1617 1887 1743 1945 prius
1770 1902 1875 1932 curn
1897 1888 2040 1932 Cani·

399 1970 468 2014 sio
489 1978 535 2014 et
560 1971 763 2028 Jimenez
801 1986 884 2015 suo
907 1972 1031 2016 socio
1063 1971 1350 2029 Herbipolim
1387 1971 1512 2027 adiit,
1540 1971 1617 2015 ubi
1639 1972 1696 2015 de
1732 1971 1928 2028 collegio
1950 1971 2042 2016 eri-

401 2055 553 2109 gendo
576 2054 837 2110 negotiatus
875 2063 960 2108 est,
995 2062 1041 2099 et
1073 2056 1541 2112 Aschaffemburgum
1572 2054 1646 2100 die
1683 2065 1737 2110 25
1767 2054 2045 2099 Novembris

403 2137 588 2180 advenit
608 2138 727 2194 (315,
754 2138 873 2194 777).
898 2140 969 2183 De
986 2139 1171 2183 civitate
1192 2138 1515 2195 herbipolensi,
1535 2139 1593 2182 de
1613 2138 1713 2194 ejus
1730 2138 1960 2195 episcopo,
1986 2139 2045 2184 de

402 2219 601 2276 capitulo
624 2227 669 2263 et
691 2221 748 2263 de
770 2227 892 2264 statu
916 2221 1148 2278 religionis
1169 2221 1354 2279 longius
1375 2221 1555 2266 disserit
1584 2222 1833 2279 (333-339).
1862 2224 1934 2266 De
1950 2221 2045 2278 spi-‘—

399 2301 544 2346 rensis
567 2309 720 2345 autem
743 2303 922 2359 collegii
945 2304 1136 2361 origine,
1169 2304 1530 2357 difficultatibus,
1564 2311 1610 2347 et
1637 2303 1975 2348 conditionibus
1996 2304 2044 2348 in
2104 2350 2108 2354 ,

401 2385 706 2430 instrumento
730 2387 1007 2430 fundationis
1028 2388 1333 2444 exprimendis
1361 2395 1451 2433 etc.
1484 2389 1698 2444 frequens
1730 2387 1900 2433 mentio
1921 2387 1973 2430 fit
1993 2387 2041 2430 in

404 2474 500 2510 toto
521 2470 608 2511 hoc
639 2469 887 2522 volumine,
914 2472 1174 2525 praesertim
1197 2487 1306 2516 vero
1323 2471 1370 2514 in
1392 2471 1503 2515 locis
1519 2471 1595 2514 hic
1613 2471 1779 2515 notatis
1796 2472 1915 2528 (234,
1935 2481 2040 2526 235,

404 2561 619 2606 352-355‚
648 2554 863 2610 394-396,
889 2564 1105 2608 445-447,
1128 2557 1345 2613 756-759,
1366 2555 1599 2613 769-771)-
1618 2556 1689 2600 De
1707 2554 1888 2611 collegii
1904 2553 2042 2598 etiam

405 2633 663 2689 moguntini
681 2635 914 2679 dotatione
931 2643 976 2680 et
992 2638 1276 2692 promotione
1293 2653 1398 2682 curn
1415 2638 1757 2694 archiepiscopo
1780 2645 1826 2682 et
1847 2638 2044 2682 electore

406 2717 679 2771 moguntino
704 2718 1104 2777 Aschaffemburgi
1127 2722 1337 2765 tractavit
1359 2722 1478 2780 (367,
1500 2735 1601 2779 390,
1618 2720 1735 2778 391).
1756 2720 2045 2778 Moguntiam

409 2812 518 2841 vero
541 2801 779 2855 accedens,
810 2809 1073 2846 consuetam
1104 2805 1421 2851 lustrationem
1453 2811 1712 2859 exsecutus,
1753 2804 1998 2862 collegium
2020 2820 2048 2850 a

406 2881 621 2924 convictu
643 2883 858 2938 sejunxit,
897 2886 1190 2931 domesticam
1226 2889 1509 2946 disciplinam
1541 2889 1784 2946 promovit,
1819 2888 1969 2933 socios
1989 2888 2049 2933 ad

409 2964 732 3019 perfectionem
770 2974 839 3011 est
878 2970 1145 3014 cohortatus
1182 2973 1303 3029 (382-
1312 2975 1415 3031 389,
1453 2973 1570 3031 796).
1611 2974 1648 3017 F
1650 2972 2046 3017 rancofordienses

406 3054 560 3096 autem
582 3048 744 3100 socios,
770 3049 876 3095 licet
898 3052 1029 3107 pauci
1051 3053 1140 3097 illic
1162 3056 1400 3112 degerent,
1418 3056 1614 3102 invisere
1630 3071 1722 3100 non
1739 3055 1906 3109 omisit,
1926 3056 2046 3099 mul-

2211 2639 2228 2695 -..:·,
2204 2148 2228 2611 »424.2aed⁵k:;zi)eaff..='>2sa-'÷tvm..-a
2213 2070 2228 2129 ..ως
2211 1877 2228 2053 ...κ-’,ιῑϊῃ
2226 1830 2228 1838 ..
2218 1806 2224 1812 ·
2215 1716 2228 1790 „..-.2,
2223 1678 2228 1691 Α
2224 1628 2228 1654 .,
2213 1581 2216 1586 ·
2224 1479 2228 1499 -
2220 1403 2228 1423 ..r
