2228 3548
867 321 915 360 27
940 313 1113 358 Annis
1141 314 1232 361 1566
1771 314 1824 352 83

226 413 314 458 alle
333 413 424 458 due
445 414 606 459 lettere
626 414 684 459 de
702 416 765 460 V.
790 417 866 463 P.1:
889 415 923 467 11
943 415 1044 466 altri
1066 416 1214 473 panti,
1239 431 1291 470 se
1308 417 1371 466 ad
1396 417 1595 470 alchimo
1623 431 1718 468 non
1743 416 1784 461 si
1810 418 1870 470 ha

228 490 438 548 risposto,
462 491 502 535 si
522 493 619 535 fara
638 492 747 541 nell'
769 493 900 540 akra.

319 583 363 626 9.
428 568 571 614 Come
591 570 653 613 ho
671 569 812 622 serito
831 571 948 616 altra
965 571 1097 622 uolta
1112 586 1144 619 ‚a
1166 573 1224 618 V.
1258 573 1333 626 P„
1363 571 1407 617 io
1434 574 1616 625 haueuo
1644 572 1870 621 chiamato

231 645 276 690 al
296 646 350 690 P.
376 646 588 699 Hermes,
612 645 645 689 11
665 647 800 702 quale
817 661 972 694 euenne
991 648 1146 697 subito
1166 649 1288 706 dopo
1317 650 1503 706 pascha,
1534 656 1581 693 et
1607 648 1668 693 mi
1696 648 1869 694 ritrouo

231 723 280 767 in
301 722 500 778 Dilinga,
526 730 572 769 et
593 724 755 770 adesso
775 732 846 770 sta
867 725 946 783 gia
965 727 1182 775 acordato
1204 728 1290 772 che
1308 728 1369 771 ha
1385 727 1443 771 da
1458 726 1692 784 predicare
1707 726 1755 769 in
1770 727 1871 771 loco

230 801 305 846 del
328 802 385 844 P.
418 800 618 855 Canisio,
643 801 675 844 il
697 802 831 858 quale
851 810 923 848 sta
937 810 1161 861 occupato
1176 803 1225 847 in
1242 804 1496 861 risponder'
1515 818 1541 847 a
1557 808 1621 853 un
1637 803 1752 847 libro
1769 805 1870 848 the-

229 878 368 923 desco
384 879 457 922 ch'
478 878 509 922 il
525 886 660 923 conte
675 879 875 937 palatino
889 880 1096 934 elettore‚
1111 879 1159 924 in
1178 895 1240 924 un
1257 882 1483 926 banchete
1499 883 1584 925 che
1602 880 1700 925 fece
1722 880 1870 937 questi

229 953 380 1012 giorni
401 956 520 1012 dopo
541 958 710 1012 pascha
731 971 759 1001 a
779 956 887 1000 tutti
909 956 939 1000 li
961 957 1170 1014 principi,
1195 964 1242 1001 et
1262 957 1491 1012 catholici,
1517 965 1562 1002 et
1584 957 1868 1014 protestanti,

229 1032 359 1076 offeri
381 1047 407 1076 a
430 1032 537 1076 tutti
564 1033 680 1078 loro.
717 1033 752 1080 11
780 1035 914 1079 Rm0.
945 1034 993 1077 d’
1022 1035 1240 1092 Augusta
1266 1049 1358 1078 non
1388 1035 1432 1078 lo
1464 1035 1630 1079 uoleua
1659 1034 1867 1091 pigliare,

230 1108 425 1153 dicendo
441 1111 528 1155 che
543 1124 638 1154 non
653 1110 818 1168 legeua
834 1110 984 1167 quaeti
999 1110 1118 1164 libri,
1138 1125 1211 1155 ma
1228 1111 1419 1156 facendo
1436 1110 1651 1155 instantia
1667 1110 1699 1153 il
1714 1118 1866 1164 conte,

232 1187 277 1230 10
299 1186 440 1244 piglio
462 1188 761 1244 prometendo
782 1189 868 1233 che
888 1189 1070 1234 haueua
1090 1187 1137 1231 di
1165 1187 1447 1245 rispondere,
1477 1195 1523 1232 et
1551 1189 1637 1232 che
1668 1187 1732 1230 lui
1765 1202 1871 1244 pro-

234 1271 426 1309 mettese
446 1264 492 1308 di
512 1265 702 1322 leggere
721 1265 766 1308 la
786 1264 999 1322 risposta3
1025 1272 1071 1309 et
1099 1266 1197 1310 cosi
1219 1266 1267 1315 fu
1289 1272 1507 1315 contento
1528 1265 1560 1308 il
1581 1272 1732 1319 conte,
1762 1271 1807 1308 et
1843 1265 1872 1308 11

233 1341 463 1386 cardinale
501 1342 544 1385 sa
580 1342 740 1399 grand'
772 1341 988 1387 instantia
1024 1344 1111 1388 che
1137 1342 1176 1386 si
1204 1342 1432 1399 risponda,
1467 1342 1499 1385 il
1526 1343 1611 1386 che
1638 1342 1713 1387 nel
1738 1357 1872 1386 nome

232 1419 308 1464 del
328 1418 524 1476 Signore
544 1418 583 1464 si
605 1420 631 1463 e
651 1419 971 1464 incominciato
999 1435 1026 1464 a
1055 1420 1164 1473 fare,
1189 1434 1278 1463 con
1305 1420 1349 1463 la
1375 1418 1612 1477 diligentia
1639 1418 1870 1476 possibile,

232 1503 280 1541 et
300 1497 327 1541 e
355 1511 418 1540 un
445 1496 560 1540 libro
588 1496 620 1540 il
647 1496 725 1554 pisi
753 1497 995 1554 pestilente
1024 1505 1071 1541 et
1098 1497 1319 1542 infernale
1346 1499 1431 1542 che
1459 1499 1496 1542 s'
1527 1498 1553 1541 e
1582 1497 1695 1540 fatto
1724 1496 1872 1539 insino

233 1574 411 1618 adesso.
1406 1565 1412 1572 ’

330 1664 402 1695 10.
473 1651 510 1695 11
539 1653 591 1696 P.
624 1652 857 1709 Stephano
884 1652 1066 1697 Liberio
1100 1654 1110 1674 ¹
1141 1652 1259 1709 parti
1286 1651 1401 1698 hieri
1429 1659 1451 1682 ⁸
1476 1652 1505 1695 l'
1539 1651 1655 1695 altro
1687 1665 1767 1707 per
1800 1651 1874 1693 In-

234 1731 419 1786 spruch,
445 1731 609 1773 stando
629 1730 770 1774 molto
791 1730 910 1776 male
930 1730 1005 1774 del
1027 1744 1114 1774 suo
1131 1737 1308 1774 catarro
1330 1736 1376 1774 et
1397 1736 1540 1786 petto,
1560 1728 1726 1786 perche
1743 1729 1802 1771 ha
1818 1726 1875 1770 da

235 1808 404 1852 andare
427 1808 468 1851 la
490 1822 554 1851 un
576 1807 752 1852 medico
775 1814 1052 1865 augustano,
1076 1822 1156 1864 per
1187 1809 1336 1851 sanar’
1366 1807 1410 1851 la
1437 1805 1596 1863 regina
1624 1805 1803 1850 Helena
1838 1805 1872 1858 ²,

237 1893 284 1931 et
305 1887 342 1929 s’
368 1885 536 1929 inclino
558 1884 589 1928 il
611 1887 665 1930 P.
679 1886 926 1943 vStephano
949 1887 1219 1930 fortemente
1241 1899 1268 1928 a
1290 1885 1371 1928 far’
1392 1891 1554 1940 questo
1570 1882 1772 1940 viaggio,
1796 1894 1877 1939 per

236 1961 501 2006 inductione
522 1963 640 2008 della
667 1962 852 2020 signora
880 1964 915 2006 F
918 1964 1115 2006 ucchera
1142 1963 1176 2014 ³,
1206 1962 1250 2005 la
1271 1961 1403 2018 quale
1425 1968 1586 2017 questo
1614 1959 1790 2003 medico
1818 1960 1876 2002 ha

237 2049 396 2087 sanato
417 2041 463 2084 di
485 2040 629 2084 simile
650 2040 880 2084 infirmita.
906 2041 953 2083 Io
975 2054 1068 2083 non
1089 2038 1226 2083 hebbi
1250 2038 1402 2083 animo
1425 2037 1470 2082 di
1493 2036 1665 2095 negarli
1682 2037 1712 2079 l’
1733 2036 1876 2079 anda-

238 2127 300 2174 τᾶ,
325 2117 699 2175 principalmente
719 2116 971 2161 hauendosi
993 2117 1052 2160 da
1073 2116 1328 2160 rimandare
1351 2115 1382 2158 il
1404 2115 1580 2159 cauallo
1608 2114 1629 2141 b
1656 2113 1772 2157 delle
1802 2127 1874 2155 re-

236 2196 362 2254 gine,
387 2196 462 2240 nel
484 2195 619 2251 quale
639 2208 717 2238 era
738 2201 910 2238 venuto
938 2195 1046 2237 M.ro
1075 2194 1270 2238 Hermes
1299 2207 1387 2237 con
1413 2207 1475 2235 vn
1508 2190 1729 2235 seruitore
1759 2188 1877 2233 delle

237 2281 381 2319 stesse
403 2280 420 2300 ⁰-
451 2271 609 2329 regine
630 2273 716 2316 che
737 2272 780 2315 lo
802 2284 954 2314 uenne
976 2270 1033 2314 ad
1055 2269 1403 2327 acompagniare
1420 2270 1619 2313 anchora
1637 2283 1663 2310 a
1680 2266 1874 2318 cauallo,

237 2360 283 2398 et
320 2367 406 2396 con
445 2356 607 2408 questo
643 2348 762 2393 ando
798 2348 829 2390 il
868 2350 921 2391 P.
954 2347 1150 2392 Liberio.
1183 2346 1312 2391 Hieri
1340 2361 1453 2391 sono
1483 2344 1643 2389 uenuti
1681 2342 1783 2386 libri
1821 2342 1878 2384 de

240 2427 533 2474 Francfordia
554 2426 599 2469 di
622 2432 782 2483 questa
805 2423 916 2469 feria
937 2423 982 2467 di
1006 2425 1251 2478 Marzo,·et
1273 2424 1341 2467 fra
1356 2423 1388 2466 li
1406 2423 1506 2466 altri
1525 2421 1599 2465 doi
1618 2419 1726 2464 torni
1743 2419 1789 2462 in
1809 2417 1877 2461 8.⁰
1919 2419 1923 2425 ⁴

241 2507 359 2553 assai
381 2504 544 2563 grandi
565 2502 709 2547 scritti
737 2508 894 2546 contro
917 2501 959 2545 al
980 2501 1144 2544 dottor’
1172 2500 1315 2544 Paiua
1337 2501 1371 2554 ⁴,
1395 2515 1476 2557 per
1506 2499 1611 2555 quel
1632 2496 1878 2541 medesimo

327 2658 348 2679 a
390 2659 411 2685 2
428 2649 548 2685 verba
572 2659 681 2694 seqq.
701 2657 818 2692 supra
835 2655 938 2680 vers.
958 2642 1108 2679 addidit
1125 2641 1286 2678 libr.—b
1301 2650 1322 2677 2
1340 2642 1463 2677 verba
1481 2652 1591 2688 seqq.
1611 2637 1742 2675 addita
1764 2648 1881 2684 supra

241 2722 348 2748 vers,
372 2722 394 2746 a
414 2709 578 2745 libr.—c
607 2707 694 2742 Hoc
711 2705 822 2741 verb.
841 2702 990 2742 addidit
1007 2702 1097 2738 libr.
1123 2713 1240 2749 supra
1258 2712 1367 2737 vers.

313 2845 323 2864 ¹
376 2842 436 2877 De
454 2841 520 2876 illo
538 2838 639 2874 Vide
660 2836 806 2874 cartas
823 2837 871 2871 de
892 2834 936 2871 S.
961 2834 1142 2882 lgnacio,
1162 2833 1231 2875 VI,
1251 2831 1336 2879 498:
1357 2837 1397 2868 et
1421 2832 1781 2873 BRAUNSBERGER,
1807 2826 1881 2863 Ca-

239 2901 339 2938 m‘sii
358 2899 504 2947 Epist„
522 2899 561 2933 II
579 2902 619 2933 et
635 2897 694 2932 111
711 2895 875 2944 passim.

311 2963 325 2983 2
375 2958 474 2995 Filia
491 2955 727 2993 Ferdinandi
744 2956 778 2998 1,
796 2952 966 2990 caesaris
977 2979 985 2988 .
1317 2980 1321 2985 ,

313 3021 327 3041 ³
377 3018 534 3062 Ursula,
551 3016 600 3051 de
616 3026 692 3063 qua
710 3014 800 3051 vide
819 3012 934 3060 epist.
954 3010 1039 3056 359,
1057 3022 1100 3047 n.
1125 3008 1162 3052 3,
1181 3020 1270 3046 cum
1287 3013 1425 3047 annot.

313 3080 328 3100 ⁴
378 3076 549 3112 Didacus
567 3074 616 3110 de
634 3073 755 3109 Paiva
772 3072 821 3108 de
840 3069 1038 3114 Andrada,
1056 3068 1105 3105 de
1128 3078 1206 3116 quo
1229 3067 1384 3115 saepius
1409 3065 1449 3102 in
1474 3066 1607 3113 Epist.
1637 3063 1801 3104 Naial„
1826 3061 1879 3107 11,

243 3137 392 3174 dictum
417 3141 492 3182 est,
518 3133 696 3181 «scripsit
721 3132 814 3168 dum
843 3129 1022 3167 Tridenti
1046 3132 1273 3164 moraretur:
1304 3126 1632 3164 Orthodoxarum
1650 3121 1880 3169 explicatio-
