2228 3548
402 286 475 322 626
923 282 1065 321 Emsr.
1092 283 1138 319 P.
1166 282 1437 329 Nimia-531

361 385 543 438 ricordi,
571 392 616 429 et
638 385 726 428 alla
748 384 961 442 giornata
981 399 1030 429 se
1051 384 1083 428 li
1105 385 1326 438 daranno,
1346 391 1393 429 et
1414 398 1622 441 speramo
1638 385 1682 428 la
1697 398 1805 430 cosa
1823 384 2017 430 riuscira

360 479 443 521 per
464 462 606 505 molto
630 461 821 505 seruitio
843 461 887 505 d'
910 461 1039 506 Iddio
1060 462 1120 506 N.
1147 462 1218 514 S.,
1244 460 1319 504 cui
1336 461 1487 518 gratia
1509 461 1576 506 sia
1597 476 1776 519 sempre
1795 461 1845 506 in
1860 463 1919 507 V.
1940 464 2012 518 R„

361 540 481 584 nelle
502 539 577 582 cui
600 538 795 582 orationi
817 545 865 582 et
881 538 956 583 del
978 553 1065 583 suo
1089 552 1364 595 compaguo,
1385 544 1432 583 et
1448 538 1566 582 delle
1587 538 1679 583 due
1694 524 1948 595 prouincie,
1967 540 2015 584 di

359 617 555 661 Francia
586 623 632 660 et
664 615 932 672 Aquitania,
956 616 1099 660 molto
1124 618 1174 659 z'n
1206 616 1408 659 Domino
1437 615 1481 659 ci
1508 615 1917 661 raccomandiamo.
1951 617 2012 662 Di

361 696 524 746 Roma,
550 692 581 736 li
606 705 629 737 2
655 694 699 736 d'
720 694 903 750 Agosto
931 694 1060 749 1568.
1086 694 1145 737 D.
1173 694 1231 737 V.
1257 693 1313 737 R.
1339 707 1477 738 seruo
1499 692 1547 736 in
1569 693 1673 746 X.⁰,

596 814 597 818 ,
1071 762 1083 777 ’
1478 771 1770 815 FRAN01sco.

453 849 700 905 Inscripiio
723 849 774 891 in
792 852 963 905 quarta
978 849 1180 906 pagina:
1203 847 1232 906 ’ᾖ-
1255 848 1316 892 Al
1338 848 1480 891 molto
1502 847 1619 891 Rdo.
1642 847 1686 890 in
1705 849 1825 904 Xpo.
1849 848 2014 903 Padre,

361 927 392 970 il
419 929 470 970 P.
499 928 615 970 Mro.
643 925 913 971 Hieronimo
936 926 1118 980 Natale,
1143 925 1379 970 visitatore
1402 925 1522 970 nelle
1543 924 1782 981 prouincie
1810 925 1856 968 di
1878 926 2019 970 Fran·

361 1003 433 1047 cia
455 1010 500 1048 et
524 1003 792 1059 Aquitania,
812 1003 931 1048 della
953 1003 1240 1060 Compagnia
1257 1002 1303 1045 di
1325 1002 1490 1057 Giesu,
1516 1001 1688 1058 Parigi‚
1710 1016 1737 1046 o
1759 1002 1879 1047 doue
1896 1002 2013 1047 sara.

363 1081 514 1124 Manu
538 1082 595 1126 P.
614 1081 841 1138 Jinzenez:
863 1081 1033 1125 Nostro
1057 1081 1111 1124 P.
1137 1079 1258 1125 Delli
1286 1092 1327 1123 2.
1361 1079 1611 1123 Riceuutta
1632 1078 1708 1123 alli
1732 1080 1782 1124 18
1812 1078 1855 1123 d'
1885 1081 2020 1138 Ago-

361 1165 449 1202 sto.
476 1158 638 1215 Sigz'llz'
661 1157 925 1215 vestigium.

454 1236 497 1278 6.
558 1235 660 1293 Jhs.
692 1233 923 1279 Soli.—Si
948 1235 1006 1278 V.
1034 1235 1088 1278 R.
1115 1247 1165 1277 es
1181 1234 1365 1291 llegado
1387 1247 1476 1277 con
1497 1233 1604 1278 bien
1627 1237 1653 1277 a
1675 1234 1818 1287 Leon,
1843 1249 1873 1291 y
1895 1234 2019 1279 halla

363 1312 620 1356 difficultad
643 1325 701 1356 en
722 1310 880 1355 visitar
903 1311 1087 1355 Avifion
1104 1346 1114 1366 ,
1138 1310 1273 1356 visite
1301 1325 1428 1355 essos
1450 1311 1664 1368 poquitos
1687 1310 1908 1368 collegios
1929 1326 2019 1368 que

364 1389 487 1433 tiene
508 1403 642 1444 cerea
665 1389 722 1433 de
745 1389 887 1442 Leon,
920 1403 950 1445 y
980 1391 1181 1445 vengase
1203 1402 1291 1432 con
1313 1389 1356 1432 la
1378 1387 1620 1433 bendicion
1643 1389 1718 1432 del
1740 1389 1903 1443 Senon
1929 1403 2020 1445 que

363 1480 424 1508 no
447 1466 489 1510 le
513 1465 674 1509 saltara
697 1480 786 1521 que
808 1466 945 1509 hazer
967 1466 1151 1521 quando
1174 1479 1260 1509 con
1283 1465 1390 1510 bien
1411 1466 1600 1523 llegare.
1626 1466 1694 1510 Lo
1711 1466 1768 1510 de
1790 1470 1887 1520 aea,
1907 1466 2022 1511 Dios

365 1542 519 1596 loado,
545 1557 602 1585 va
623 1541 747 1596 bien,
780 1557 810 1598 y
831 1557 918 1586 con
942 1550 1063 1587 estas
1091 1542 1479 1600 congregationes
1501 1557 1678 1587 nueuas
1701 1558 1790 1599 que
1813 1544 1879 1589 Su
1902 1544 2022 1589 San-

366 1619 491 1662 tidad
515 1634 540 1662 a
563 1621 680 1664 echo
702 1620 759 1663 de
783 1620 1067 1674 cardenales,
1092 1635 1202 1677 para
1223 1621 1292 1664 los
1315 1620 1535 1678 negocios
1556 1621 1614 1666 de
1642 1621 1890 1665 Germania
1911 1636 1942 1678 y
1964 1622 2023 1667 de

365 1696 535 1750 Indias,
567 1711 828 1753 esperamos
857 1712 945 1752 que
974 1699 1031 1741 de
1059 1698 1172 1742 cada
1200 1698 1275 1741 dia
1303 1712 1353 1743 se
1382 1699 1526 1742 haran
1556 1712 1688 1743 cosas
1717 1698 2017 1756 inportantes.

377 1774 496 1827 Vale,
521 1775 668 1817 Pater
689 1774 977 1818 charissime.

1462 1908 1465 1910 .
1484 1853 1775 1898 FRANCISCO.

458 1928 567 1970 Alia
589 1942 748 1981 manu,
765 1943 795 1971 a
811 1932 940 1985 tergo
957 1944 969 1972 .·
998 1928 1027 1987 †
1050 1928 1148 1974 Soli
1172 1928 1296 1973 Patri
1318 1929 1485 1973 Natali.
1511 1929 1672 1987 Sigilli
1691 1930 1956 1987 vestigium.

453 2006 554 2062 jhs.
581 2005 676 2048 Soli
700 2006 841 2048 Patri
864 2006 1042 2049 Natali.
1069 2005 1119 2051 Si
1148 2010 1246 2051 esta
1274 2005 1415 2050 cierto
1443 2021 1502 2050 no
1531 2013 1652 2050 estar
1679 2020 1848 2064 seguro
1876 2008 1918 2051 el
1941 2021 2021 2051 ca·-

370 2081 494 2124 mino
518 2082 575 2124 de
598 2083 723 2125 Leon
747 2081 804 2140 [a]
820 2089 840 2110 ἃ
856 2083 1057 2135 Avifion,
1083 2082 1130 2126 ni
1152 2083 1210 2128 de
1232 2082 1418 2127 Avifion
1435 2087 1461 2126 a
1483 2083 1626 2137 Italia,
1647 2098 1707 2127 no
1729 2098 1778 2127 es
1795 2091 2025 2129 menester

372 2159 607 2202 consultat
630 2159 690 2202 de
710 2159 852 2211 Leon,
879 2159 977 2203 sino
1007 2159 1199 2216 partirse
1227 2174 1335 2216 para
1367 2164 1473 2215 aca,
1497 2161 1627 2204 saluo
1655 2160 1693 2204 si
1721 2161 1862 2218 algt'm
1884 2161 2025 2206 colle-

371 2234 513 2292 gieto,
535 2236 592 2279 de
616 2236 819 2291 aquellos
842 2251 931 2292 que
954 2241 1083 2289 estan
1106 2250 1238 2281 cerca
1259 2238 1316 2281 de
1340 2238 1483 2290 Leon,
1504 2251 1554 2281 se
1575 2237 1765 2294 pudiese
1786 2237 1944 2282 visitar
1965 2252 2026 2283 en

371 2325 514 2367 pocos
538 2313 650 2356 dias.
679 2314 779 2357 Mas
801 2312 858 2357 de
880 2314 921 2357 la
938 2313 1236 2369 jnformation
1258 2314 1332 2359 del
1361 2313 1614 2371 prouincial
1642 2330 1672 2371 y
1700 2322 1903 2361 rectores
1934 2329 2024 2371 que

449 2456 470 2477 a
509 2450 622 2486 Hanc
639 2450 868 2498 particulam
888 2452 1020 2487 omisit
1037 2451 1192 2498 Borgia.

371 2562 550 2604 siastica,
573 2563 682 2608 XVI,
701 2571 767 2609 241
779 2589 789 2599 .
813 2563 871 2599 Ex
890 2564 962 2599 hac
980 2569 1112 2599 autem
1130 2563 1298 2610 Borgiae
1316 2563 1483 2611 epistola
1501 2563 1584 2600 erui
1603 2563 1759 2600 videtur
1781 2563 1910 2611 ipsum
1928 2564 2022 2600 Bor·

371 2621 477 2667 giam
497 2627 698 2658 auctorem
715 2621 839 2659 fuisse
857 2628 993 2660 sancto
1011 2623 1082 2659 Pio
1106 2623 1153 2668 V,
1175 2628 1219 2659 ut
1242 2623 1332 2659 illae
1354 2622 1682 2670 congregationes
1706 2622 2021 2660 instituerentur.

374 2680 433 2715 En
452 2691 528 2728 quo
547 2687 662 2728 pacto
679 2682 776 2717 haec
792 2687 924 2717 narrat
941 2682 1147 2726 Polancus,
1169 2681 1209 2717 in
1227 2692 1346 2729 parvo
1370 2692 1442 2718 suo
1459 2681 1658 2726 chronico,
1680 2680 1775 2717 Cod.
1796 2692 1861 2729 41,
1885 2682 2023 2718 Histo-

371 2739 477 2785 rica,
497 2739 567 2775 fol.
597 2749 665 2786 154
682 2751 721 2777 v:
743 2740 842 2776 «Die
860 2750 905 2775 20
924 2741 1016 2788 Maji
1033 2753 1168 2777 rursus
1186 2745 1320 2776 noster
1333 2741 1450 2776 Pater
1462 2741 1660 2787 generalis
1674 2739 1770 2777 adiit
1783 2740 2023 2789 pontificem,

373 2808 435 2832 me
455 2799 686 2842 comitante,
705 2799 821 2836 simul
847 2811 935 2835 cum
959 2801 1014 2836 D.
1045 2801 1191 2836 Alvaro
1214 2799 1264 2835 de
1287 2799 1440 2845 Castro,
1471 2800 1603 2846 legato
1619 2799 1726 2847 regis
1743 2800 2023 2847 Portugalliae,

372 2861 413 2892 et
431 2858 481 2893 ab
500 2869 548 2893 eo
567 2859 818 2906 impetratum
837 2865 909 2903 est,
928 2865 971 2895 ut
989 2859 1038 2895 ad
1052 2858 1218 2906 negocia
1231 2859 1500 2895 conversionis
1519 2859 1736 2896 infidelium
1754 2860 2026 2907 congregatio-

372 2927 463 2951 nem
482 2918 738 2955 cardinalium
756 2918 994 2954 institueret.
1015 2920 1065 2954 Et
1083 2930 1173 2955 cum
1195 2918 1414 2955 cardinales
1440 2918 1636 2966 Amulius,
1662 2919 1845 2967 Sirletus‚
1869 2924 1910 2955 et
1933 2919 2027 2956 Car-

370 2974 467 3019 rafa,
488 2976 524 3010 ei
544 2977 746 3024 propositi,
771 2977 1025 3024 placuissent,
1051 2977 1202 3013 addidit
1225 2977 1310 3024 ipse
1334 2985 1431 3022 4¹²¹¹²
1449 3004 1458 3022 ‚
1484 2977 1716 3023 Cribellurn;
1741 2983 1782 3014 et
1805 2983 1913 3014 motu
1936 2989 2024 3025 pro-

369 3033 454 3079 prio
474 3036 576 3070 velle
595 3048 637 3071 se
656 3037 895 3072 constituere
914 3037 1014 3072 hanc
1031 3037 1396 3083 congregationem,
1416 3041 1456 3072 et
1479 3037 1520 3073 in
1545 3036 1779 3074 consistorio
1802 3037 2017 3085 publicare,

370 3090 509 3128 dixit.»
530 3094 592 3130 Cf.
612 3095 881 3142 SAccmNUM,
901 3097 979 3132 loc.
1002 3096 1095 3140 eit.,
1114 3095 1187 3132 lib.
1212 3096 1284 3142 IV,
1302 3107 1341 3132 n.
1365 3104 1449 3142 129.
