2228 3548
212 401 246 421 S

344 261 415 308 598
861 258 1000 294 Ensr.
1030 257 1074 292 Ρ.
1103 255 1370 301 Nixon-522

295 364 340 407 13
362 378 473 419 pace
495 363 633 406 esser’
659 361 798 404 molto
829 361 1011 402 turbata
1038 357 1230 402 Francia
1250 359 1280 410 ¹,
1305 357 1473 409 sicome
1504 370 1682 413 sempre
1699 358 1758 399 m'
1778 356 1939 399 hanno

297 440 454 484 scritto
472 438 516 483 di
534 439 592 491 la,
612 438 643 480 il
668 438 814 481 Padre
837 435 1116 493 prouinciale
1133 435 1166 487 ³,
1187 442 1232 480 et
1243 433 1557 478 ultimamente
1578 447 1632 477 co
1652 432 1683 476 ’1
1704 447 1864 490 parere
1885 431 1936 475 di

297 520 413 561 Mro.
442 516 647 559 Emondo
670 516 703 568 ³,
729 521 775 559 et
796 515 869 558 del
892 520 1060 558 rettore
1082 512 1289 556 Emondo
1310 512 1343 565 ⁴,
1368 518 1414 556 et
1435 511 1554 555 della
1574 510 1783 568 maggior
1803 516 1937 566 parte

297 594 341 637 di
366 593 504 650 quelli
528 591 663 636 Padri
691 599 728 645 a,
753 593 825 635 ch’
851 591 895 634 io
923 605 1014 634 non
1036 589 1078 633 ci
1107 589 1282 642 andasi,
1312 604 1395 646 per
1421 588 1452 631 il
1480 587 1595 646 gran
1622 587 1819 645 pericolo
1846 589 1936 632 che

299 672 463 714 dicono
485 669 674 715 esserui.
701 670 896 727 Adesso,
922 668 1136 712 hauendo
1164 667 1391 711 riceuutta
1418 673 1580 722 questa
1605 665 1790 709 volonta
1817 665 1938 710 della

302 751 354 793 P.
382 750 459 801 V.‚
484 747 652 792 vedero
674 746 720 790 di
741 745 989 803 seguitarla
1011 745 1081 788 ad
1085 744 1247 800 pedem
1269 744 1459 797 litterae,
1480 743 1660 788 benche
1689 756 1801 786 sono
1823 755 1939 799 qua-

302 834 371 869 tro
394 841 422 869 o
446 826 610 881 cinque
633 823 783 881 giomi
810 825 882 867 ch'
913 824 1107 868 essendo
1138 822 1183 866 io
1213 822 1260 865 in
1294 822 1538 875 Brussella,
1573 821 1633 864 mi
1665 819 1763 865 dise
1794 821 1942 863 Fran-

300 918 434 948 cesco
456 902 498 946 d'
522 904 675 947 Ibarra
698 903 712 924 ⁵
735 903 821 946 che
842 902 886 946 le
908 914 1014 945 cose
1031 892 1223 944 stauano
1241 901 1382 944 molto
1399 900 1531 953 male,
1552 906 1598 944 et
1614 900 1699 942 che
1717 912 1810 941 non
1827 910 1943 954 pen-

303 980 392 1024 sasi
414 981 458 1023 d'
491 979 675 1023 andarci
703 994 784 1036 per
812 979 990 1023 adesso.
1024 979 1072 1021 Io
1100 979 1222 1022 staro
1255 976 1498 1030 aduertito,
1534 983 1580 1022 et
1611 990 1665 1020 co
1698 976 1731 1018 'l
1763 974 1947 1018 stimolo

304 1059 422 1102 della
443 1058 628 1102 volonta
651 1057 770 1102 della
793 1058 846 1100 P.
873 1057 952 1108 V.‚
978 1039 1058 1112 per
1080 1055 1265 1100 andarci
1288 1069 1466 1112 sempre
1488 1055 1561 1097 ch’
1591 1053 1778 1097 intenda
1804 1049 1946 1096 esser'

306 1136 502 1192 qualche
524 1134 758 1192 probabile
779 1133 966 1188 sicurta,
991 1139 1037 1177 et
1059 1132 1260 1176 scriuero
1281 1132 1433 1177 subito
1450 1147 1477 1175 a
1495 1130 1684 1189 Pariggi
1701 1131 1847 1186 quest’
1866 1143 1943 1172 or-

305 1213 411 1258 dine
434 1221 480 1258 et
503 1212 686 1256 volonta
708 1211 828 1256 della
851 1213 903 1255 P.
932 1211 1009 1263 V.‚
1035 1210 1161 1254 accio
1185 1211 1247 1253 m'
1271 1209 1449 1254 auisino
1469 1223 1649 1266 sempre
1676 1209 1762 1252 che
1789 1206 1942 1264 giudi-

307 1293 506 1334 cherano
529 1292 614 1334 che
636 1289 675 1333 si
698 1288 819 1346 possi
840 1289 1024 1332 andare.
1051 1289 1107 1331 Et
1130 1288 1246 1331 oltre
1268 1303 1294 1331 a
1323 1294 1501 1343 questo,
1531 1286 1575 1330 io
1607 1285 1668 1329 mi
1699 1284 1947 1335 informare>

307 1369 427 1411 della
449 1374 574 1410 corte
596 1374 642 1410 et
663 1381 743 1423 per
764 1365 837 1410 via
859 1366 903 1408 d'
935 1366 1163 1418 Anuersa,
1196 1371 1368 1420 quanto
1398 1366 1581 1420 puotro.
1618 1365 1665 1406 Io
1686 1369 1828 1407 vstaua
1859 1375 1947 1405 con

310 1459 427 1502 poco
450 1459 477 1488 o
498 1444 634 1487 nisun
657 1443 882 1487 desiderio
903 1457 930 1485 o
954 1441 1248 1486 inclinatione
1270 1442 1314 1485 d’
1340 1442 1496 1485 andar’
1522 1456 1548 1484 a
1570 1442 1728 1484 Roma.
1749 1439 1948 1491 Adesso,

312 1522 520 1566 vedendo
542 1522 586 1564 la
607 1521 792 1564 volonta
814 1519 933 1564 della
957 1521 1009 1563 P.
1038 1521 1117 1573 V.‚
1142 1519 1204 1562 mi
1233 1534 1316 1562 son
1346 1525 1464 1562 tutto
1493 1524 1685 1570 mutato,
1716 1523 1762 1560 et
1789 1518 1849 1559 m’
1879 1515 1944 1560 in-

312 1599 432 1643 clino
454 1599 784 1655 grandemente
805 1612 832 1641 a
854 1596 1053 1640 andarci.
1082 1597 1116 1640 Il
1141 1596 1337 1653 Signore
1359 1595 1420 1640 mi
1442 1594 1654 1639 conserui
1675 1609 1755 1651 per
1776 1607 1859 1637 sua
1880 1592 1951 1636 in-

313 1675 440 1719 finita
461 1676 602 1718 bonta
623 1681 786 1731 questa
809 1673 995 1728 facilita,
1021 1681 1068 1717 et
1095 1675 1124 1716 Γ
1161 1673 1399 1730 augmenti
1431 1687 1458 1716 a
1488 1671 1700 1729 maggior
1731 1669 1875 1727 gloria
1905 1668 1953 1712 di

315 1768 398 1797 sua
419 1752 575 1797 diuina
598 1753 787 1796 Maesta.
1988 1791 1991 1794 ,

406 1843 450 1884 4.
518 1829 652 1874 Circa
675 1828 707 1871 il
729 1828 923 1884 collegio
944 1828 990 1871 di
1011 1830 1189 1882 Duaco,
1215 1829 1274 1871 ho
1295 1827 1372 1886 gia
1393 1826 1550 1871 scritto
1578 1827 1664 1870 alla
1692 1827 1745 1869 P.
1776 1825 1834 1868 V.
1865 1825 1953 1868 che

320 1908 359 1951 s’
384 1909 409 1951 ἑ
434 1907 661 1959 riceuutta
682 1906 725 1948 la
748 1920 831 1949 sua
853 1906 1060 1962 risposta3
1085 1913 1131 1950 et
1152 1905 1173 1933 ¹³
1201 1905 1231 1948 li
1253 1906 1313 1949 ho
1334 1905 1546 1949 mandata
1577 1904 1618 1948 la
1648 1902 1815 1959 replica
1845 1901 1951 1945 dell’

320 1985 485 2029 abbate
507 1986 541 2037 ⁶,
567 1997 621 2027 co
644 1983 677 2025 ’l
700 1996 858 2040 parere
880 1983 969 2026 mio
991 1990 1036 2026 et
1058 1982 1104 2025 di
1127 1981 1275 2038 questi
1298 1981 1450 2035 Padri,
1476 1981 1597 2025 circa
1618 1980 1649 2023 il
1670 1980 1805 2023 modo
1826 1993 1956 2023 come

321 2062 358 2105 si
382 2061 635 2118 puotrebbe
657 2060 849 2104 riceuer’
874 2061 978 2115 quel
1001 2060 1211 2116 collegio.
1238 2061 1303 2103 La
1323 2059 1398 2103 cui
1420 2073 1596 2102 summa
1623 2059 1663 2111 ἐ,
1695 2058 1784 2100 che
1813 2055 1842 2099 Γ
1874 2057 1956 2099 31)-

322 2141 428 2183 bate
456 2138 494 2182 si
525 2137 883 2183 contentarebbe
912 2139 956 2179 d’
989 2137 1098 2194 ogni
1130 2151 1255 2190 cosa,
1296 2137 1496 2180 secondo
1532 2135 1562 2178 Γ
1602 2134 1809 2178 instituto
1841 2133 1960 2178 della

324 2214 627 2272 Compagnia.
655 2214 764 2260 Solo
785 2216 1009 2258 vorrebbe
1030 2217 1116 2259 che
1138 2215 1181 2258 13
1204 2216 1257 2258 Ρ.
1284 2216 1342 2258 V.
1375 2213 1488 2257 fussi
1517 2219 1732 2257 contenta
1760 2213 1817 2256 de
1844 2210 1957 2254 assi-

326 2294 522 2347 eurarlo,
548 2291 619 2336 ch'
648 2293 699 2335 in
730 2295 886 2335 euento
912 2293 999 2336 che
1028 2292 1093 2362 gii
1120 2291 1263 2335 nostri
1295 2305 1389 2334 non
1419 2291 1700 2348 leggessero,
1734 2287 1763 2331 Γ
1793 2288 1960 2332 intrate

394 2437 415 2458 a
453 2440 475 2475 4
493 2430 614 2466 verba
631 2440 741 2477 seqq.
761 2440 877 2476 supra
896 2441 997 2464 vers.
1018 2428 1168 2465 addidit
1186 2427 1328 2464 lib.—b
1343 2437 1364 2463 2
1383 2428 1504 2464 verba
1517 2438 1626 2474 seqq.
1642 2438 1758 2473 supra
1775 2437 1878 2466 vers.
1895 2423 1959 2460 ad·

324 2489 424 2525 didit
441 2489 528 2525 libr.

398 2604 405 2623 ¹
459 2602 560 2638 Vide
579 2601 694 2650 epist.
714 2600 798 2646 518,
817 2613 855 2636 n.
882 2610 917 2645 5.

396 2665 410 2683 ”²
462 2660 661 2700 Oliverius
680 2662 899 2702 Manareus,
919 2659 1170 2707 provincialis
1194 2660 1394 2697 Franciae.

398 2723 412 2741 ⁵
463 2722 613 2767 Auger,
633 2720 857 2768 provinciae
872 2720 1108 2766 Aquitaniae
1126 2720 1385 2767 praepositus.

398 2782 413 2801 ⁴
463 2780 603 2827 Haius,
621 2785 750 2816 rector
766 2778 924 2824 collegii
943 2779 1185 2825 parisiensis.

398 2840 412 2861 ⁵
462 2840 646 2876 Provisor
669 2838 865 2886 generalis
890 2839 1088 2875 exercitus
1115 2844 1155 2874 et
1178 2838 1317 2874 classis
1344 2836 1635 2884 Hispaniarum.
1661 2835 1722 2872 Cf.
1749 2835 1967 2877 CABRERA‚

328 2899 401 2934 loc.
423 2899 505 2944 cit.,
526 2899 596 2935 lib.
615 2899 703 2944 VII,
722 2910 807 2945 cap.
826 2906 897 2942 V113
925 2904 965 2933 et
990 2899 1221 2946 GACHARD,
1252 2897 1603 2945 Correspondance
1626 2896 1673 2931 de
1698 2895 1886 2942 Philippa
1910 2893 1968 2940 II,

327 2970 400 2992 sur
418 2959 473 2994 les
489 2971 514 2993 ιι
510 2957 667 3004 ffaires
683 2959 750 2994 des
769 2957 990 3003 pays-Bas,
1010 2958 1041 2999 Ι,
1061 2957 1144 3003 487.
1568 2999 1570 3001 ,

398 3016 413 3037 ⁶
464 3017 794 3064 Aquicinctensis.
829 3016 930 3052 Vide
961 3016 1077 3063 epist.
1111 3026 1195 3062 509,
1223 3029 1261 3052 n.
1289 3015 1325 3062 33
1354 3024 1439 3061 510,
1466 3027 1505 3052 n.
1537 3013 1573 3058 33
1602 3021 1686 3060 515,
1714 3024 1753 3048 n.
1778 3022 1814 3058 4;
1837 3017 1878 3048 et
1902 3023 1967 3059 ap-

328 3076 447 3123 pend.
470 3076 551 3112 LX.
