2228 3548
447 329 513 369 724
958 320 1096 356 Ems‘r.
1124 317 1167 354 P.
1196 319 1258 355 NA
1264 319 1468 365 DAz-607

393 439 537 483 gnore
559 423 635 481 gia
660 437 717 467 ne
738 423 879 467 siamo
901 421 1029 479 quasi
1051 422 1125 466 del
1148 427 1267 466 tutto
1288 421 1434 475 liberi,
1459 422 1623 479 perche
1645 423 1896 468 auanthieri
1916 438 2027 480 par-

392 503 540 546 tirono
564 501 670 557 quei
691 501 737 544 di
760 502 945 557 Spanna
966 507 1012 543 et
1035 499 1314 556 Portogallo,
1340 507 1386 544 et
1406 515 1500 544 non
1521 507 1643 545 resta
1664 499 1742 556 qui
1762 501 1836 544 del
1855 502 1909 544 P.
1936 500 2020 546 Vi—

389 579 531 623 ctoria
558 580 587 633 ¹,
613 584 905 635 procuratore
927 576 972 620 di
999 576 1178 633 Napoli,
1210 576 1240 619 il
1273 577 1406 632 quale
1437 576 1652 621 domanni
1688 592 1738 621 se
1769 592 1827 623 ne
1855 593 1929 622 va.
1964 577 2020 624 S}

388 671 478 712 que
509 663 529 684 a
556 657 614 700 V.
646 657 699 699 R.
728 655 785 698 da
807 654 884 711 qui
913 653 1063 698 inanzi
1098 654 1226 711 potra
1263 654 1463 700 scriuere
1497 654 1841 709 distesamente,
1879 669 2016 701 senza

390 733 585 789 pericolo
606 732 652 775 di
674 731 1016 786 scommodarci,
1043 731 1254 776 massime
1281 732 1473 776 essendo
1493 732 1535 776 le
1557 746 1638 776 sue
1659 732 1821 776 lettere
1840 746 2018 790 sempre

389 811 467 854 tali
495 812 580 855 che
606 810 651 853 in
682 809 981 866 qualsivoglia
1010 794 1160 866 tempo
1188 808 1229 852 ci
1257 823 1371 853 sono
1400 809 1672 866 gratissime.
1713 810 1889 866 Impero
1925 823 2018 854 non

387 891 424 932 s'
449 887 648 932 affatichi
670 901 750 943 per
771 886 1021 930 consolarci
1043 901 1130 930 con
1152 886 1433 943 pregiudicio
1454 886 1500 930 di
1527 901 1610 930 sua
1637 887 1801 931 sanita.
1833 888 2027 943 Quanto

387 980 410 1008 3
433 965 526 1018 noi,
552 965 695 1008 siamo
717 964 815 1008 sani
837 978 916 1021 per
937 964 1084 1021 gratia
1111 964 1156 1007 di
1187 964 1291 1018 Dio,
1326 964 1383 1008 ne
1410 965 1467 1008 de
1494 964 1776 1021 procuratori
1806 963 2029 1008 hauiamo

387 1049 551 1100 saputo
574 1043 704 1096 altro,
729 1049 917 1098 eccepto
940 1043 1025 1084 che
1046 1041 1077 1084 il
1108 1044 1160 1085 Ρ.
1192 1041 1358 1094 Vinck,
1391 1055 1521 1085 come
1553 1042 1612 1085 V.
1648 1043 1701 1086 R.
1743 1041 1818 1099 gia
1849 1041 2019 1090 hauera

387 1128 565 1177 saputo,
591 1120 614 1163 ὲ
638 1119 804 1163 andato
831 1117 901 1163 all'
925 1120 1037 1162 altra
1067 1118 1175 1163 vita.
1207 1120 1273 1163 La
1299 1126 1427 1175 peste
1455 1132 1607 1162 cresce
1636 1118 1682 1162 in
1710 1118 1941 1176 Vineggia
1972 1125 2026 1164 et

388 1198 560 1250 Padoa,
584 1197 631 1240 di
651 1197 788 1240 modo
809 1198 894 1239 che
915 1196 930 1238 i
952 1196 1094 1239 nostri
1123 1209 1234 1239 sono
1261 1196 1367 1239 stati
1395 1195 1602 1240 costretti
1630 1195 1822 1249 vscirne,
1855 1203 1901 1241 et
1930 1197 2015 1240 ha·

385 1274 530 1318 bitare
551 1274 598 1317 in
621 1273 740 1326 ville,
762 1273 929 1318 eccetti
950 1273 963 1315 i
987 1273 1178 1329 operarii
1205 1272 1462 1318 necessarii.
1489 1275 1539 1316 In
1558 1273 1713 1318 Sicilia
1734 1272 1772 1316 si
1794 1273 1839 1316 di
1861 1274 1946 1318 che
1973 1274 2015 1317 al

386 1351 613 1395 contrario
633 1350 671 1394 si
693 1350 953 1404 sminuisce,
979 1350 1024 1393 di
1052 1351 1187 1394 modo
1209 1351 1294 1394 che
1321 1349 1544 1407 speriamo
1572 1351 1660 1394 che
1682 1350 1713 1393 il
1735 1352 1787 1394 Ρ.
1815 1351 2022 1399 Polanco-

385 1435 538 1485 presto
558 1428 690 1471 verra
713 1427 756 1471 la
778 1428 901 1470 volta
927 1428 973 1469 d'
997 1427 1138 1470 Italia.
1166 1428 1215 1470 In
1238 1426 1407 1471 Milano
1427 1441 1542 1470 sono
1563 1428 1727 1471 alcune
1749 1426 1864 1471 case
1879 1426 2018 1472 infet—

388 1513 447 1549 te.
475 1505 567 1561 Qui
589 1520 669 1561 per
691 1505 733 1548 la
755 1504 844 1548 Dio
868 1504 1013 1561 gratia
1041 1519 1133 1548 non
1163 1505 1185 1548 ὲ
1220 1504 1415 1549 arriuata
1446 1519 1614 1548 ancora
1649 1505 1693 1548 la
1723 1503 2014 1562 contagione3

386 1583 661 1626 nondimeno
683 1581 720 1625 si
743 1588 862 1626 teme
885 1582 1039 1635 m01t0,
1066 1591 1109 1626 et
1132 1581 1170 1625 si
1192 1582 1237 1625 fa
1259 1581 1562 1638 grandissima
1583 1581 1786 1638 guardia.
1810 1583 1914 1624 Fiat
1941 1596 2018 1624 vo-

388 1660 540 1702 luntas
570 1659 762 1720 Domini
789 1657 836 1700 in
868 1665 986 1701 tutto
1013 1666 1060 1702 et
1088 1673 1168 1715 per
1195 1665 1332 1711 tutto,
1363 1665 1408 1702 et
1445 1658 1519 1702 cui
1542 1658 1702 1702 diuina
1730 1661 1840 1703 Mta.
1875 1673 2025 1716 prego

387 1736 625 1780 continuar
646 1751 672 1779 a
694 1737 750 1780 V.
777 1737 831 1778 R.
858 1736 899 1779 la
927 1751 1010 1779 sua
1039 1743 1170 1779 santa
1197 1735 1344 1793 gratia
1374 1742 1419 1780 et
1452 1735 1559 1778 doni
1590 1736 1762 1790 celesti,
1795 1751 1826 1792 y
1853 1735 1913 1779 mi
1941 1750 2017 1780 ra-

389 1813 672 1866 commando,
698 1820 787 1857 ete.
813 1812 872 1855 Di
895 1815 1052 1865 Roma,
1076 1827 1103 1856 a
1126 1824 1180 1855 22
1203 1812 1248 1855 di
1271 1812 1379 1867 7))ῑ*ὲ
1411 1813 1537 1868 1576.

1151 1942 1272 1982 ao?

834 2029 885 2070 P.
914 2028 1324 2072 HIERONYMUS
1355 2028 1572 2071 NADAL

703 2115 887 2151 PATRI
926 2115 1256 2154 EVERARDO
1294 2115 1701 2154 MERCURIANO

881 2202 1038 2239 HALAE,
1057 2203 1102 2240 ²7
1119 2202 1377 2231 SEPTEMBms
1398 2193 1489 2239 1576
1506 2196 1534 2228 2.

748 2271 810 2306 De
827 2271 1088 2319 imaginibus,
1108 2271 1447 2314 annotationibus,
1466 2272 1568 2307 socio
1584 2274 1655 2307 etc.

478 2355 510 2411 †
543 2355 684 2399 Molto
711 2355 825 2398 Rdo.
859 2357 907 2399 P.
945 2357 1001 2399 N.
1034 2356 1080 2398 in
1113 2355 1197 2399 X.⁰
1226 2357 1323 2398 Pax
1358 2353 1434 2398 Χ.ἰ
1460 2356 1526 2399 La
1551 2354 1799 2412 penultima
1835 2356 1918 2399 che
1954 2356 2023 2398 ho

389 2431 435 2474 di
457 2433 514 2475 V.
542 2434 595 2475 P.
619 2433 643 2476 e
666 2432 711 2475 di
732 2447 760 2490 9
781 2433 827 2475 di
848 2434 991 2487 Iunio;
1011 2434 1054 2477 13
1070 2433 1227 2477 Vltima
1242 2434 1298 2476 de
1316 2445 1372 2476 20
1392 2432 1439 2475 di
1455 2434 1649 2490 Agosto,
1669 2433 1787 2477 nella
1803 2432 1936 2488 quale
1951 2431 2013 2475 mi

389 2508 489 2553 dice
510 2509 715 2553 hauermi
736 2509 873 2553 serito
895 2511 952 2555 de
973 2511 1085 2555 altre
1107 2524 1212 2553 cose
1232 2523 1346 2566 poco
1369 2509 1538 2552 auanti:
1559 2515 1718 2565 questa
1739 2510 1899 2552 lettera
1920 2522 2011 2551 non

388 2587 447 2628 ho
470 2593 727 2630 resceuuta.
759 2587 890 2631 Nella
912 2588 956 2630 di
980 2600 1052 2641 20,
1077 2587 1194 2631 vista
1215 2588 1258 2630 la
1285 2587 1477 2630 volunta
1498 2586 1543 2629 di
1571 2588 1627 2630 V.
1655 2588 1728 2639 P.‚
1753 2587 1814 2629 ho
1843 2587 1946 2629 date
1967 2586 2017 2630 le<

385 2662 588 2723 imagini,
614 2663 892 2707 annotationi
915 2672 960 2709 et
982 2664 1262 2708 meditationi
1290 2664 1332 2707 al
1361 2666 1414 2707 P.
1439 2662 1668 2708 Florentio
1691 2664 1723 2706 ³.
1749 2664 1855 2707 Non
1876 2662 2011 2706 dubi-

458 2806 479 2827 a
519 2800 600 2846 Sic,
619 2812 688 2848 pro
706 2801 785 2837 che.

459 2901 467 2921 ¹
521 2903 692 2948 Joannes
708 2901 893 2947 Victoria,
912 2902 1024 2949 cujus
1048 2903 1232 2950 frequens
1258 2902 1405 2939 mentio
1427 2901 1530 2938 facta
1551 2906 1612 2938 est
1635 2902 1676 2938 in
1700 2902 1778 2937 vol.
1806 2902 1857 2938 11.
1882 2901 2017 2949 Epist.

388 2960 527 2996 Natal-

455 3022 469 3042 2
520 3021 578 3055 Ex
601 3021 854 3068 autographo,
884 3021 923 3057 in
954 3022 1083 3069 Epist.
1115 3022 1270 3065 Natat„
1301 3022 1353 3067 ΙΙ,
1384 3021 1530 3069 duplici
1560 3021 1627 3057 fol.
1619 3046 1644 3066 .‚
1674 3019 1744 3066 248
1767 3019 1880 3065 (161).
1910 3018 2017 3055 Vide-

380 3077 500 3124 epist.
519 3079 590 3114 600
607 3085 648 3115 et
665 3079 750 3124 605,
769 3078 910 3127 quibus
928 3081 991 3116 hic
1009 3079 1279 3128 respondetur.

454 3137 468 3157 ³
517 3137 561 3172 P.
581 3138 768 3174 Martinus
786 3139 1021 3185 Florentius,
1040 3139 1089 3175 de
1107 3151 1183 3187 quo
1201 3140 1291 3176 vide
1309 3152 1440 3188 supra,
1458 3140 1573 3188 epist.
1596 3139 1679 3186 5963
1700 3145 1740 3176 et
1756 3139 1841 3184 605.
