2228 3548
859 293 903 332 13
928 295 1098 332 Arruns
1126 293 1219 340 1566
1755 296 1799 332 61

214 395 301 439 disi
322 394 354 438 il
375 410 492 453 gran
513 410 737 442 concurso
758 405 804 442 et
825 397 1129 454 occupatione
1149 395 1236 442 che
1257 398 1513 441 haueuamo
1535 398 1655 444 nelle
1674 399 1858 445 confes—

216 473 348 526 sioni,
384 473 415 516 il
437 488 629 518 numero
649 476 767 520 delle
795 475 935 532 quali,
968 489 1048 533 per
1077 489 1168 519 non
1206 475 1465 519 ritrouarmi
1493 476 1535 519 al
1566 484 1777 532 presente
1808 477 1857 522 in

218 551 450 607 Augusta,
469 566 561 594 non
579 567 713 608 posso
734 553 1012 610 specificare.
1035 554 1125 596 Tra
1148 552 1194 596 di
1211 553 1309 596 loro
1327 553 1490 596 furono
1507 553 1645 597 molte
1661 568 1856 610 persone

219 627 358 671 nobili
379 634 426 672 et
446 627 696 685 principali,
721 644 851 675 come
871 629 1055 680 alchuni
1076 628 1201 673 conti
1223 636 1271 673 et
1287 636 1355 673 tre
1375 633 1403 674 ὀ
1420 637 1582 686 quatro
1603 631 1854 676 ambascia-

219 704 305 748 tori
325 711 414 748 etc.
441 706 499 748 Et
519 707 769 751 solamente
788 706 819 749 li
841 706 1148 750 comunicanti
1172 707 1222 749 in
1232 706 1449 762 paschate
1465 707 1584 751 nella
1600 714 1756 752 nostra
1775 721 1852 751 ca-

216 782 333 838 pella
365 782 478 839 (cioe
499 783 722 828 forestieri
744 791 790 829 et
811 783 1108 841 cortegiani)‚
1139 783 1170 827 li
1196 783 1319 839 quali
1348 783 1379 826 11
1407 785 1537 828 Rmo.
1564 785 1613 828 d’.
1636 786 1854 842 Augusta

216 860 265 902 fu
287 860 429 903 molto
446 867 662 904 contento
680 861 1022 906 comunicasero
1038 861 1095 904 da
1112 859 1204 913 noi,
1225 860 1266 903 ci
1283 875 1452 917 pareua
1469 862 1724 905 sarebbono
1747 875 1851 917 3003

212 950 287 980 ma
307 936 339 979 il
362 938 493 980 Rmo.
515 937 668 994 legato
689 937 1072 982 domandandomi
1094 936 1252 993 quanti
1283 937 1461 981 sariano
1484 938 1759 982 comunicati
1773 973 1783 992 ,
1809 947 1855 983 et

212 1013 440 1058 dicendoli
463 1013 507 1056 io
531 1027 639 1070 300,
664 1014 725 1058 mi
752 1015 874 1059 disse
905 1016 991 1060 che
1018 1014 1198 1058 sariano
1219 1013 1320 1070 pisi,
1345 1013 1606 1070 imperoche
1628 1016 1723 1060 Sua
1745 1015 1854 1060 83¹⁸

215 1090 355 1134 Illma.
391 1091 511 1135 nella
542 1105 625 1134 sua
655 1106 819 1144 messa,
859 1092 944 1135 che
965 1090 1063 1135 dise
1091 1091 1197 1146 quel
1227 1089 1390 1147 giorno
1427 1091 1471 1133 di
1505 1093 1673 1147 pascha
1705 1093 1854 1148 (corne

214 1181 372 1224 spesso
394 1168 522 1211 suole
542 1168 670 1226 dirla)
693 1169 811 1214 nella
832 1174 989 1212 nostra
1021 1167 1215 1224 capella,
1240 1181 1442 1224 pensaua
1464 1170 1667 1213 hauerne
1694 1183 1852 1213 comu-

218 1243 370 1288 nicato
396 1255 494 1300 150,
518 1259 546 1288 o
566 1245 660 1302 pisi.
685 1245 843 1290 Gloria
862 1245 930 1289 sia
951 1245 994 1289 al
1010 1243 1222 1301 Signore.
1244 1245 1335 1288 Tra
1352 1245 1517 1301 questi,
1538 1245 1667 1288 molti
1683 1246 1758 1290 chi
1774 1261 1854 1303 per

215 1335 311 1364 non
333 1335 443 1366 auer
456 1328 478 1349 ⁸
498 1321 717 1366 ritrouato
739 1323 999 1367 confessore
1020 1321 1138 1365 della
1154 1335 1239 1365 sua
1261 1320 1437 1379 lingua,
1463 1322 1537 1365 0ὴί
1558 1337 1639 1379 per
1659 1323 1851 1380 negotij,

214 1397 289 1441 chi
311 1413 391 1455 per
414 1413 539 1444 esser
559 1406 677 1443 stato
701 1407 769 1444 tra
789 1399 979 1445 heretici
1000 1406 1109 1454 etc.,
1136 1413 1228 1442 non
1256 1398 1294 1442 si
1326 1413 1467 1442 erano
1489 1400 1749 1453 confessam,
1775 1400 1848 1446 chi

210 1476 268 1520 da
291 1476 366 1520 doi
392 1477 514 1530 anni,
534 1477 609 1520 chi
630 1477 688 1521 da
709 1483 889 1534 quatro,
915 1483 961 1522 et
982 1476 1055 1520 chi
1077 1476 1136 1520 da
1153 1476 1178 1519 8
1201 1475 1308 1522 anni
1324 1474 1371 1520 in
1389 1490 1494 1532 qua.
1515 1478 1634 1522 Dete
1650 1479 1850 1522 anchora

218 1552 399 1597 licentia
420 1555 448 1596 l'
477 1554 618 1598 Illmo.
659 1561 933 1612 augustano,
970 1554 1110 1597 molto
1147 1567 1234 1596 con
1266 1567 1349 1597 sua
1385 1568 1500 1610 gran
1533 1553 1848 1609 sodisfatione,

208 1630 340 1674 accio
366 1631 561 1677 alchune
582 1629 853 1690 matr[one]”
875 1630 1111 1688 principali
1128 1637 1384 1687 augustane
1416 1630 1759 1676 comunicasero
1791 1632 1850 1676 da

209 1707 319 1766 n[oi]
340 1714 375 1762 ’ἢ
397 1707 673 1765 imperoche,
699 1709 894 1754 essendo
909 1709 1009 1753 loro
1022 1707 1170 1751 mariti
1188 1707 1392 1760 heretici,
1410 1722 1490 1764 per
1505 1708 1635 1752 viuer
1649 1722 1736 1753 con
1753 1710 1850 1754 loro

209 1785 256 1829 in
278 1799 409 1842 pace,
443 1786 682 1830 almancho
704 1786 901 1843 politica,
936 1785 967 1828 li
993 1784 1251 1829 conueniua
1280 1786 1374 1829 fare
1396 1786 1547 1842 quello
1573 1787 1659 1831 che
1677 1785 1713 1830 si
1736 1800 1849 1830 con—

215 1861 349 1907 01000
383 1877 410 1906 3
440 1862 581 1905 buoni
611 1862 845 1907 christiani
875 1861 1245 1907 secretamente.‘¹
1270 1861 1319 1905 in
1346 1862 1513 1906 alchun
1545 1863 1646 1906 loco
1673 1862 1850 1907 ritirato

217 1941 362 1997 (corne
383 1941 409 1983 0
436 1941 480 1983 13
509 1946 663 1984 nostra
684 1940 870 1996 capella)
893 1947 939 1983 et
960 1953 1051 1983 non
1073 1939 1191 1984 nelle
1212 1938 1380 1984 chiesie
1398 1939 1650 1996 principali.

305 2028 346 2060 2.
414 2017 448 2060 11
472 2019 525 2060 Ρ.
547 2016 730 2061 Canisio
746 2017 911 2069 hebbe‚
928 2022 1088 2072 questa
1104 2015 1345 2059 settimana
1363 2024 1492 2059 santa
1510 2016 1851 2073 specialmente,

219 2107 332 2150 gran
361 2107 581 2137 concorso
610 2081 727 2138 00110
755 2107 838 2138 500
863 2093 1100 2150 prediche,
1125 2093 1211 2136 alle
1238 2092 1359 2150 quali
1388 2095 1525 2136 etiam
1547 2108 1660 2137 sono
1690 2093 1852 2137 uenuti

209 2184 264 2226 pa
271 2169 397 2214 rechi
418 2169 604 2215 heretici
624 2172 839 2226 (quorum
858 2170 994 2212 corda
1015 2171 1144 2213 Deus
1160 2170 1414 2214 benedictus
1430 2185 1516 2213 sua
1532 2171 1853 2214 misericordia

214 2247 486 2289 illuminare
507 2247 755 2303 dignetur)
771 2262 784 2289 .·
805 2246 991 2304 giouedi
1017 2253 1063 2290 et
1090 2247 1277 2291 venerdi
1303 2255 1435 2291 santo
1462 2247 1646 2304 predico
1675 2254 1791 2292 sette
1822 2261 1852 2291 o

215 2330 314 2368 otto
341 2325 482 2376 hore3
517 2323 772 2379 imperoche
801 2323 987 2380 giouedi
1013 2324 1132 2381 dopo
1159 2338 1314 2369 mezzo
1341 2324 1504 2382 giorno
1533 2324 1803 2369 incomincio
1824 2340 1852 2369 a

217 2401 436 2457 predicar’
461 2401 514 2443 de
531 2402 755 2444 Passione
776 2416 856 2457 per
876 2401 951 2444 doi
973 2415 1000 2444 o
1022 2408 1090 2445 tre
1111 2403 1240 2456 hore,
1260 2409 1306 2446 et
1322 2403 1508 2447 venerdi
1527 2403 1624 2445 fece
1641 2401 1715 2445 doi
1732 2402 1847 2445 altre

217 2478 446 2534 prediche,
470 2477 744 2535 seguitando
764 2479 808 2521 13
827 2478 990 2524 15ῒο553
1010 2478 1198 2524 materia
1213 2494 1294 2536 per
1309 2479 1475 2537 cinque
1497 2480 1611 2523 altre
1631 2481 1757 2524 hore.
1779 2480 1846 2523 La

216 2554 456 2599 domenica
483 2556 586 2599 dell'
612 2555 733 2599 oliua
759 2554 942 2612 publico
971 2555 1003 2598 11
1034 2555 1238 2612 giubileo
1276 2556 1590 2600 ultimamente
1626 2570 1847 2601 concesso

214 2632 333 2675 dalla
353 2631 520 2675 santita
540 2631 585 2675 di
608 2639 766 2676 nostro
785 2631 988 2689 signore,
1014 2631 1045 2675 il
1068 2633 1202 2688 quale
1217 2634 1277 2677 ha
1293 2633 1605 2691 guadagniato
1628 2647 1742 2689 gran
1760 2647 1850 2675 nu-

284 2796 306 2818 8
342 2790 429 2825 Ηο0
447 2791 560 2826 verb.
587 2789 764 2826 additum
783 2795 844 2825 est
869 2800 986 2836 supra
1005 2800 1112 2825 vers.
1138 2800 1161 2825 a
1177 2789 1266 2826 libr.
1277 2790 1339 2818 —b
1358 2790 1445 2825 Hoc
1465 2789 1577 2824 verb.
1590 2816 1599 2834 ,
1622 2794 1856 2836 consumpta

213 2849 362 2895 charta,
381 2849 522 2896 partim
539 2848 813 2896 disparuit.—c
843 2848 987 2885 Charta
1005 2847 1151 2891 attrita,
1170 2849 1244 2885 hoc
1262 2850 1378 2885 verb.
1401 2848 1484 2884 fere
1503 2849 1753 2895 absumptum
1772 2854 1852 2884 est.

214 2907 284 2935 -d
310 2907 399 2943 Hoc
418 2909 532 2943 verb.
559 2919 676 2955 supra
694 2919 800 2944 vers.
825 2907 1001 2943 additum
1020 2913 1081 2943 est
1099 2919 1122 2943 a
1139 2907 1229 2944 libr.

220 3055 284 3079 res
309 3045 474 3080 sabbato
497 3045 540 3080 in
561 3045 686 3087 Albis,
706 3056 766 3080 sc.
792 3043 835 3080 13
860 3044 1021 3091 Aprilis,
1045 3044 1159 3081 datae
1177 3044 1336 3093 fuerint,
1355 3045 1448 3081 licet
1465 3045 1568 3081 clare
1587 3049 1627 3080 et
1651 3043 1856 3091 perspicue

223 3101 423 3149 scripserit
441 3102 619 3148 Jimenez
637 3104 848 3151 Dilingae,
869 3113 919 3148 19
937 3103 1111 3150 Aprilis.
