2228 3548
434 288 491 315 XII
872 276 1127 311 PROOEMIUM
1153 280 1293 308 TERTII
1320 277 1546 308 VOLUMINIS

400 382 546 425 Padre
569 379 825 433 charisimo,
851 393 940 434 que
962 378 1019 421 de
1041 377 1154 419 cada
1176 375 1249 417 dia
1271 375 1362 430 doy
1384 387 1594 430 mayores
1616 373 1795 431 gracias
1823 374 1866 418 al
1888 375 2036 420 Sefior

390 479 472 522 por
495 478 549 506 su
571 462 644 505 ida
666 466 691 505 a
719 460 982 513 Germania,
1014 458 1359 516 pareciendome
1388 471 1478 514 que
1500 471 1585 500 con
1615 457 1702 502 ella
1731 471 1781 501 se
1810 473 1882 503 me
1905 457 2032 515 quita

387 563 448 590 vn
471 562 585 603 gran
616 546 824 601 cuydado
862 559 919 588 en
956 544 1022 587 las
1058 557 1189 586 cosas
1225 542 1383 586 dessas
1404 540 1680 598 prouincias,
1705 556 1734 598 y
1756 555 1846 597 que
1869 545 2030 586 teman

394 637 546 686 pastor
568 644 655 685 que
674 630 739 672 las
755 643 871 682 ama,
891 643 921 684 y
943 628 1169 684 guardara
1190 642 1220 683 y
1242 626 1442 682 ayudara
1463 639 1551 668 con
1572 624 1832 682 diligencia3
1851 640 1881 682 y
1897 640 2029 670 como

388 728 465 757 sea
486 720 583 757 esto
606 727 695 755 vno
718 713 774 756 de
797 713 864 755 105
886 711 1159 768 principales
1190 709 1412 767 negocios
1441 723 1530 765 que
1557 709 1602 752 la
1629 710 1886 765 Compafiia
1907 708 2029 754 tiene

386 812 444 841 en
467 798 663 852 Europa,
689 797 858 839 mucho
880 809 954 838 me
975 795 1192 839 consuela
1212 795 1256 838 10
1279 808 1367 850 que
1385 792 1511 850 digo,
1532 793 1788 849 esperando
1810 806 1868 836 en
1885 792 1927 835 el
1943 792 2034 837 Se·
2072 813 2074 818 ·

391 887 471 922 nor
493 894 582 935 que
604 894 659 923 su
681 878 755 922 ida
774 880 850 923 fue
871 894 980 936 para
997 886 1097 924 esto
1114 883 1210 922 mas
1227 893 1316 935 que
1333 892 1444 934 para
1459 877 1503 920 la
1519 876 1658 930 dieta,
1677 890 1792 932 pues
1809 889 1883 921 me
1898 875 2032 920 dizen

388 976 475 1017 que
498 978 557 1006 en
577 963 716 1007 breve
738 977 787 1007 se
809 963 1017 1015 acabara,
1043 977 1073 1019 y
1089 965 1153 1006 asi
1177 962 1235 1006 de
1256 975 1410 1005 nueuo
1433 975 1482 1005 se
1505 960 1548 1003 lo
1571 959 1741 1003 bueluo
1770 958 1877 1002 todo
1898 962 1925 1002 a
1947 973 2032 1004 en-

391 1046 680 1100 comendar,›>
706 1052 795 1090 etc.
822 1048 911 1104 (50,
938 1047 1024 1103 51).
1051 1047 1102 1089 In
1123 1044 1329 1102 collegiis
1345 1058 1536 1088 romano
1551 1050 1597 1087 et
1614 1042 1898 1100 germanico,
1917 1049 1963 1087 et
1983 1042 2032 1087 in

389 1129 526 1173 domo
550 1129 828 1186 probationis
850 1130 998 1174 sancti
1027 1130 1260 1183 Andreae,
1286 1128 1481 1185 optimos
1502 1126 1779 1172 Germaniae
1800 1125 2032 1184 operarios

394 1221 629 1270 praeparat
666 1215 756 1271 (13,
793 1225 864 1270 51,
897 1215 971 1268 66,
1002 1215 1076 1271 69,
1110 1214 1183 1267 87,
1222 1224 1319 1268 151,
1352 1225 1455 1265 201,
1482 1212 1605 1268 etc.).
1640 1210 1834 1255 Animos
1867 1223 2030 1268 regum

391 1306 438 1342 et
461 1297 719 1354 principum
743 1298 829 1342 sibi
852 1305 898 1343 et
919 1297 1138 1343 Societati
1163 1296 1375 1340 conciliat
1397 1297 1486 1354 (52,
1512 1297 1585 1348 66,
1611 1295 1734 1352 etc.).
1757 1296 1927 1339 Curam
1949 1309 2032 1338 va·

398 1382 611 1425 letudinis
648 1382 957 1436 subditorum,
998 1389 1045 1425 et
1081 1381 1326 1438 praecipue
1363 1379 1560 1432 Natalis,
1601 1380 1744 1424 habet
1783 1379 1878 1437 (68,
1915 1378 2029 1436 149).

396 1466 611 1522 Spiritum
644 1466 861 1510 orationis
897 1473 943 1511 et
981 1464 1262 1523 paupertatis
1293 1464 1340 1507 in
1377 1463 1611 1509 Societate
1644 1463 1768 1506 fovet
1803 1463 1893 1520 (53,
1927 1472 2030 1518 325,

397 1550 497 1603 326,
526 1550 638 1605 378).
663 1549 932 1594 Pontificem
947 1548 1223 1594 Germaniae
1239 1548 1514 1593 benevolum
1531 1553 1577 1592 et
1592 1546 1911 1604 indulgentem
1928 1545 2034 1589 red-

394 1633 502 1676 dere
524 1633 690 1689 satagit
711 1634 845 1691 (158).
871 1633 1205 1678 Selectissimos
1228 1631 1460 1689 operarios
1482 1630 1530 1674 in
1551 1630 1650 1674 illas
1669 1637 1760 1673 tam
1777 1631 1939 1673 charas
1961 1643 2034 1673 re·

397 1715 572 1771 gioneS,
592 1717 767 1761 Natalis
788 1724 971 1775 rogatu,
991 1717 1129 1760 mittit
1147 1718 1215 1774 (51
1229 1717 1281 1773 1).
1302 1717 1502 1760 Domum
1519 1713 1798 1772 probationis
1815 1712 2034 1758 Coloniae

396 1799 556 1842 melius
584 1814 718 1855 quam
756 1800 862 1844 alibi
899 1815 1215 1845 successuram
1251 1799 1481 1844 existimat
1517 1798 1664 1856 (625).
1705 1797 1858 1842 Vitam
1887 1795 2034 1840 sancti

395 1882 559 1938 Ignatii
576 1882 713 1926 scribi
735 1899 761 1927 a
787 1886 837 1927 P.
875 1884 1176 1928 Ribadeneira
1207 1890 1338 1928 curat
1360 1884 1480 1941 (365,
1523 1893 1625 1938 377,
1665 1893 1771 1936 402,
1811 1881 2031 1939 489-490,

397 1974 419 2018 5
427 1965 625 2021 38-540).
651 1965 827 2010 Galliae
850 1981 1032 2022 quoque
1055 1974 1101 2010 et
1130 1967 1369 2011 Flandriae
1392 1965 1588 2023 collegia
1615 1963 1798 2022 optimis
1819 1962 1930 2007 viris
1949 1963 2035 2006 do-

397 2048 481 2091 tari
497 2049 629 2104 jubet
659 2050 778 2106 (478,
811 2051 915 2104 486,
958 2062 1059 2105 510,
1082 2052 1198 2107 554).
1225 2050 1395 2096 Felicia
1415 2057 1462 2095 et
1483 2050 1602 2093 laeta
1623 2047 1785 2092 nuntia
1811 2048 1869 2092 de
1897 2045 2036 2091 totius

394 2130 635 2175 Societatis
668 2139 790 2176 statu
818 2133 969 2177 Natali
1006 2134 1203 2178 scribere
1238 2135 1428 2191 gaudet,
1466 2133 1584 2178 inter
1618 2147 1736 2189 quae
1770 2137 1933 2175 notatu
1969 2129 2037 2172 di-

394 2213 555 2270 gniora
592 2223 700 2258 sunt
735 2216 915 2260 Claudii
945 2218 1214 2274 Aquavivae
1251 2218 1298 2261 in
1333 2217 1610 2263 Societatem
1645 2214 1861 2260 admissio
1898 2213 2033 2272 (507),

389 2296 626 2352 Japoniae,
653 2297 812 2351 Cinae,
834 2299 1122 2355 Aethiopiae,
1149 2301 1366 2346 Brasiliae
1389 2308 1474 2346 etc.
1498 2299 1825 2357 expeditiones,
1856 2296 2035 2341 labores

392 2379 634 2434 sociorum,
656 2381 832 2424 fructus
849 2383 1002 2440 (529-5
1010 2397 1033 2438 3
1040 2383 1095 2440 5).
1118 2386 1335 2429 Amorem
1352 2383 1631 2441 paupertatis
1648 2381 1888 2439 religiosae
1901 2378 2034 2423 novis

393 2462 587 2506 decretis
610 2463 757 2507 munit
780 2465 883 2522 (53).
909 2466 1079 2510 Sancto
1118 2466 1201 2510 Pio
1230 2468 1271 2511 V
1299 2470 1482 2522 charus,
1506 2467 1673 2510 multas
1695 2466 1751 2509 ab
1773 2464 1850 2508 illo
1872 2448 2033 2509 Socie-

395 2545 475 2588 tati
498 2546 668 2602 gratias
692 2547 868 2591 obtinet
891 2549 979 2605 (10,
1012 2562 1079 2604 13,
1106 2561 1178 2605 52,
1206 2562 1278 2606 53,
1300 2552 1417 2609 595),
1438 2551 1484 2595 in
1507 2550 1673 2607 quibus
1695 2547 1880 2606 speciali
1900 2561 2031 2592 men-

395 2626 519 2671 tione
541 2629 680 2686 digna
701 2637 770 2675 est
792 2631 983 2675 facultas
1001 2633 1265 2678 absolvendi
1287 2635 1488 2690 relapsos
1509 2633 1557 2677 in
1578 2631 1820 2684 haeresim,
1840 2646 1866 2674 a
1882 2629 2035 2675 Natali

395 2717 442 2754 et
465 2711 648 2754 Canisio
667 2727 748 2768 pro
769 2713 1043 2757 Germaniae
1065 2716 1185 2759 bono
1208 2718 1436 2772 postulata
1459 2717 1578 2774 (362,
1605 2716 1707 2771 363,
1735 2714 1855 2771 486).
1881 2712 2036 2757 Colle-

395 2792 576 2849 giorum
604 2795 780 2851 Spirae,
812 2795 1088 2852 Herbipolis,
1113 2799 1483 2853 Francofordiae,
1509 2798 1748 2852 Olomutii,
1774 2799 2034 2855 Augustae,

398 2877 650 2930 Trebonae,
683 2885 729 2921 et
757 2878 947 2922 aliorum
975 2879 1305 2926 institutionem
1328 2891 1584 2939 promovet,
1617 2883 1757 2936 fovet,
1789 2894 1934 2937 eaque
1956 2893 2038 2937 per

395 2959 601 3002 Natalem
623 2960 767 3004 solide
790 2962 969 3005 fundari
992 2969 1037 3006 et
1059 2965 1252 3019 provehi
1274 2974 1404 3009 curat
1427 2967 1486 3023 (7,
1518 2978 1672 3020 11-13,
1699 2965 1772 3019 86,
1804 2974 1903 3020 150,
1934 2963 2033 3018 178,

2207 248 2223 319 ’ς’-ι·

398 3053 499 3094 202,
527 3054 629 3094 222,
657 3054 758 3100 229,
781 3056 883 3099 234,
911 3056 1012 3099 235,
1035 3047 1136 3099 281,
1159 3048 1261 3105 289,
1284 3049 1386 3103 364,
1409 3062 1511 3106 399,
1532 3061 1637 3103 400,
1657 3048 1761 3102 416,
1782 3058 1886 3102 417,
1906 3045 2032 3102 etc).
2211 3057 2228 3105 j·
