2228 3548
0 71 5 111 ¹.

876 271 920 309 14
946 261 1195 299 Novmfflms
1223 262 1315 308 1566
1798 261 1870 299 303

268 381 302 410 0
322 365 412 410 11131
431 365 581 409 officio
602 366 689 410 che
709 365 769 408 ha
790 366 905 408 fatto
926 363 1050 421 dipoi
1071 364 1191 409 della
1216 363 1307 408 mia
1333 364 1514 421 partita.
1539 365 1589 409 Io
1611 363 1672 407 mi
1700 379 1779 411 ero
1806 365 1924 410 assi-

272 450 437 487 curato
458 441 576 486 assai
597 442 643 485 di
665 441 744 496 lui,
768 448 816 486 et
837 442 1087 487 realmente
1108 441 1170 484 mi
1190 456 1298 498 pare
1319 442 1475 485 buono
1496 442 1686 499 alioqui,
1708 446 1750 485 et
1770 449 1924 487 tamen

279 519 654 577 incomportabile
667 519 787 564 nella
800 518 1098 576 suggettione
1111 518 1230 563 della
1242 518 1478 575 disciplina
1491 526 1537 564 et
1550 519 1814 573 obedienza,
1829 527 1920 565 etc.

282 598 330 641 Io
361 597 511 642 scriuo
546 597 590 640 al
620 599 673 640 P.
706 598 945 641 Laurenzo
964 597 975 617 ¹
1007 609 1071 639 un
1098 595 1317 653 capitolo,
1346 596 1390 640 13
1420 596 1495 639 cui
1531 597 1662 653 copia
1697 599 1799 641 sara
1835 612 1924 641 con

283 681 475 731 questa:
505 674 549 718 la
578 675 631 717 P.
659 675 716 718 V.
741 674 883 728 ueda,
908 687 1038 718 come
1067 674 1175 729 quel
1205 673 1354 719 Padre
1380 673 1425 717 di
1453 688 1543 730 qua
1565 673 1720 718 auanti
1748 677 1786 718 s’
1810 676 1870 719 ha
1896 691 1925 719 a

280 765 553 808 gouernare,
574 758 620 795 et
637 750 753 794 facci
775 749 1004 794 aduertite
1021 750 1063 793 al
1080 749 1373 807 prouinciale.
1393 752 1757 807 Rappresentaro
1770 755 1923 795 tamen

277 843 368 873 con
389 828 500 886 ogni
522 828 801 885 suggetione
822 828 910 871 alla
932 828 986 871 P.
1012 828 1070 871 V.
1096 827 1247 883 quello
1268 829 1355 872 che
1377 830 1436 871 m’
1454 843 1644 873 occorre
1666 843 1675 882 ;
1701 836 1747 874 et
1768 830 1810 882 e,
1836 831 1924 874 che

279 912 533 962 preuenuto
555 904 585 947 il
608 904 905 948 arciuescouo
922 904 956 957 ²,
980 910 1027 947 et
1048 903 1080 947 il
1100 904 1330 961 preposito
1346 905 1380 958 ³,
1400 912 1445 950 et
1462 905 1563 948 altri
1581 921 1607 949 a
1627 906 1703 949 chi
1718 905 1782 949 lui
1798 906 1923 963 possi

276 984 435 1026 hauer’
461 982 646 1035 ricorso‚
672 981 778 1038 pian
800 981 935 1038 piano
956 980 1263 1025 incomincino
1290 997 1316 1025 a
1343 982 1596 1027 essercitar’
1620 983 1664 1026 13
1685 982 1923 1040 disciplina

277 1075 372 1103 0011
392 1059 472 1112 lui,
497 1066 543 1103 et
564 1059 595 1102 li
617 1059 753 1104 diano
775 1073 838 1101 un
862 1058 1037 1102 fratello
1059 1072 1139 1115 per
1159 1072 1243 1102 suo
1264 1073 1536 1115 compagno,
1560 1059 1592 1102 il
1612 1060 1746 1116 quale
1767 1063 1921 1104 tamen

282 1151 376 1180 non
397 1136 514 1180 entri
528 1137 658 1180 a'alla
679 1150 785 1179 casa
806 1135 923 1179 della
949 1133 1134 1192 signora
1150 1135 1184 1190 ⁴,
1208 1149 1283 1179 ma
1308 1134 1388 1191 piu
1415 1142 1534 1179 tosto
1562 1137 1680 1181 uada
1708 1137 1739 1180 il
1760 1137 1923 1182 vechio

284 1228 364 1270 per
387 1220 566 1270 portare
588 1213 619 1256 il
642 1211 890 1270 mangiare,
914 1218 1025 1267 etc.,
1049 1227 1078 1256 0
1098 1211 1136 1255 si
1157 1211 1338 1269 procuri
1358 1212 1404 1255 d'
1428 1213 1543 1257 altro
1574 1214 1726 1267 modo,
1751 1221 1798 1257 et
1819 1228 1925 1258 cer-

283 1290 421 1334 chino
443 1291 638 1335 alchune
658 1291 772 1335 altre
793 1303 902 1333 cose
922 1288 1026 1346 pian
1048 1289 1183 1346 piano
1204 1289 1296 1333 dab
1316 1289 1546 1344 ordinarli,
1566 1291 1764 1335 secondo
1781 1306 1924 1335 cono-

285 1382 474 1412 scerano
501 1367 778 1421 conuenire3
808 1374 877 1419 et,
908 1381 1000 1410 non
1028 1366 1288 1423 portandosi
1314 1367 1452 1420 bene,
1478 1367 1658 1425 pigliar'
1682 1368 1924 1412 occasione

283 1444 553 1490 seriamente
567 1451 585 1472 0
604 1444 651 1488 di
673 1444 920 1488 chiamarlo
942 1443 972 1487 il
995 1443 1272 1500 prouinciale
1293 1459 1317 1487 a
1339 1459 1405 1498 se,
1425 1451 1471 1490 et
1492 1444 1594 1488 dirli
1616 1445 1923 1491 chiaramonte

284 1523 370 1565 che
390 1521 428 1565 si
450 1537 542 1565 non
563 1522 700 1566 uuole
721 1523 859 1566 esser’
884 1520 932 1565 in
960 1521 1211 1565 obedienza
1236 1522 1354 1565 della
1380 1522 1668 1580 Compagnia
1693 1530 1739 1567 et
1767 1538 1862 1567 non
1883 1526 1921 1567 s'

281 1599 492 1652 emenda,
518 1601 603 1643 che
623 1599 670 1643 10
693 1599 877 1643 daremo
898 1599 972 1642 all'
996 1598 1290 1643 arciuescouo
1312 1613 1403 1642 non
1424 1598 1738 1657 sciogliendoli
1760 1600 1790 1643 li
1809 1600 1920 1654 uoti,

284 1683 334 1720 et
355 1676 602 1721 realmente
623 1677 736 1720 farlo
757 1675 868 1730 cosi;
895 1676 1062 1733 perche
1084 1675 1144 1718 mi
1165 1690 1273 1732 pare
1294 1676 1379 1719 che
1399 1690 1486 1720 0011
1507 1676 1645 1732 quelli
1666 1677 1864 1731 bohemi,
1885 1677 1923 1721 si

289 1768 381 1798 non
404 1753 442 1797 si
463 1753 676 1798 essercita
699 1754 895 1797 alchuna
916 1752 1167 1809 disciplina,
1187 1752 1224 1796 si
1247 1753 1405 1797 sarano
1421 1752 1801 1810 incomportabili‚
1820 1769 1925 1811 spe-

289 1830 533 1874 cialmente
569 1829 738 1883 costui,
773 1830 805 1873 il
841 1830 915 1874 cui
956 1829 1179 1886 essempio
1214 1830 1467 1886 puotrebbe
1497 1830 1658 1874 aiutar’
1691 1830 1767 1876 alli
1804 1831 1922 1875 altri.

293 1909 359 1952 La
389 1909 446 1953 V.
480 1910 535 1953 P.
565 1908 610 1951 lo
648 1909 815 1952 uedera
850 1907 1065 1965 miglior',
1101 1914 1145 1951 et
1182 1907 1431 1963 prouedera
1465 1922 1552 1952 con
1589 1908 1631 1952 13
1667 1908 1815 1965 gratia
1851 1909 1925 1954 del

287 1985 501 2042 Signore.

379 2074 421 2106 2.
487 2063 656 2108 Mando
684 2062 770 2105 alla
794 2064 840 2106 Ρ.
867 2063 926 2105 V.
953 2076 1043 2104 una
1069 2061 1230 2105 lettera
1256 2061 1329 2105 del
1361 2062 1415 2105 P.
1441 2062 1688 2107 Laurentio
1717 2062 1923 2120 Maggio,

286 2153 375 2182 con
396 2139 440 2183 la
462 2140 653 2183 formula
682 2146 729 2182 et
757 2137 980 2195 essempio
1010 2137 1128 2182 della
1154 2137 1430 2195 obligatione
1456 2141 1542 2183 che
1569 2141 1628 2183 ha
1656 2141 1768 2183 fatto
1790 2139 1821 2182 il
1842 2155 1927 2184 ve-

289 2230 430 2259 scouo
446 2217 492 2259 cl’
514 2217 710 2260 Olomuz
724 2215 745 2243 ‘¹
761 2217 775 2238 ⁵
799 2229 879 2271 per
901 2213 1120 2271 principio
1137 2215 1194 2258 de
1216 2215 1394 2259 fundar’
1413 2217 1518 2272 quel
1535 2216 1744 2274 collegio:
1765 2216 1809 2260 io
1831 2231 1926 2261 non

291 2294 353 2336 ho
373 2292 589 2336 difficolta
610 2293 685 2336 nel
707 2291 979 2335 transferirsi
999 2291 1031 2334 il
1052 2291 1246 2348 collegio
1275 2293 1625 2338 transferendosi
1653 2293 1684 2336 il
1713 2293 1924 2350 capitolo,

295 2370 423 2413 modo
458 2372 495 2413 s’
520 2369 694 2426 oblighi
730 2368 761 2412 il
794 2368 987 2425 capitolo
1022 2368 1071 2412 in
1108 2369 1170 2412 tal
1205 2382 1310 2413 caso
1345 2371 1584 2426 proueder’
1608 2372 1656 2414 d'
1685 2371 1929 2414 habitatio-

369 2506 390 2528 8
425 2498 685 2535 Emendatum
703 2510 724 2534 a
742 2498 830 2535 libr.
850 2509 899 2534 ex
916 2498 1121 2534 uada.—b
1135 2498 1393 2536 Emendatum
1409 2512 1432 2536 a
1448 2501 1537 2537 libr.
1557 2513 1607 2537 ex
1620 2502 1769 2537 che.-c
1787 2501 1928 2537 Emen-

297 2557 431 2595 datum
449 2570 472 2594 a
488 2558 582 2595 libr.
604 2570 654 2594 ex
670 2559 795 2595 seria.
811 2561 841 2584 -”
852 2557 872 2586 d
886 2557 1144 2594 Emendatum
1161 2569 1183 2593 a
1199 2557 1292 2594 libr.
1315 2571 1365 2595 ex
1387 2559 1613 2597 Olomucio.

300 2658 406 2705 1568,
424 2659 492 2695 ubi
521 2660 618 2695 haec
647 2660 852 2695 habentur:
879 2659 950 2695 «P.
981 2657 1214 2705 Wolfangus
1239 2658 1416 2707 Georgii,
1441 2662 1620 2707 bofimus,
1648 2661 1758 2697 uenit
1780 2661 1857 2697 hue
1880 2661 1930 2697 ad

296 2717 451 2753 Patrem
470 2718 741 2764 prouintialem
758 2717 781 2753 3
799 2717 905 2764 Maii,
924 2723 967 2754 ut
984 2718 1186 2753 absolutus
1204 2729 1226 2753 a
1243 2718 1360 2765 votis,
1384 2719 1522 2756 liceret
1545 2732 1617 2756 suo
1639 2719 1803 2756 consilio
1820 2719 1930 2755 uiue-

295 2784 352 2813 re:
377 2777 444 2824 qui
466 2788 556 2813 cum
579 2777 696 2814 nullis
719 2777 934 2813 rationibus
964 2782 1098 2824 posset
1121 2776 1170 2812 ad
1193 2782 1365 2814 mentem
1387 2780 1579 2826 reuocari,
1610 2779 1794 2816 dimissus
1820 2782 1929 2814 est.»

295 2836 354 2871 Ex
372 2836 585 2884 archetypo
602 2837 765 2873 Romam
784 2837 920 2872 misso.
1188 2861 1195 2866 -
1928 2847 1931 2849 ·

368 2895 378 2915 ¹
429 2893 597 2939 Magius,
615 2894 865 2941 provincialis
884 2893 1082 2930 Austriae.
1280 2897 1295 2917 ²
1345 2895 1540 2933 Antonius
1559 2897 1658 2933 Brus
1681 2896 1731 2932 de
1749 2897 1930 2944 Muglitz.

368 2953 383 2973 ³
432 2952 627 2988 Henricus
645 2953 873 2990 Scribonius
890 2953 1059 2998 (Pisek).

370 3013 386 3033 ⁴
434 3011 535 3047 Vide
558 3011 670 3059 epist.
692 3012 778 3059 432,
796 3026 839 3049 n.
862 3013 900 3058 63
918 3012 1003 3058 433,
1022 3025 1066 3050 n.
1090 3022 1126 3059 43
1148 3017 1189 3049 et
1204 3012 1292 3059 437,
1308 3025 1353 3050 n.
1374 3024 1416 3061 9.

372 3071 388 3094 ⁸
436 3070 671 3108 Guilielmus
690 3072 1005 3120 Prussinowsky.
