2228 3548
891 287 939 324 24
964 278 1134 315 Armis
1162 279 1253 325 1566
1800 285 1840 323 71

263 379 408 435 (come
425 379 543 423 uelo
558 381 618 423 ho
634 379 894 437 significato
909 379 957 424 in
972 379 1215 437 presentia)
1235 379 1418 425 andiate
1434 380 1577 423 molto
1595 385 1902 433 cautamente,

267 454 342 498 uoi
357 462 402 499 et
417 454 449 498 li
470 456 629 510 nostri,
654 457 774 501 nella
796 456 1072 510 familiarita,
1097 463 1143 501 et
1164 458 1240 503 nel
1269 464 1458 503 trattare
1478 471 1565 501 con
1587 457 1630 500 le
1659 456 1907 502 Serenissi-

268 546 340 577 me
362 532 536 590 regine,
560 540 606 579 et
629 534 675 578 ui
697 534 902 587 ritiriate‚
927 541 1100 592 quanto
1121 535 1147 578 e
1174 534 1414 591 possibile,
1440 534 1487 578 di
1508 548 1600 577 non
1628 533 1798 578 intrare
1819 548 1907 577 con

270 624 370 654 esse
391 609 498 654 nelli
515 610 685 668 negotij
704 613 790 655 che
807 626 899 655 non
920 611 1047 655 siano
1069 612 1126 655 de
1144 611 1446 664 confessione,
1471 618 1518 655 et
1540 609 1835 663 conscientia,
1861 616 1908 655 et

268 686 416 740 simili,
442 689 527 732 che
548 702 638 731 non
661 695 974 746 apartengono
996 687 1174 745 proprie
1201 689 1289 732 alla
1316 687 1596 745 professione
1626 694 1796 740 nostra,
1827 700 1908 744 per

268 763 478 809 schiuare
499 772 544 809 et
565 765 763 809 scusarsi
785 772 944 809 contro
964 766 1051 809 alle
1078 765 1322 823 suspitioni
1349 772 1395 810 et
1416 764 1628 822 opinioni,
1644 764 1689 807 d'
1715 764 1910 808 alchune

267 855 474 897 persone.
501 841 795 886 Rieordateui
816 857 946 887 come
961 843 1004 887 le
1022 849 1175 887 nostre
1191 842 1509 886 constitutioni
1525 840 1846 898 prohibiscono
1865 847 1911 884 et

266 918 486 964 ordinario
508 922 592 964 che
619 921 650 963 li
678 919 823 963 nostri
850 918 889 963 si
916 919 1143 976 guardino
1173 919 1218 962 di
1245 933 1502 976 gouernare
1530 918 1650 963 done
1680 918 1907 975 religiose,

266 995 401 1040 etiam
423 999 509 1042 che
531 997 659 1041 siano
681 996 798 1040 fuori
826 996 933 1042 delli
962 995 1220 1052 monasterij
1236 1029 1246 1049 ,
1271 1003 1318 1040 et
1345 995 1390 1039 di
1413 1010 1506 1039 non
1537 997 1694 1039 hauer’
1720 1008 1829 1038 cura
1860 994 1906 1038 di

269 1088 384 1118 esse.
412 1075 469 1117 Et
485 1075 661 1118 benche
683 1080 839 1118 nostro
857 1073 1006 1117 Padre
1022 1074 1238 1130 generale
1256 1072 1379 1130 possi
1395 1072 1646 1130 dispensar'
1667 1071 1714 1115 in
1732 1079 1909 1127 questo,

271 1155 423 1195 tamen
444 1151 475 1194 il
498 1158 650 1209 tempo
671 1151 712 1195 ci
733 1153 881 1195 sforza
901 1149 948 1194 di
969 1151 1124 1194 andar’
1145 1150 1192 1193 in
1209 1157 1372 1206 questo
1389 1150 1579 1207 negotio
1597 1164 1684 1193 con
1701 1149 1910 1206 grandis-

270 1227 384 1272 sima
403 1228 780 1281 consideratione,
805 1235 852 1273 et
874 1227 935 1271 mi
955 1228 1013 1272 da
1040 1227 1278 1271 occasione
1299 1226 1346 1270 di
1368 1228 1615 1271 consultar'
1641 1241 1730 1270 con
1753 1233 1910 1270 nostro

273 1306 435 1350 Padre.
461 1307 588 1350 Hora
609 1305 647 1350 si
669 1307 786 1350 uede
809 1312 938 1362 tropo
954 1312 1125 1361 quanto
1141 1305 1183 1348 le
1199 1305 1324 1348 dette
1342 1304 1502 1361 regine
1518 1303 1645 1347 siano
1661 1303 1814 1348 dedite
1830 1303 1907 1346 all’

271 1396 362 1426 una
383 1389 429 1427 et
450 1383 526 1427 all'
550 1383 664 1426 altra
687 1397 881 1439 persona
901 1381 1006 1426 delli
1029 1381 1191 1435 nostri,
1217 1381 1486 1427 mouendosi
1504 1388 1666 1437 troppo
1683 1395 1763 1436 per
1779 1380 1910 1435 qual-

269 1461 355 1504 che
378 1459 644 1505 mutatione.

359 1549 402 1580 2.
467 1538 579 1581 Item
599 1537 750 1581 uorrei
773 1538 857 1581 che
880 1538 941 1581 V.
974 1538 1029 1580 R.
1057 1551 1147 1580 non
1171 1535 1383 1580 domandi
1406 1536 1464 1579 ne
1484 1534 1596 1592 pigli
1618 1534 1771 1579 niente
1794 1534 1913 1579 dalle

270 1614 396 1659 dette
426 1613 607 1671 regine,
637 1628 765 1658 come
793 1613 995 1671 presenti
1024 1628 1103 1670 per
1132 1613 1163 1656 li
1192 1612 1334 1657 nostri
1362 1611 1561 1669 collegij,
1592 1610 1742 1655 insino
1772 1626 1798 1654 a
1826 1613 1928 1671 che⁴

272 1691 513 1735 habbiamo
529 1692 572 1735 la
593 1688 787 1749 risposta
807 1692 865 1736 da
887 1693 1046 1744 Roma,
1071 1690 1116 1734 di
1145 1691 1296 1746 quello
1318 1691 1392 1734 ch’
1417 1690 1462 1734 io
1485 1689 1687 1733 scriuero
1709 1704 1735 1732 a
1757 1698 1913 1732 nostro

275 1769 423 1813 Padre
445 1782 524 1825 per
554 1768 667 1812 darli
694 1770 847 1812 buona
876 1767 1193 1812 informatione
1221 1764 1294 1811 del
1323 1773 1458 1815 tutto.
1493 1769 1614 1810 Pure
1640 1781 1721 1823 per
1748 1772 1912 1821 questo

273 1859 365 1889 non
386 1845 573 1889 intendo
590 1847 676 1891 che
694 1845 880 1890 lasciate
902 1846 959 1889 de
993 1845 1181 1902 pigliare
1202 1844 1355 1901 quello
1376 1845 1461 1887 che
1484 1844 1604 1888 forse
1626 1844 1727 1886 sara
1750 1856 1912 1887 neces-

274 1922 392 1966 sario
413 1924 455 1967 al
479 1925 531 1967 P.
557 1922 753 1975 Liberio‚
774 1930 820 1967 et
842 1922 976 1966 simili
1006 1921 1185 1966 amalati
1207 1921 1282 1966 del
1302 1928 1457 1965 vostro
1487 1920 1699 1977 collegio,
1725 1919 1910 1975 quando

273 2001 315 2044 le
336 2001 432 2044 loro
450 2001 638 2044 Altezze
654 2015 733 2056 per
749 2014 833 2044 sua
849 1999 1023 2044 charita
1038 1999 1208 2042 darano
1225 1999 1420 2043 alchuna
1436 2012 1558 2050 cosa,
1579 1998 1758 2042 benche
1780 2010 1911 2040 come

273 2077 376 2120 nell’
402 2077 515 2120 altra
536 2077 696 2122 lettera
718 2076 764 2120 ui
786 2076 889 2120 dico
911 2078 940 2129 ¹,
965 2076 1008 2119 la
1030 2089 1185 2132 spessa
1206 2076 1292 2120 che
1313 2075 1407 2119 fara
1429 2074 1509 2127 lui,
1535 2075 1738 2131 paghera
1761 2072 1910 2117 Dilin-

272 2168 347 2211 ga.
374 2155 431 2197 Et
452 2153 528 2197 uoi
549 2154 663 2198 siate
684 2154 842 2206 libero,
870 2154 1033 2205 Padre,
1053 2153 1097 2196 d’
1123 2151 1366 2196 informare
1383 2166 1409 2196 a
1425 2159 1581 2195 nostro
1600 2151 1745 2195 Padre
1763 2164 1908 2206 gene-

272 2231 365 2275 rale
395 2230 442 2273 di
472 2237 633 2286 queste
661 2231 753 2275 due
788 2244 894 2273 cose
925 2231 997 2272 ch'
1029 2229 1074 2272 io
1103 2228 1150 2272 ui
1177 2228 1295 2282 dico,
1325 2242 1458 2285 sopra
1486 2229 1528 2273 le
1556 2227 1677 2283 quali
1709 2226 1911 2270 scriuero

275 2323 301 2352 a
322 2309 370 2353 S.
398 2310 450 2351 P.
471 2315 633 2365 questo
649 2309 838 2351 sabbato
855 2307 888 2360 ’ς
909 2307 1002 2351 fate
1019 2306 1095 2350 uoi
1110 2305 1142 2348 il
1163 2305 1324 2359 simile,
1345 2305 1472 2350 accio
1489 2304 1715 2362 possiamo
1737 2304 1767 2346 il
1790 2309 1912 2346 tutto

210 2394 212 2397 “
277 2386 373 2430 fare
403 2399 489 2429 con
520 2383 746 2442 maggior’
771 2385 893 2427 lume
921 2390 967 2428 et
995 2383 1202 2427 saldezza
1232 2397 1259 2426 a
1294 2382 1507 2440 maggior
1538 2381 1683 2439 gloria
1710 2381 1754 2423 d'
1788 2378 1911 2423 lddio

279 2470 435 2506 nostro
456 2462 666 2519 Signore.
693 2461 788 2506 Sua
809 2460 964 2504 diuina
991 2461 1164 2504 Maesta
1193 2458 1235 2503 ci
1261 2458 1334 2503 dia
1359 2460 1404 2504 la
1431 2474 1542 2503 uera
1569 2457 1830 2514 prudentia,
1865 2463 1912 2499 et

278 2539 432 2583 debito
454 2540 552 2584 zelo
573 2538 618 2582 di
640 2539 899 2582 conseruar’
923 2538 967 2580 la
988 2536 1137 2592 purita
1158 2537 1231 2581 del
1253 2543 1409 2580 nostro
1431 2535 1655 2579 instituto.

367 2629 408 2671 3.
475 2618 651 2672 Queste
673 2629 778 2659 cose
801 2613 978 2659 escriuo
998 2628 1079 2670 per
1100 2612 1324 2657 occasion'
1345 2614 1389 2656 d’
1410 2613 1605 2656 alchune
1627 2613 1712 2655 che
1728 2611 1789 2653 ho
1805 2624 1910 2655 sen-

278 2692 360 2736 tito
376 2695 579 2738 hauerne
598 2699 783 2737 trattato
799 2699 845 2736 et
862 2691 1101 2749 ragionato
1118 2705 1309 2748 persone
1331 2689 1496 2748 grandi
1517 2689 1564 2732 in
1587 2694 1747 2745 questa
1768 2694 1910 2740 corte3

275 2795 314 2831 in
332 2795 468 2842 Epist.
490 2794 655 2839 Natal.,
673 2795 723 2838 II,
746 2793 862 2830 unico
880 2793 974 2839 fol.‚
996 2801 1063 2838 119
1082 2793 1203 2838 (502).
1227 2792 1422 2838 Quoniam
1439 2790 1556 2838 hujus
1575 2789 1764 2837 epistolae
1783 2799 1911 2824 exem-

274 2853 380 2900 plum
397 2853 652 2899 archetypum
670 2851 802 2887 Dirsio
819 2851 955 2887 datum
973 2850 1061 2893 fuit,
1089 2851 1215 2886 solum
1239 2855 1377 2897 restat,
1395 2849 1499 2897 quod
1518 2848 1699 2894 sciamus,
1721 2847 1912 2882 authenti>

274 2923 364 2948 cum
381 2916 680 2958 transumptum,
702 2911 816 2958 jussu
840 2909 991 2946 Natalis
1016 2914 1230 2946 exaratum.
1257 2909 1358 2945 Illud
1381 2909 1445 2945 hic
1463 2907 1712 2944 exhibemus.
1742 2904 1912 2950 Titulus,

278 2970 416 3007 eadem
435 2982 551 3006 manu
568 2970 680 3007 initio
696 2970 867 3018 positus:
885 2969 1007 3017 jhus.
1036 2967 1162 3017 Copia
1186 2969 1226 3006 d’
1253 2981 1338 3005 una
1356 2969 1547 3017 postdata
1565 2966 1608 3002 al
1631 2966 1685 3002 P.
1714 2965 1868 3009 Dirsio,
1889 2976 1918 2998 α

281 3039 331 3074 24
347 3030 388 3065 d'
406 3029 549 3076 Aprile
567 3029 676 3074 1566.
696 3029 797 3065 Vide
815 3028 936 3076 epist.
959 3027 1044 3072 380,
1062 3039 1106 3064 n.
1130 3035 1166 3074 73
1187 3032 1228 3064 et
1244 3027 1415 3075 append.
1438 3026 1602 3072 XXXV,
1621 3030 1661 3061 et
1678 3024 1802 3060 LXV.

357 3093 366 3111 ¹
419 3089 501 3125 Has
519 3088 670 3125 litteras
688 3087 847 3125 minime
863 3087 1052 3124 vidimus.
1225 3089 1239 3110 2
1289 3087 1392 3124 Vide
1409 3086 1531 3134 epist.
1554 3084 1641 3131 380,
1659 3096 1703 3120 n.
1727 3091 1766 3128 7.
