2228 3548
910 294 957 332 28
984 295 1156 332 Araxus
1185 296 1276 342 1567
1798 302 1871 343 457

261 396 599 442 conuocatione
622 396 727 442 delli
751 397 975 451 franconi,
995 398 1086 442 che
1105 398 1241 442 vuole
1258 399 1354 443 fare
1370 399 1488 443 dalle
1509 397 1763 443 vniuersita
1779 399 1918 444 here-

264 473 353 519 tice
372 474 431 518 de
453 479 572 517 tutta
594 474 870 532 Alamagna,
895 474 1053 519 auanti
1079 476 1168 520 che
1190 475 1331 520 habbi
1353 477 1469 521 altra
1487 477 1650 521 lettera
1671 483 1845 533 nostra,
1866 483 1915 522 et

263 551 340 595 noi
361 550 588 608 possiamo
612 552 784 597 hauere
805 551 1074 597 risolutione
1095 553 1215 598 dalla
1238 555 1291 598 P.
1318 555 1376 599 V.
1401 569 1537 611 sopra
1564 554 1716 611 quella
1746 554 1912 599 funda-

266 627 412 682 tione,
437 628 480 672 la
502 629 636 685 quale
666 643 759 673 non
787 629 1031 674 habbiamo
1062 644 1244 675 ancora.
1266 631 1301 674 11
1328 630 1578 676 medesimo
1604 633 1666 675 ho
1692 630 1854 675 scritto
1885 646 1914 676 a

264 705 413 763 Spira,
440 707 526 751 che
548 721 640 750 non
662 705 915 751 muostrino
936 706 1157 751 difficolta
1179 707 1361 762 nisu'na,
1386 715 1433 754 et
1454 709 1543 754 che
1564 709 1759 754 essendo
1780 707 1813 751 il
1828 723 1912 753 ne-

264 782 391 840 gotio
412 783 457 826 d’
483 783 808 828 incominciare
829 784 872 829 le
894 785 1051 828 schole
1073 791 1201 828 tanto
1222 785 1378 829 auanti
1400 800 1538 831 senza
1554 785 1713 831 ordine
1733 785 1844 840 mio,
1864 792 1912 831 et

262 861 476 906 hauendo
499 861 562 918 gli
586 861 795 906 canonici
816 861 1060 907 licenciato
1088 862 1153 920 gli
1186 863 1343 907 mastri
1365 865 1450 908 che
1482 865 1742 918 haueuan0,
1767 870 1814 909 et
1835 879 1912 910 es-

261 938 404 982 sendo
428 938 627 982 mandati
655 938 701 982 di
730 953 820 995 qua
847 939 922 982 dal
950 941 1004 983 P.
1030 940 1238 984 Antonio
1268 955 1295 984 a
1323 940 1563 998 Maguntia
1590 941 1621 984 li
1643 940 1787 985 nostri
1809 956 1911 986 ma-

259 1014 359 1068 stri‚
379 1022 426 1059 et
441 1016 498 1059 da
516 1015 755 1072 Magantia
770 1016 828 1061 da
850 1017 966 1060 Mro.
987 1016 1231 1062 Lamberto
1252 1018 1262 1039 ¹
1287 1032 1314 1061 a
1330 1017 1479 1075 Spita,
1499 1033 1580 1075 per
1594 1018 1638 1062 la
1659 1033 1775 1076 gran
1794 1019 1909 1064 freta

261 1094 350 1136 che
386 1093 566 1136 dauano
593 1093 657 1150 gli
685 1092 915 1148 canonici;
946 1093 1139 1139 essendo
1167 1101 1328 1150 queste
1358 1109 1466 1140 cose
1488 1095 1602 1149 cosi,
1634 1095 1694 1139 mi
1722 1096 1747 1141 ὲ
1769 1110 1906 1153 parso

263 1170 439 1215 scriuer
459 1171 503 1214 al
525 1173 578 1214 P.
604 1172 801 1216 Hermes
817 1171 833 1192 ⁸
856 1172 962 1225 che,
987 1185 1038 1217 se
1059 1172 1214 1216 hanno
1231 1171 1575 1226 incominciato‚
1595 1187 1682 1217 con
1699 1173 1742 1216 la
1759 1173 1907 1230 gratia

264 1247 310 1291 di
340 1247 526 1292 Christo
553 1247 948 1306 proseguischino;
973 1255 1020 1293 et
1046 1263 1139 1293 non
1167 1250 1380 1294 hauendo
1407 1249 1747 1304 incominciato,
1777 1249 1905 1295 inco·

263 1324 477 1378 mincino‚
503 1325 672 1382 perche
692 1328 753 1370 m'
778 1326 802 1371 ὲ
824 1341 957 1383 parso
980 1327 1085 1379 che,
1109 1340 1246 1370 senza
1268 1334 1397 1380 nota,
1424 1342 1516 1371 non
1539 1327 1576 1371 si
1599 1334 1800 1385 puoteua
1822 1328 1904 1372 far'

264 1403 395 1446 altro.
420 1403 480 1446 Et
501 1406 654 1447 tamen
675 1417 751 1447 res
777 1407 843 1448 est
862 1409 1040 1461 semper
1063 1405 1266 1462 integra.

352 1491 394 1524 2.
460 1481 510 1523 In
533 1481 700 1536 quello,
727 1481 891 1534 Padre,
917 1482 993 1525 ch'
1017 1481 1060 1524 io
1082 1481 1301 1526 dubitaua
1323 1481 1428 1526 nell'
1443 1481 1620 1536 ultime,
1640 1497 1690 1527 se
1712 1482 1910 1526 ritorna-

261 1556 360 1601 rei⁸
381 1556 428 1600 in
451 1557 691 1615 Moguntia
711 1565 758 1603 et
779 1557 912 1616 Spira
930 1574 1010 1616 per
1037 1558 1187 1614 questi
1209 1558 1383 1616 negotii
1404 1559 1522 1604 delle
1543 1559 1819 1613 fundationi,
1845 1560 1906 1604 mi

262 1648 347 1678 son
371 1634 493 1691 dipoi
522 1634 711 1679 risoluto
734 1635 780 1679 di
811 1635 1047 1680 ritornarci
1074 1636 1325 1682 solamente
1345 1650 1427 1694 per
1454 1636 1603 1693 questi
1632 1636 1822 1694 negotii.
1849 1638 1908 1681 Et

260 1711 380 1755 sarei
403 1713 568 1756 andato
584 1719 761 1779 presto,
788 1727 837 1757 se
858 1727 950 1757 non
973 1714 1141 1770 perche
1164 1713 1298 1757 insin'
1323 1715 1484 1759 adesso
1511 1729 1604 1758 non
1633 1715 1659 1758 e
1680 1721 1852 1758 venuto
1873 1714 1905 1758 il

263 1789 318 1832 P.
345 1789 536 1834 Costero
554 1791 587 1844 ⁵,
614 1797 660 1835 et
681 1804 757 1834 era
779 1790 955 1835 incerto
986 1790 1023 1834 si
1047 1791 1267 1835 verrebbe
1297 1798 1422 1835 tanto
1454 1799 1624 1849 presto,
1656 1798 1701 1836 et
1730 1791 1825 1836 cosi
1858 1792 1905 1835 lo

261 1865 416 1923 voglio
437 1874 665 1923 aspettare
687 1881 793 1923 qua3
814 1874 859 1912 et
882 1881 961 1924 per
979 1873 1142 1923 questo
1162 1876 1300 1911 conto
1315 1867 1346 1911 li
1363 1869 1424 1912 ho
1441 1869 1656 1912 mandato
1680 1868 1829 1926 hoggi
1846 1883 1907 1911 vn

260 1944 433 1987 huomo
454 1944 636 2001 proprio
659 1944 993 1988 chiamandolo.
1021 1945 1165 2000 Spero
1186 1945 1274 1990 che
1295 1947 1425 1989 verra
1451 1946 1510 1990 da
1538 1946 1759 1999 Louanio,
1785 1946 1905 1990 doue

258 2026 345 2073 sta,
372 2020 440 2064 fra
460 2035 582 2066 noue
604 2021 770 2078 giomi.
791 2022 840 2064 In
859 2027 1022 2076 questo
1043 2035 1199 2065 mezzo
1219 2020 1265 2064 io
1283 2035 1370 2066 con
1387 2023 1430 2066 la
1451 2022 1599 2079 gratia
1620 2023 1694 2067 del
1711 2022 1910 2080 Signore

257 2097 391 2142 finito
414 2097 445 2140 li
467 2098 643 2155 negotii
660 2106 707 2143 et
722 2097 856 2141 visita
877 2097 923 2140 di
945 2103 1108 2154 questo
1130 2098 1340 2156 collegio,
1359 2106 1406 2143 et
1427 2101 1621 2144 essendo
1643 2113 1730 2143 con
1749 2099 1812 2142 lui
1836 2106 1905 2144 tre

256 2189 285 2218 o
306 2181 468 2231 quatro
491 2174 657 2232 giorni,
682 2189 755 2219 me
777 2175 945 2232 partito
976 2188 1064 2217 eon
1086 2174 1130 2218 la
1150 2174 1306 2220 diuina
1327 2176 1475 2234 gratia
1491 2192 1573 2233 per
1595 2175 1839 2234 Moguntia
1862 2183 1910 2220 et

257 2251 406 2308 Spita,
427 2265 516 2295 con
538 2251 690 2296 animo
706 2253 794 2296 che
811 2251 1058 2297 rieeuendo
1075 2252 1119 2296 la
1134 2251 1399 2298 risolutione
1420 2255 1538 2298 della
1555 2256 1608 2298 P.
1631 2255 1709 2307 V„
1730 2253 1774 2298 io
1791 2253 1908 2298 faeci

258 2334 377 2372 tutta
392 2329 436 2372 la
452 2329 593 2372 buon’
612 2343 752 2385 opera
767 2336 814 2373 et
829 2328 1058 2386 diligenza
1075 2330 1162 2374 che
1178 2333 1358 2386 puotro,
1379 2330 1516 2376 etiam
1532 2345 1621 2375 eon
1637 2330 1901 2385 deuotione,

258 2405 459 2448 secondo
480 2405 524 2449 la
546 2406 730 2449 uolonta
752 2406 870 2449 della
892 2407 946 2449 Ρ.
973 2406 1051 2459 V.‚
1071 2420 1164 2450 non
1185 2407 1281 2450 solo
1297 2421 1386 2452 con
1406 2408 1438 2451 li
1460 2407 1670 2452 canonici
1687 2407 1733 2450 di
1751 2406 1899 2464 Spita,

260 2496 333 2526 ma
352 2481 568 2527 etiamdio
590 2482 811 2527 ritornare
832 2497 859 2526 a
881 2482 1133 2539 Herbipoli.
1159 2484 1217 2527 Et
1237 2483 1285 2527 in
1301 2493 1463 2541 questo
1485 2484 1696 2542 negocio,
1722 2498 1815 2527 non
1837 2485 1900 2527 m'

261 2573 451 2603 occorre
476 2559 571 2616 piu,
601 2575 651 2604 se
678 2574 770 2603 non
800 2573 993 2617 pre-gare
1029 2560 1060 2603 il
1088 2560 1286 2617 Signore
1306 2570 1352 2606 et
1383 2562 1535 2607 offerir
1566 2563 1705 2606 molte
1733 2575 1899 2614 messe,

258 2635 387 2680 accio
409 2636 538 2693 guidi
566 2637 609 2680 la
633 2639 685 2681 P.
711 2638 770 2681 V.
795 2636 843 2689 in
870 2637 1022 2693 quello
1050 2638 1139 2681 che
1166 2636 1233 2682 sia
1260 2639 1471 2697 maggior
1498 2638 1644 2696 gloria
1671 2638 1791 2682 della
1816 2652 1902 2682 sua

253 2711 413 2757 diuina
434 2715 543 2758 Mta.
570 2721 616 2759 et
638 2713 748 2759 vtile
769 2714 856 2758 alle
878 2728 1047 2770 pouere
1074 2713 1223 2759 anime
1244 2715 1290 2758 di
1313 2723 1475 2772 queste
1497 2715 1693 2772 regioni.

349 2802 390 2844 3.
456 2790 520 2835 Mi
542 2790 720 2835 ricordo
742 2792 828 2835 che
849 2790 952 2835 dice
972 2791 1016 2835 la
1040 2793 1092 2835 P.
1118 2793 1177 2836 V.
1203 2792 1249 2836 di
1275 2793 1469 2837 fundare
1491 2791 1686 2850 collegio
1708 2791 1753 2835 in
1775 2792 1903 2836 Con—

329 2907 350 2929 a
390 2900 575 2949 Sequitur
587 2905 664 2950 per
681 2902 950 2940 obliteratum.

329 2989 340 3010 ¹
394 2989 517 3036 Auer,
534 2995 662 3027 rector
678 2991 836 3038 collegii
856 2990 1097 3038 moguntini.

326 3051 340 3070 ²
391 3049 618 3096 Halpawer,
636 3055 765 3087 rector
783 3051 972 3098 spirensis
989 3050 1167 3098 collegii.

328 3108 344 3128 ³
394 3108 638 3156 aneiscus,
658 3109 1013 3158 vice-provincialis
1031 3110 1267 3148 Germaniae
1284 3111 1501 3150 inferioris.
