2228 3548
983 318 1207 355 Appnnmx
1362 327 1366 331 ·
1789 319 1860 366 787

992 475 1192 518 ΧΧΧΙΧ

729 562 1034 599 GULIELMUS
1065 561 1456 601 RUSSINOWSKY

504 654 751 694 JOANNI
794 655 821 685 F
843 655 1180 686 RANCISCO
1225 654 1694 687 COMMENDONO

764 729 1000 785 Olomutii‚
1026 740 1077 784 17
1094 729 1244 774 Martii
1266 730 1375 785 1567
1402 731 1432 773 ¹.

719 818 782 854 De
810 818 976 866 collegio
1012 818 1220 854 Societatis
1256 819 1472 854 condendo.

371 897 483 938 Post
505 895 828 948 calamitatum,
847 895 1007 951 quibus
1028 895 1211 938 ecclesia
1231 895 1447 938 catholica
1470 896 1520 938 in
1536 896 1630 939 illis
1646 896 1914 954 regionibus

276 955 544 1007 vexabatur,
562 955 841 1006 relationem,
857 954 1135 997 desiderium
1152 969 1286 997 suum
1304 955 1444 997 tantis
1460 955 1596 997 malis
1612 956 1914 999 succurrendi

279 1014 441 1069 aperit,
463 1017 504 1056 et
539 1014 619 1056 ait:
640 1012 728 1070 Egi
754 1027 859 1056 mox
886 1027 990 1056 cum
1022 1013 1235 1057 fratribus
1258 1013 1500 1058 Societatis
1521 1016 1649 1071 Jesu,
1681 1015 1914 1058 offerendo

279 1071 368 1115 illis
390 1073 499 1116 satis
519 1075 734 1117 honestos
755 1071 945 1125 reditus,
965 1072 1244 1117 deducerent
1265 1087 1451 1116 suorum
1474 1073 1695 1116 coloniam
1719 1075 1913 1118 Olomu—

278 1131 418 1185 cium,
448 1146 565 1188 quae
586 1131 748 1175 ciuitas
768 1138 838 1175 est
860 1131 1090 1175 Morauiae
1111 1131 1336 1187 primaria,
1362 1132 1536 1176 habens
1558 1133 1711 1176 sedem
1735 1133 1914 1190 episco-

280 1191 443 1247 palem:
470 1191 516 1234 in
538 1205 626 1246 qua
648 1206 713 1244 re,
738 1204 830 1234 non
857 1191 1028 1247 absque
1054 1190 1318 1235 difficultate
1346 1198 1496 1234 tamen
1526 1198 1572 1235 et
1594 1205 1734 1246 mora,
1755 1206 1912 1249 gesse-

282 1258 388 1293 runt
410 1250 519 1293 mihi
541 1265 726 1294 morem.
752 1250 914 1293 Habeo
935 1249 1023 1293 iam
1046 1250 1288 1293 nonnullos
1316 1250 1477 1293 fratres
1500 1250 1741 1295 Societatis
1757 1251 1804 1294 in
1825 1253 1913 1295 hoc

283 1323 407 1352 nouo
424 1309 633 1366 collegiO,
650 1322 842 1364 quorum
860 1308 996 1364 aliqui
1007 1323 1111 1352 cum
1123 1323 1289 1366 magno
1298 1309 1447 1352 fructu
1459 1309 1801 1363 concionantur,
1816 1310 1913 1366 qui-

283 1369 387 1413 dam
405 1369 711 1424 juuentutem‚
732 1367 884 1411 tamin
902 1367 1083 1424 pietate,
1104 1383 1238 1424 quam
1255 1367 1302 1411 in
1318 1368 1449 1411 bonis
1465 1368 1641 1421 litteris,
1662 1369 1830 1425 optime
1847 1369 1915 1412 in-

283 1428 533 1471 stituunt...
555 1427 695 1471 Nouit
711 1434 862 1470 autem
879 1429 936 1472 D.
958 1428 1016 1472 V.
1035 1428 1163 1471 111.Ῐιῐηι
1182 1427 1470 1472 Olomucium
1488 1427 1623 1470 situm
1641 1442 1741 1471 esse
1760 1429 1852 1474 fere
1869 1429 1915 1472 in

284 1486 480 1531 confinio
502 1486 747 1543 Vngariae,
773 1486 1007 1539 Poloniae‚
1034 1486 1294 1541 Bohemiae‚
1321 1486 1550 1539 Austriae,
1576 1487 1848 1532 Sclauoniae
1870 1496 1914 1533 et

281 1546 487 1599 Silesiae;
513 1560 569 1589 ex
590 1545 755 1601 quibus
776 1545 1024 1601 prouincijs
1044 1560 1210 1603 magna
1231 1547 1339 1600 huc,
1359 1553 1454 1589 tum
1473 1554 1654 1602 propter
1675 1546 1824 1590 victus
1848 1547 1909 1590 fa-

283 1606 517 1658 cilitatem,
543 1612 638 1648 tum
661 1612 842 1661 propter
863 1605 1182 1650 addiscendam
1198 1604 1399 1662 linguam
1422 1605 1724 1662 germanicam
1741 1613 1788 1649 et
1805 1606 1915 1650 boe-

283 1666 462 1717 micam,
489 1679 678 1719 quarum
702 1671 893 1720 utraque
923 1664 1174 1708 communis
1200 1671 1246 1708 et
1274 1665 1478 1721 uulgaris
1506 1664 1579 1708 hic
1607 1672 1690 1716 est,
1717 1666 1915 1710 confluet

278 1725 504 1781 juuenum
533 1722 842 1779 frequentia...
872 1723 1035 1767 domus
1071 1738 1152 1767 seu
1183 1723 1427 1781 collegium
1457 1726 1645 1767 fratrum
1675 1723 1916 1769 Societatis

286 1784 418 1827 ualde
439 1790 631 1840 angusta
655 1789 812 1826 sunt...
843 1789 1074 1838 praeterea
1095 1783 1267 1826 nullum
1299 1784 1513 1840 templum
1544 1783 1737 1839 collegio
1766 1790 1836 1826 est
1858 1797 1915 1826 ex

286 1857 413 1887 more
434 1841 730 1887 Societatis...
757 1842 830 1885 Ad
850 1841 1032 1884 domum
1054 1842 1364 1899 ampliandam
1380 1844 1492 1899 petit
1508 1843 1668 1885 deinde
1685 1849 1917 1887 monaste-

289 1901 405 1945 rium
427 1901 521 1944 diui
546 1900 772 1944 Francisci
795 1901 1040 1957 collapsum
1062 1900 1148 1944 iam
1173 1901 1367 1946 maxima
1387 1917 1443 1947 ex
1465 1909 1647 1957 parte...

378 1961 492 2004 Ibid.
510 1961 600 2018 fol.
630 1959 726 2012 168,
748 1964 812 2003 est
833 1961 1019 2016 epistola
1040 1960 1240 2016 ejusdem
1262 1961 1322 2004 ad
1341 1962 1558 2012 eumdem,
1586 1961 1836 2003 Cremsirio
1858 1971 1917 2014 27

289 2020 412 2076 Maji
430 2022 544 2075 1567
560 2020 680 2072 data,
698 2019 774 2062 ubi
791 2020 978 2075 gratias
999 2020 1112 2076 agit,
1129 2020 1182 2062 de
1203 2022 1476 2064 monasterio
1495 2020 1582 2062 sibi
1607 2034 1823 2063 concesso.

379 2079 493 2122 Ibid.
511 2079 600 2136 fol.
630 2088 729 2132 170,
750 2082 814 2121 est
835 2078 1018 2134 epistola
1039 2078 1240 2135 ejusdem
1261 2080 1322 2123 ad
1342 2080 1559 2131 eumdem,
1585 2079 1836 2122 Cremsirio
1859 2089 1917 2121 12

280 2139 402 2196 Julii
425 2141 539 2193 1567
561 2138 680 2189 data,
703 2138 754 2180 in
782 2152 917 2193 qua
898 2138 1078 2180 <traaas
1105 2139 1271 2181 iterum
1300 2140 1414 2196 agit,
1438 2143 1478 2182 et
1494 2139 1605 2194 petit
1625 2141 1675 2180 ut
1695 2138 1917 2180 concessio

287 2198 556 2240 monasterii
577 2198 676 2239 sine
703 2197 954 2239 conditione
967 2196 1058 2252 fiat
1078 2212 1106 2239 a
1133 2198 1360 2254 pontifice.
1397 2210 1437 2241 J.
1446 2205 1466 2225 ‘¹
1494 2197 1675 2239 tandem
1713 2196 1916 2240 Octobris

290 2258 404 2311 1567
421 2256 539 2298 idem
559 2257 700 2298 eidem
718 2256 902 2311 scripsit
917 2256 970 2298 de
987 2257 1315 2312 acquiescentia
1329 2257 1631 2314 provincialis
1644 2256 1915 2313 francisca-

288 2316 401 2358 lium
417 2315 716 2371 probabiliter
742 2314 998 2358 obtinenda.

1065 2429 1147 2472 XL

800 2515 846 2551 P.
873 2513 1194 2553 LEONARDUS
1221 2516 1415 2553 KESSEL

669 2606 882 2637 SANCTO
914 2607 1227 2638 FRANCISCO
1264 2609 1336 2639 DE
1367 2609 1542 2648 BORJA

765 2681 999 2735 Coloniae,
1030 2694 1047 2726 1
1073 2682 1245 2739 Aprilis
1272 2696 1288 2727 1
1297 2685 1382 2739 567
1412 2685 1427 2705 ²
1436 2718 1446 2729 .

702 2770 766 2806 De
795 2771 956 2818 collegii
983 2770 1219 2807 coloniensis
1249 2771 1502 2809 lustratione.

379 2849 640 2893 Admodum
667 2848 788 2894 Rde.
826 2847 875 2891 in
903 2847 1085 2892 Christo
1116 2850 1268 2894 Pater:
1302 2851 1389 2894 hoc
1410 2864 1566 2894 mense
1588 2848 1752 2893 Martio
1776 2847 1922 2891 adfuit

363 2985 375 3006 ¹
426 2984 484 3019 Ex
502 2984 727 3030 archetypo,
747 2983 787 3018 in
804 2982 895 3018 eod.
919 2983 1051 3019 Vatic.
1074 2982 1225 3020 Lettere
1241 2985 1290 3021 de
1297 2985 1494 3033 principi,
1510 2993 1567 3029 27,
1584 2983 1651 3019 fol.
1671 2982 1738 3019 166
1752 2987 1794 3019 et
1811 2993 1924 3029 seqq.

294 3042 395 3079 Vide
413 3042 531 3089 epist.
557 3041 639 3087 413,
660 3053 699 3079 n.
722 3049 755 3086 13
772 3049 856 3087 417,
876 3053 920 3077 n.
942 3049 978 3086 7;
997 3051 1080 3088 419,
1100 3054 1143 3078 n.
1167 3051 1200 3087 13
1218 3052 1303 3089 4243
1321 3044 1406 3091 432,
1425 3056 1464 3079 n.
1484 3052 1518 3088 23
1539 3047 1579 3078 et
1596 3041 1679 3087 443,
1700 3053 1743 3077 n.
1770 3050 1808 3078 1.

366 3104 381 3124 ²
430 3102 489 3137 Ex
507 3101 760 3148 autographo,
783 3101 823 3136 in
844 3099 941 3138 Cod.
959 3110 1011 3146 29
1023 3101 1088 3149 g),
1108 3100 1178 3147 273
1191 3101 1306 3148 (486).
1325 3103 1427 3139 Vide
1445 3103 1561 3150 epist.
1579 3101 1662 3147 4663
1679 3106 1719 3137 et
1732 3100 1818 3147 469,
1832 3112 1858 3136 n
1888 3110 1925 3144 4.
