2228 3548
0 2151 9 2179 ἶ

0 2448 13 2486 ἰζ

0 2488 11 2537 ἶ

0 2542 8 2573 ξ

0 2589 3 2606 ι

0 2617 18 2636 ,Α

700 287 963 323 Pnoossmuu
989 293 1131 323 ‘remu
1156 293 1384 322 vommms
1761 294 1817 320 xv

217 389 439 448 apostatis
461 388 667 435 exhibita
694 388 827 447 (293).
852 388 1078 442 Natalem,
1111 388 1243 444 cujus
1275 387 1533 445 prudentia,
1568 386 1792 431 industria
1818 394 1864 431 et

218 473 448 517 indefesso
473 473 630 520 labore
655 479 833 516 tantum
851 471 1003 528 juvari
1025 471 1303 516 Germaniae
1325 470 1605 528 provinciam
1627 471 1860 523 cernebat,

220 557 390 601 ibidem
412 556 597 614 longius
626 556 856 600 immorari
889 555 1066 599 curavit
1098 556 1233 614 (251).
1268 557 1388 600 Cum
1420 563 1571 601 autem
1603 555 1865 613 provinciae

222 622 367 686 onere
383 647 671 698 gravaretur,
697 639 961 697 praesertim
985 653 1090 682 cum
1113 639 1294 696 magnis
1311 654 1365 684 eo
1383 645 1591 697 tempore
1609 638 1866 683 tribulatio-

223 723 359 769 nibus
400 724 476 768 illa
518 731 778 777 vexaretur,
824 724 882 767 de
914 722 1080 779 quibus
1117 722 1165 765 in
1202 722 1395 779 epistola
1426 723 1483 766 ad
1515 723 1726 768 Natalem
1759 723 1865 766 data

223 810 558 854 lamentabatur
580 809 715 866 (472),
741 809 867 852 nullo
889 815 1025 866 pacto
1045 807 1122 851 illo
1145 822 1334 852 munere
1357 807 1592 852 Canisium
1609 822 1864 852 exoneran-

223 893 332 936 dum
355 891 534 936 censuit
556 891 748 946 Natalis,
774 906 860 936 nec
883 891 1004 935 enim
1034 890 1189 944 alium,
1223 890 1301 946 qui
1332 890 1374 934 ei
1405 882 1545 948 digne
1578 891 1862 945 succederet,

222 991 272 1022 se
300 976 416 1020 scire
445 977 673 1021 fatebatur
707 976 844 1033 (494).
881 976 939 1018 Et
970 977 1085 1019 haec
1117 975 1175 1019 de
1215 976 1359 1019 Beato
1397 974 1584 1018 Canisio
1618 974 1862 1028 sufficiant;

221 1059 430 1116 quamvis
452 1059 573 1104 enim
597 1060 740 1102 multa
757 1058 859 1111 alia,
879 1072 1025 1115 eaque
1042 1057 1199 1115 magni
1222 1057 1451 1114 ponderis,
1478 1058 1525 1100 in
1549 1058 1675 1101 hisce
1704 1058 1867 1103 litteris

223 1142 525 1200 reperiantur,
566 1142 644 1199 qui
682 1141 820 1198 hujus
858 1140 1036 1198 egregii
1073 1140 1158 1184 viri
1200 1149 1333 1198 gesta
1369 1141 1549 1198 plenius
1585 1156 1866 1198 cognoscere

227 1234 376 1280 aveat,
391 1226 597 1283 ejusdem
614 1225 847 1282 epistolas,
868 1225 926 1268 ab
943 1224 1123 1269 erudito
1141 1226 1194 1268 P.
1217 1226 1389 1269 Ottone
1407 1225 1753 1282 Braunsberger
1769 1226 1865 1270 edi-

233 1317 302 1354 tas
325 1316 372 1353 et
394 1309 611 1362 edendas,
636 1309 769 1352 adeat
789 1322 976 1353 necesse
1003 1315 1088 1352 est.

320 1568 424 1618 3.⁸⁴”⁸
492 1563 630 1607 Gesta
663 1562 829 1606 Patris
858 1560 1319 1617 Nadal.—Quamvis
1350 1575 1422 1605 res
1459 1563 1685 1607 hactenus
1722 1562 1871 1608 dictae

231 1661 401 1704 magna
422 1654 550 1704 parte
573 1647 631 1690 ad
652 1646 862 1690 Natalem
885 1646 1157 1698 referantur,
1183 1645 1283 1701 ejus
1304 1652 1436 1703 gesta
1458 1660 1582 1690 nunc
1603 1645 1868 1703 singillatim

235 1730 505 1788 attingenda
533 1731 762 1774 videntur.
794 1731 844 1773 ln
871 1731 959 1790 hoc
989 1728 1131 1786 igitur
1167 1728 1301 1774 tertio
1337 1729 1630 1786 epistolarum
1668 1730 1783 1774 libro
1820 1745 1874 1775 ea

237 1829 342 1872 pars
363 1814 483 1859 vitae
506 1813 682 1859 Natalis
703 1794 980 1866 continetur,
1007 1827 1124 1869 quae
1145 1813 1325 1869 abejus
1347 1813 1394 1856 in
1415 1813 1710 1858 Germaniam
1732 1830 1871 1871 expe-

237 1897 425 1953 ditione,
450 1897 526 1943 die
549 1909 575 1952 7
599 1897 835 1943 Februarii
863 1897 991 1952 1566,
1022 1910 1169 1953 usque
1196 1897 1253 1940 ad
1281 1896 1423 1953 ipsius
1451 1898 1630 1942 beatam
1659 1906 1868 1952 mortem,

239 1993 263 2038 5
288 1981 460 2038 Aprilis
488 1983 617 2037 1580,
643 1980 859 2025 excurrit.
886 1982 1017 2024 Haec
1048 1987 1200 2023 autem
1230 1980 1389 2024 ultima
1415 1980 1536 2025 vitae
1564 1981 1740 2026 Natalis
1769 1997 1872 2039 pars

238 2065 476 2123 tripliciter
497 2065 724 2122 dispertiri
745 2065 983 2109 commode
1006 2070 1171 2120 potest3
1196 2079 1301 2108 nam
1319 2064 1465 2121 primo
1481 2064 1770 2122 inspectoris,
1790 2080 1872 2110 seu

236 2156 287 2193 ut
309 2149 438 2205 ajunt
472 2147 771 2192 «visitatoris»
803 2161 971 2191 munus
998 2146 1141 2190 obivit
1168 2147 1348 2191 duobus
1375 2148 1507 2192 annis
1535 2162 1638 2192 cum
1667 2149 1870 2203 dimidio,

235 2233 424 2286 scilicet,
449 2248 476 2276 a
498 2247 655 2277 mense
678 2231 927 2276 Februario
956 2231 1068 2286 1566
1091 2232 1150 2274 ad
1171 2232 1437 2288 Augustum
1466 2233 1594 2288 1568,
1620 2233 1665 2276 in
1689 2233 1874 2290 provin-

236 2316 319 2360 ciis
356 2315 655 2369 Germaniae,
702 2314 943 2368 Austriae,
983 2314 1156 2367 Rheni,
1196 2315 1435 2360 Flandriae
1473 2323 1519 2360 et
1555 2316 1749 2362 Galliae.
1789 2319 1875 2363 Se-

237 2401 411 2453 cundo,
441 2399 640 2444 vicarius
668 2397 897 2456 generalis
923 2413 950 2442 a
980 2398 1150 2456 Borgia
1178 2398 1457 2453 nominatus,
1498 2406 1638 2444 totam
1668 2401 1875 2446 Societa-

242 2490 332 2528 tem
371 2483 581 2540 (demptis
612 2481 863 2538 Hispaniae
892 2481 1138 2537 provinciis
1168 2496 1315 2539 usque
1347 2484 1404 2526 ad
1435 2483 1631 2528 reditum
1665 2484 1875 2542 Borgiae)

242 2566 518 2623 gubernavit
540 2567 597 2618 ab
619 2565 750 2609 initio
761 2564 871 2623 Julii
895 2575 1000 2619 1571
1022 2565 1080 2608 ad
1096 2564 1329 2610 ineuntem
1347 2567 1597 2611 Octobrem
1615 2567 1722 2611 anni
1746 2579 1872 2623 1572.

244 2649 414 2702 Tertio,
449 2650 651 2695 ultimam
678 2655 962 2694 senectutem
992 2648 1213 2706 transegit
1239 2650 1399 2706 procul
1426 2665 1453 2694 a
1475 2650 1688 2707 negotiis,
1714 2652 1874 2709 partim

243 2733 390 2778 Halae
411 2732 457 2776 in
478 2733 742 2786 Germania,
768 2748 795 2776 a
815 2745 971 2776 mense
993 2731 1167 2776 scilicet
1190 2733 1311 2789 Majo
1340 2744 1452 2788 1574
1473 2735 1530 2777 ad
1546 2733 1721 2792 Julium
1745 2746 1873 2791 1577,

241 2815 404 2872 partim
442 2815 631 2869 Romae,
672 2830 698 2859 a
730 2828 838 2857 vere
869 2812 976 2857 anni
1015 2814 1143 2868 1578,
1183 2828 1330 2871 usque
1359 2816 1419 2858 ad
1451 2815 1594 2872 ipsius
1625 2816 1816 2870 obitum,
1852 2829 1875 2872 5

172 2943 176 2946 ,
241 2898 412 2956 Aprilis
439 2899 566 2953 1580.
592 2900 662 2942 De
685 2897 879 2955 singulis
901 2896 1027 2940 hisce
1049 2897 1255 2953 partibus
1276 2898 1477 2944 breviter
1497 2899 1788 2946 disseremus.

329 2985 369 3038 a)
434 2982 620 3035 Natalis
652 2981 838 3038 inspicit
864 2979 1025 3023 varias
1046 2981 1699 3037 provincias.—GERMAN1AM
1733 2998 1879 3028 SUPE-

244 3078 446 3120 RIOREM,
486 3064 631 3122 primo
659 3065 780 3120 loco,
811 3071 858 3108 et
889 3074 1066 3108 summa
1094 3063 1276 3120 quidem
1309 3064 1564 3123 diligentia,
1598 3067 1876 3125 peragravit,
