2228 3548
402 265 472 302 79²
977 254 1114 290 EPIST.
1141 253 1184 288 P.
1213 253 1363 289 NADAL

1098 408 1246 452 XLVI

890 494 1218 533 STANISLAUS
1244 495 1439 534 HOSIUS

745 586 911 616 PATRI
959 586 1163 627 JOANNI
1210 588 1279 617 DE
1327 587 1580 619 POLANCO

821 661 1137 719 Heilsbergae,
1168 674 1185 706 1
1212 661 1320 719 Maji
1347 663 1456 718 1567
1481 662 1492 683 ¹
1501 699 1510 708 .
1575 674 1582 683 ·

438 749 790 798 Braunsbergense
807 750 1022 798 collegium
1038 748 1211 797 spoliari
1226 752 1426 798 operariis
1442 752 1604 800 optimis
1621 752 1895 799 conqueritur.

440 828 552 872 Rde.
579 828 729 881 Pater,
755 829 892 872 frater
914 828 961 871 in
985 828 1166 873 Christo
1188 828 1450 873 charissime
1471 836 1516 874 et
1536 830 1816 874 honorande
1843 831 1982 886 Quod

353 886 684 943 herbipolensis
706 887 949 954 episcopus
971 889 1189 933 ⁹⁸vestrae
1211 888 1453 933 Societatis
1469 888 1740 945 collegium
1729 904 1777 932 m
1794 889 1982 935 ciuitate

351 961 435 990 sua
455 946 756 999 constituerit,
782 949 1000 1014 gratulor3
1027 948 1106 991 sed
1128 962 1233 990 cum
1251 947 1374 1004 prior
1389 947 1435 991 id
1454 948 1611 992 fecerit
1628 950 1979 1006 Braunspergae

353 1005 593 1049 cardinalis
614 1005 894 1074 varmiensis,
920 1014 964 1052 et
986 1008 1087 1063 lege
1109 1014 1293 1051 cautum
1322 1007 1396 1060 sit,
1427 1014 1478 1050 vt
1506 1007 1584 1064 qui
1612 1008 1733 1064 prior
1763 1015 1833 1052 est
1865 1015 1981 1053 tem—

353 1080 478 1122 pore,
501 1065 650 1121 potior
671 1065 729 1109 sit
748 1065 862 1119 iure,
887 1073 1090 1111 vestrum
1113 1066 1228 1110 facio
1250 1066 1484 1119 iudici,um
1518 1082 1577 1111 an
1608 1080 1804 1123 aequum
1835 1067 1895 1111 sit
1925 1074 1977 1111 vt

352 1124 547 1182 priorem
569 1124 785 1181 spolietis,
815 1126 1108 1182 posteriorem
1136 1141 1244 1170 vero
1271 1126 1439 1180 ditetis,
1471 1126 1559 1170 nisi
1587 1127 1777 1171 fortasse
1807 1127 1979 1171 braun-

353 1198 624 1241 spergenses
646 1184 884 1242 aegiptios,
910 1186 1249 1242 herbipolenses
1271 1192 1424 1230 autem
1450 1187 1643 1230 hebreos
1671 1200 1771 1231 esse
1802 1185 1976 1230 iudica-

354 1243 426 1287 tis.
454 1245 553 1300 Ego
575 1257 683 1288 vero
704 1245 761 1287 de
782 1245 834 1287 P.
860 1245 1010 1289 Natali
1033 1245 1142 1288 mihi
1163 1246 1299 1300 longe
1321 1245 1443 1289 aliud
1459 1245 1805 1302 persuadebam,
1832 1259 1977 1301 quan-

354 1303 598 1359 doquidem
622 1303 841 1348 vetustior
863 1304 925 1347 illi
947 1319 1123 1349 mecum
1146 1319 1280 1360 quam
1304 1319 1408 1348 cum
1429 1304 1735 1361 herbipolensi
1764 1304 1979 1362 episcopo

357 1362 634 1406 familiaritas
660 1362 915 1418 intercedit,
946 1365 1170 1407 facturum
1202 1378 1322 1417 eum,
1357 1371 1407 1407 vt
1437 1371 1626 1421 augeret
1657 1364 1809 1421 potius
1840 1365 1982 1408 colle-

355 1421 483 1479 gium
506 1423 594 1466 hoc
616 1437 643 1466 a
663 1422 795 1466 nobis
815 1423 1089 1476 institutum,
1115 1438 1249 1479 quam
1271 1430 1320 1466 vt
1341 1423 1644 1478 imminueret;
1675 1425 1757 1467 sed
1782 1423 1820 1467 si
1848 1423 1982 1467 uobis

355 1481 542 1524 omnino
569 1481 865 1526 deliberatum
893 1491 962 1526 est
990 1483 1184 1539 spoliare
1221 1483 1473 1540 aegyptios,
1505 1483 1651 1527 ditare
1679 1491 1832 1527 autem
1869 1483 1983 1528 hae-

356 1541 511 1593 breos,
552 1541 762 1596 equidem
798 1557 889 1585 non
917 1542 1112 1610 impedio
1142 1543 1383 1598 quominus
1410 1543 1456 1586 id
1488 1542 1678 1586 faciatis.
1710 1543 1762 1586 Ρ
1797 1543 1984 1587 Petrum

361 1600 489 1644 Pha'e
510 1599 702 1644 libenter
724 1601 853 1644 uobis
875 1603 1114 1655 remittam,
1140 1602 1414 1646 dummodo
1402 1617 1450 1644 1n
1465 1603 1618 1646 locum
1635 1601 1755 1646 illius
1771 1601 1986 1669 designe-

359 1659 418 1702 tis
440 1660 492 1702 P
518 1659 844 1728 Dionysium³,
869 1662 945 1716 qui
967 1675 1091 1704 nunc
1113 1668 1182 1706 est
1203 1662 1249 1705 in
1270 1661 1516 1706 Germania
1537 1661 1767 1713 inferiore,
1793 1661 1870 1716 qui
1893 1659 1985 1717 pri-

359 1719 463 1763 dem
486 1718 636 1762 statim
659 1719 715 1762 ab
738 1719 865 1763 initio
887 1721 1017 1765 nobis
1045 1721 1310 1778 promissus,
1341 1735 1491 1777 neque
1518 1728 1667 1764 tamen
1697 1721 1847 1763 adhuc
1875 1719 1985 1763 mis-

359 1792 440 1821 sus
460 1785 544 1822 est.
570 1777 650 1823 Sic
670 1793 753 1822 nos
775 1780 923 1824 verbis
947 1788 1121 1824 tantum
1143 1780 1320 1833 alimur,
1345 1780 1418 1824 alii
1436 1780 1599 1825 rebus
1588 1779 1696 1836 lpsis
1714 1786 1979 1846 pascuntur.

360 1838 478 1881 Nam
510 1838 631 1894 quod
662 1838 818 1881 scribit
850 1840 900 1882 P.
938 1841 994 1884 V.
1002 1845 1034 1867 1
1019 1848 1057 1868 ‘³
1087 1841 1208 1896 quod
1235 1841 1280 1883 in
1310 1814 1460 1883 locum
1492 1840 1545 1883 Ρ
1579 1838 1702 1884 Petri
1730 1838 1789 1881 sit
1816 1838 1985 1881 missus

360 1897 518 1940 doctor
539 1897 787 1942 Astensis⁴
794 1931 804 1950 ‚
830 1900 950 1953 quod
978 1900 1097 1942 bona
1123 1914 1228 1943 curn
1256 1899 1375 1943 illius
1406 1898 1539 1943 venia
1570 1897 1776 1950 dixerim,
1812 1912 1906 1941 non
1937 1897 1985 1940 in

361 1957 414 1999 P.
439 1955 578 2008 Petri,
602 1956 751 2001 sedin
773 1958 1143 2015 Christophori‚
1111 1960 1126 1982 ⁵
1168 1960 1326 2002 doctor
1346 1958 1395 2001 in
1421 1958 1636 2010 doctoris,
1662 1964 1812 2000 rector
1831 1957 1879 2000 in
1911 1970 1987 2000 re-
2014 1997 2018 2002 .

361 2015 499 2059 etoris
515 2017 665 2059 locum
681 2023 750 2060 est
772 2016 944 2060 missus.
967 2018 1163 2062 Proinde
1185 2018 1338 2070 aliurn,
1357 2018 1404 2060 in
1426 2019 1578 2062 locum
1597 1991 1649 2060 P.
1676 2016 1815 2068 Petri,
1835 2015 1989 2060 mitta-

363 2074 436 2127 tis,
476 2075 515 2118 si
542 2089 647 2119 eum
675 2090 702 2118 a
729 2076 859 2120 nobis
888 2079 1065 2122 auferre
1096 2078 1248 2121 uultis.
1279 2051 1496 2134 Quinque
1526 2077 1615 2120 iam
1647 2075 1846 2132 adempti
1879 2074 1989 2118 mihi

362 2141 485 2187 sunt,
520 2135 766 2188 Arnoldus,
797 2136 1152 2193 Christophorus
1184 2151 1287 2181 cum
1319 2151 1403 2180 suo
1440 2136 1578 2190 socio,
1620 2135 1806 2186 Paulus,
1842 2133 1988 2190 quinti

362 2207 528 2237 nomen
555 2208 647 2237 non
668 2195 913 2248 succurrit3
945 2211 1048 2239 narn
1076 2197 1133 2240 de
1164 2203 1311 2250 sexto,
1347 2195 1546 2249 Simone,
1586 2194 1663 2251 qui
1700 2200 1862 2250 sponte
1902 2208 1987 2237 sua

362 2253 625 2310 segregauit
646 2268 709 2306 se,
734 2253 845 2296 nihil
866 2269 987 2298 nunc
1009 2256 1170 2299 dicam.
1195 2255 1299 2301 Scio
1320 2255 1442 2310 quod
1463 2253 1758 2298 causabimini
1775 2252 1986 2298 imbecil-

362 2311 534 2355 litatem
557 2314 607 2356 P.
630 2312 849 2369 Dyonisii,
875 2316 955 2357 sed
976 2330 1058 2358 nos
1075 2317 1295 2359 habemus
1311 2314 1385 2358 hic
1401 2314 1627 2359 medicum
1644 2312 1887 2369 insignem,
1909 2311 1986 2355 cui

363 2385 528 2415 nomen
550 2378 619 2416 est
633 2373 903 2430 Joppenbix,
929 2389 1018 2429 quo
1046 2375 1176 2418 facile
1204 2373 1348 2418 morbi
1375 2380 1592 2417 curantur
1621 2386 1795 2416 omnes.
1832 2371 1985 2416 Testis

362 2437 432 2474 est
453 2431 612 2474 doctor
633 2432 999 2488 Christophorus,
1025 2434 1102 2492 qui
1124 2448 1356 2490 nunquam
1377 2433 1423 2476 in
1447 2433 1538 2476 vita
1555 2446 1637 2475 sua
1654 2446 1703 2476 se
1720 2430 1882 2475 melius
1899 2444 1983 2473 va-

362 2489 509 2534 luisse
535 2490 705 2543 scribit,
745 2505 880 2547 quam
907 2506 1009 2535 cum
1042 2500 1161 2537 esset
1190 2495 1550 2559 Braunspergae‚
1576 2505 1680 2534 cum
1708 2489 1786 2532 illo
1806 2488 1984 2532 medico

362 2555 580 2594 vteretur.
602 2549 750 2595 Testis
767 2557 813 2594 et
828 2550 923 2607 ipse
945 2553 1102 2596 doctor
1123 2552 1348 2604 Astensis,
1373 2551 1452 2607 qui
1473 2550 1584 2595 mire
1600 2564 1650 2593 se
1666 2547 1830 2594 medici
1847 2547 1985 2591 huius

438 2688 448 2708 ¹
499 2687 558 2722 Ex
576 2687 799 2734 archetypo,
821 2686 862 2722 in
882 2685 977 2723 Cod.
998 2688 1059 2735 38,
1077 2687 1224 2736 duplici
1240 2687 1323 2732 fol„
1347 2694 1410 2732 171
1431 2684 1544 2733 (470).

434 2748 448 2767 2
499 2745 721 2782 Fridericus
739 2758 761 2782 a
778 2745 999 2792 Wirsberg.

436 2805 451 2826 ⁵
500 2805 694 2841 Henricus
712 2804 938 2852 Dionysius.
959 2805 1059 2842 Vide
1078 2806 1193 2854 epist.
1214 2805 1296 2852 486,
1318 2817 1356 2841 n.
1378 2813 1412 2851 5;
1431 2814 1515 2850 494,
1540 2815 1580 2840 n.
1607 2813 1642 2849 25
1673 2811 1756 2850 509,
1785 2815 1825 2839 n.
1853 2810 1890 2848 73
1910 2810 1992 2848 512,

364 2876 405 2899 n.
430 2871 461 2908 13
482 2871 564 2909 515,
585 2877 623 2900 n.
644 2872 680 2909 53
700 2870 781 2901 etc.

435 2925 451 2946 ⁴
499 2924 542 2959 P.
576 2925 747 2971 Joannes
778 2925 948 2972 Jacobus
979 2924 1159 2961 Astensis
1192 2925 1362 2973 (Asten).
1394 2924 1562 2971 Saepius
1592 2923 1642 2959 de
1666 2933 1713 2958 eo
1744 2920 1892 2957 dictum
1917 2924 1992 2956 est.

363 2981 465 3018 Vide
484 2984 598 3030 epist.
620 2993 701 3029 512,
717 2996 756 3022 n.
780 2992 811 3020 Ι.

433 3043 448 3064 ⁵
497 3042 743 3082 Strobellius.
764 3043 864 3080 Vide
882 3054 970 3090 pag.
992 3044 1075 3090 218,
1093 3048 1225 3080 annot.
1246 3052 1280 3089 5.
