2228 3548
415 303 482 343 130
925 303 1064 339 EP1ST.
1094 300 1138 337 P.
1167 296 1437 345 NADAL—394

1118 401 1245 443 394

831 477 872 515 S.
895 473 1229 512 FRANCISCUS
1257 474 1328 509 DE
1353 472 1523 520 BORJA

682 545 895 590 PATRI
942 541 1372 587 HIERONYMO
1418 540 1660 586 NADAL

912 629 1074 667 ROMAE,
1103 618 1146 654 18
1170 627 1265 662 man
1293 617 1385 663 1566
1414 619 1439 653 ¹.

351 689 513 737 Scripta
542 687 717 730 Natalis,
754 686 913 723 Canisii
941 689 978 722 et
1017 685 1228 722 Ledesmae
1244 684 1292 720 de
1310 683 1556 732 augustanis
1579 683 1751 720 comitiis
1779 695 1806 719 a
1835 683 1994 731 Borgia

396 751 567 797 recepta,
590 751 627 785 et
649 759 806 783 summo
824 745 1012 795 pontifici
1034 745 1223 782 exhibita:
1241 743 1374 792 officia
1392 756 1417 780 a
1435 744 1594 792 Borgia
1613 746 1692 792 pro
1701 743 1822 792 felici
1849 745 1993 781 eventu

398 808 655 845 comitiorum
667 807 886 855 praestita.

448 888 485 920 1.
543 876 675 934 Jhus.
701 875 844 919 Molto
868 874 987 918 Rdo.
1013 872 1060 916 in
1082 873 1201 929 Xpo.
1231 872 1394 916 Padre.
1422 873 1519 916 Pax
1547 870 1623 915 X.¹
1659 878 1746 916 etc.
1779 872 1832 915 L'
1862 870 1994 915 audi-

355 961 425 999 tor
446 955 461 976 '
485 953 559 998 del
580 953 724 996 Illmo.
750 953 905 1010 legato
927 951 988 995 mi
1011 951 1143 996 diede
1166 951 1209 996 le
1231 951 1391 996 lettere
1414 951 1472 996 de
1498 951 1558 995 V.
1585 951 1640 994 R.
1665 950 1722 994 de
1746 959 1769 1005 5
1791 949 1864 993 del
1890 964 1995 1007 pre—

355 1037 500 1084 sente,
521 1045 608 1074 con
624 1031 667 1075 le
684 1029 813 1087 copie
829 1028 1110 1074 sottoscritte
1132 1029 1190 1073 de
1212 1043 1295 1073 sua
1317 1043 1470 1082 mano,
1490 1034 1536 1072 et
1551 1027 1597 1070 di
1615 1028 1765 1084 quella
1780 1027 1886 1072 delli
1905 1029 1995 1071 Pa-

354 1109 424 1153 dri
445 1107 630 1154 Canisio
653 1115 698 1153 et
720 1109 943 1153 Ledesma
960 1114 1006 1151 et
1024 1113 1143 1150 tutto
1159 1105 1190 1149 il
1213 1113 1334 1150 resto
1357 1107 1390 1159 ³,
1415 1113 1461 1150 et
1483 1106 1589 1163 quel
1603 1106 1649 1149 di
1665 1104 1929 1154 medesimo‚
1949 1111 1996 1149 et

354 1186 484 1245 quasi
514 1188 545 1230 l'
574 1186 736 1231 istessa
764 1187 875 1231 hora
901 1193 939 1240 ⁸,
969 1186 1180 1231 uedendo
1210 1185 1279 1228 610
1302 1186 1387 1229 6116
1422 1184 1675 1241 importaua
1711 1183 1743 1226 il
1779 1182 1990 1240 negocio,

355 1266 467 1310 Ietta
487 1265 530 1308 la
551 1271 764 1309 sustanza
786 1265 843 1310 de
865 1265 908 1309 16
930 1264 1107 1317 lettere,
1132 1269 1178 1307 et
1207 1262 1355 1307 inteso
1383 1262 1454 1306 cio
1481 1264 1567 1308 che
1595 1262 1655 1306 mi
1677 1261 1798 1306 disse
1825 1262 1883 1306 de
1899 1273 1994 1318 .pa—·

357 1343 468 1387 rolla
490 1343 615 1388 detto
637 1341 831 1395 auditor,
856 1356 929 1387 me
951 1344 996 1384 n’
1022 1340 1156 1385 andai
1178 1341 1251 1384 all'
1277 1341 1418 1384 Illmo.
1445 1340 1674 1385 cardinale
1694 1339 1927 1384 Granuela
1953 1339 1987 1393 ⁴,

355 1419 389 1464 il
410 1420 543 1476 quale
564 1435 655 1464 non
677 1422 858 1465 haueua
879 1434 1045 1464 ancora
1066 1419 1179 1464 letto
1204 1418 1236 1461 il
1263 1433 1347 1462 suo
1374 1418 1570 1475 spaccio‚
1610 1425 1656 1462 et
1689 1417 1883 1462 tuttauia
1913 1431 1992 1474 per

358 1497 678 1542 informatione
699 1499 783 1542 che
805 1497 950 1555 prima
971 1499 1168 1550 haueua,
1193 1503 1239 1542 et
1261 1496 1411 1552 quella
1433 1498 1506 1539 ch’
1530 1496 1561 1539 11
1582 1498 1777 1541 hauemo
1799 1496 1920 1549 data,
1951 1494 1993 1539 ci

361 1575 480 1619 disse
501 1575 532 1618 il
554 1589 638 1619 suo
658 1589 833 1632 parere.
860 1575 913 1619 Li
937 1575 986 1618 fu
1008 1581 1321 1632 rapresentato
1343 1574 1389 1617 d’
1413 1574 1555 1617 andar
1577 1575 1634 1617 ad
1661 1573 1878 1618 informat
1899 1574 1994 1619 Sua

360 1651 555 1706 Santita,
581 1659 626 1698 et
647 1660 945 1709 quantunque
966 1667 1061 1697 non
1078 1651 1109 1695 11
1126 1667 1258 1710 parse
1274 1653 1416 1696 douer
1433 1653 1499 1695 far
1518 1659 1696 1708 questo,
1717 1667 1854 1697 senza
1871 1665 1994 1697 esser

359 1729 593 1783 ricercato,
618 1731 715 1775 fece
738 1745 851 1787 pure
872 1731 996 1775 buon
1024 1729 1173 1774 officio
1200 1730 1244 1774 13
1271 1729 1461 1774 mattina
1488 1736 1712 1787 seguente
1742 1731 1814 1774 col
1844 1730 1987 1774 Illmo.

359 1807 558 1852 cardinal
579 1807 906 1852 Alessandrino
931 1810 963 1862 ⁵,
995 1809 1037 1852 al
1064 1809 1198 1865 quale
1225 1807 1269 1852 io
1296 1807 1476 1852 mandai
1505 1809 1650 1853 anche
1681 1807 1712 1851 il
1743 1807 1991 1853 medesimo

357 1884 522 1942 giorno
545 1899 625 1942 per
646 1884 881 1931 intendere
902 1901 951 1931 se
973 1886 1014 1930 ci
1037 1901 1113 1931 era
1135 1886 1269 1930 alcun
1290 1900 1435 1944 segno
1457 1886 1575 1930 della
1603 1886 1791 1930 uolunta
1819 1885 1865 1929 di
1895 1886 1989 1931 Sua
2047 1890 2052 1892 '

356 1961 549 2015 Santita‚
570 1969 615 2007 et
632 1962 869 2008 occasione
886 1964 931 2007 di
948 1963 1120 2009 andarli
1142 1979 1168 2008 a
1189 1964 1379 2022 parlare‚
1404 1971 1451 2008 et
1472 1963 1514 2007 ci
1532 1964 1630 2008 fece
1650 1963 1887 2009 intendere
1903 1965 1989 2009 che

427 2119 448 2141 a
485 2111 508 2147 6
525 2113 645 2148 verba
664 2122 773 2160 seqq.
794 2112 834 2148 in
853 2124 975 2160 marg.
996 2113 1134 2151 eadem
1152 2125 1269 2151 manu
1286 2112 1418 2151 addita
1434 2119 1538 2151 sunt.

429 2247 438 2267 ¹
489 2244 547 2281 Ex
566 2244 792 2292 archetypo,
814 2246 979 2292 Borgiae
998 2259 1114 2284 manu
1134 2247 1370 2297 subscripto,
1390 2247 1430 2284 in
1457 2247 1552 2284 Cod.
1574 2258 1638 2294 34,
1656 2247 1803 2296 duplici
1820 2247 1904 2295 fol„
1926 2255 1993 2294 179

355 2304 447 2351 (58).
462 2304 551 2341 Duo
569 2309 705 2340 extant
719 2306 898 2352 exempla
916 2306 1134 2354 originalia,
1149 2313 1305 2356 praeter
1322 2309 1561 2356 exemplum,
1576 2307 1679 2356 quod
1697 2313 1758 2344 est
1775 2308 1815 2345 in
1834 2306 1932 2346 Cod.
1948 2317 1993 2355 33

350 2363 410 2411 f),
431 2375 488 2402 sc.
513 2363 554 2399 in
579 2364 753 2411 Regesto
779 2364 1029 2411 epistolarum
1053 2367 1303 2404 Germaniae.
1329 2368 1462 2415 Magni
1485 2367 1672 2404 momenti
1701 2368 1798 2404 haec
1826 2367 1992 2415 epistola

355 2435 424 2471 pro
440 2423 602 2459 historia
615 2420 823 2470 a'ugustani
841 2436 1018 2462 recessus
1037 2427 1217 2464 habenda
1235 2432 1310 2474 est,
1330 2433 1371 2464 et
1393 2439 1463 2475 pro
1480 2427 1647 2475 Borgiae
1665 2433 1705 2464 et
1722 2427 1880 2464 Polanci
1897 2427 1990 2464 acti-

354 2484 427 2519 bus
444 2482 683 2525 illustrandis
701 2488 742 2519 et
759 2485 1015 2532 complendis,
1031 2492 1166 2535 utpote
1179 2500 1279 2536 quae
1293 2487 1407 2524 nobis
1421 2488 1560 2536 aperit,
1574 2498 1651 2524 11011
1665 2488 1790 2524 solum
1808 2487 1987 2524 Natalem

353 2553 441 2578 cum
459 2541 618 2578 Canisio
635 2547 676 2578 et
693 2542 899 2590 Ledesma,
917 2545 1020 2592 quod
1038 2546 1253 2584 Sacchinus
1270 2553 1378 2584 recte
1395 2547 1526 2594 attigit
1549 2547 1589 2583 in
1612 2548 1800 2584 Historia
1819 2547 1990 2584 Societa-

353 2603 405 2638 tis
412 2602 527 2649 Jesu,
547 2608 656 2650 parte
673 2602 746 2648 ΙΙΙ,
765 2602 832 2639 lib.
853 2604 905 2650 ΙΙ,
925 2617 989 2641 1111.
1011 2614 1055 2651 25
1076 2612 1116 2642 et
1133 2607 1193 2653 26;
1213 2607 1284 2643 sed
1300 2607 1418 2643 etiam
1436 2607 1618 2654 Borgiam
1635 2612 1675 2643 et
1691 2607 1902 2643 Polancum
1919 2619 1988 2655 pro

353 2661 456 2698 virili
474 2662 514 2698 in
530 2663 604 2699 hoc
620 2662 855 2710 gravissimo
880 2666 1039 2711 negotio
1063 2666 1282 2714 insudasse,
1302 2673 1342 2704 et
1364 2666 1500 2715 quanti
1522 2666 1802 2704 aestimabatur
1818 2679 1840 2703 a
1857 2667 1989 2704 Ponti-

352 2721 425 2758 fice
444 2727 484 2758 et
500 2734 523 2758 a
539 2722 817 2769 cardinalibus,
843 2723 946 2760 illius
970 2726 1218 2770 consiliariis,
1237 2726 1404 2773 Borgiae
1423 2732 1463 2763 et
1481 2727 1641 2764 Polanci
1658 2727 1869 2775 sententia,
1886 2728 1991 2776 quod

353 2792 510 2828 prorsus
529 2781 650 2818 tacuit
670 2781 899 2820 Saechinus.

424 2842 439 2864 ²
489 2841 661 2887 Joannes
680 2840 859 2877 Andreas
885 2842 1069 2890 Caligari,
1090 2845 1412 2893 brasighelensis,
1430 2846 1497 2894 qui
1520 2851 1655 2893 postea
1678 2845 1753 2884 fuit
1775 2847 1935 2884 nuntius
1952 2847 1992 2884 in

355 2899 530 2947 Polonia,
557 2905 596 2936 et
624 2900 831 2948 episcopus
862 2902 1085 2941 Bertinorii.
1112 2905 1213 2942 Vide
1237 2907 1448 2953 UGHELLI,
1474 2906 1600 2942 Italia
1616 2919 1748 2950 sacra,
1772 2908 1927 2954 11,616;
1953 2913 1994 2945 et

355 2958 539 3006 MORONI,
558 2960 630 2996 loc.
651 2960 736 3007 cit.,
754 2960 815 3003 61,
835 2970 921 3007 215.
947 2962 1047 3000 Vide
1066 2966 1184 3002 etiam
1203 2965 1318 3012 infra,
1337 2965 1504 3015 append.
1524 2967 1579 3002 IX
1598 2973 1639 3003 et
1655 2968 1801 3004 XVIII.

426 3020 440 3040 ⁸
489 3017 597 3055 Haec
615 3019 760 3067 scripta
777 3020 900 3056 habes
915 3034 1043 3070 supra,
1063 3026 1155 3061 sub.
1178 3037 1219 3062 11.
1235 3025 1323 3072 384.

426 3080 441 3100 ⁴
491 3079 685 3115 Antonius
703 3079 892 3116 Perrenot
909 3081 957 3116 de
976 3083 1208 3121 Granvelle.

425 3139 440 3160 ὅ
489 3137 654 3175 Μ16113ἐ1
671 3138 871 3187 Βο11611113,
890 3152 1082 3190 pronepos
1102 3144 1160 3180 Pii
1180 3146 1233 3182 V.
