2228 3548
896 296 940 334 14
965 287 1159 324 Auousn
1189 287 1280 332 1567
1797 294 1865 331 521

257 391 367 450 gnia
384 390 432 435 di
449 390 612 444 Giesu,
632 399 722 434 etc.
743 391 902 434 Roma.
924 389 1035 433 Alia
1051 384 1212 432 manu:
1227 388 1274 432 b.
1296 388 1326 447 γ’·
1343 402 1382 432 e.
1402 372 1461 432 ml
1483 404 1528 446 p.
1549 389 1605 433 C.
1633 387 1761 444 1567.
1776 387 1921 444 Lieg-

258 483 333 527 ge.
359 470 413 513 Ρ.
439 468 619 513 Natale.
653 480 705 522 14
726 468 772 511 d'
799 469 992 525 Agosto.
1027 467 1283 524 Vestigium
1307 467 1473 524 sigilli.

1041 596 1165 638 495

703 683 758 726 Ρ.
795 681 1214 726 HIERONYMUS
1246 681 1468 725 NADAL

602 757 847 796 SANCTO
889 756 1242 795 FRANCISCO
1275 757 1352 793 DE
1385 756 1580 804 BORJA

787 831 952 867 monn,
977 831 1021 869 14
1037 830 1227 860 Aucusn
1246 823 1337 868 1567
1358 823 1382 858 ¹.
1623 821 1628 824 ’

255 898 290 925 Ι.
310 890 372 925 De
385 889 673 935 promovendis
690 889 745 924 ad
761 899 895 925 sacros
913 888 1076 924 ordines
1092 887 1138 923 in
1156 887 1367 924 Societate:
1385 899 1467 924 non
1480 890 1594 934 posse
1611 887 1705 923 illos
1722 886 1916 923 ordinari

301 948 421 984 titulo
434 948 694 994 patrimonii.
708 957 782 983 —2.
805 947 897 993 Quo
910 949 1030 994 pacto
1047 947 1199 983 summi
1212 946 1419 994 pontificis
1437 947 1642 982 voluntati
1666 957 1819 982 morem
1842 957 1914 994 ge·

300 1019 391 1044 rere
409 1009 591 1053 oporteat
609 1006 654 1043 in
667 1007 742 1043 hac
760 1018 817 1043 re.

351 1098 388 1130 1.
448 1087 581 1143 JhuS.
609 1085 753 1130 Molto
775 1084 891 1128 Rdo.
920 1085 974 1127 P.
1000 1084 1059 1127 N.
1086 1083 1134 1126 in
1164 1082 1365 1127 Christo.
1395 1085 1492 1126 Pax
1521 1082 1709 1135 Christi,
1745 1089 1834 1126 etc.
1862 1083 1914 1125 In

257 1163 410 1219 quello
433 1164 519 1205 che
541 1163 584 1206 13
607 1164 660 1206 P.
701 1163 760 1206 V.
786 1160 935 1205 scriue
957 1174 1038 1217 per
1057 1161 1102 1204 13
1130 1174 1215 1204 sua
1235 1160 1342 1204 delli
1375 1171 1400 1214 7
1425 1159 1470 1203 di
1503 1159 1695 1216 Giugno
1724 1173 1859 1215 sopra
1879 1159 1910 1201 l’

259 1240 483 1285 ordinarsi
506 1239 571 1297 gli
592 1238 752 1293 nostri,
781 1252 895 1282 sono
918 1238 993 1282 doi
1017 1237 1165 1295 punti.
1191 1238 1247 1282 L'
1278 1251 1388 1291 uno,
1419 1238 1506 1280 che
1531 1237 1675 1280 forma
1703 1244 1751 1279 et
1773 1237 1913 1279 modo

258 1319 297 1361 s'
330 1319 389 1360 ha
419 1317 478 1360 da
504 1324 660 1361 tenere
687 1316 792 1360 nell'
822 1315 1074 1360 obedienza
1098 1315 1173 1360 del
1202 1329 1319 1371 papa
1348 1329 1483 1371 sopra
1513 1321 1676 1369 questo
1705 1327 1827 1357 caso.
1856 1314 1910 1356 L’

257 1394 389 1449 altro,
414 1408 465 1439 se
487 1394 524 1438 si
546 1400 770 1450 puotrano
797 1393 1009 1436 ordinare
1037 1392 1068 1435 li
1091 1391 1255 1446 nostri,
1286 1406 1313 1435 a
1335 1391 1467 1435 titolo
1493 1390 1539 1434 di
1568 1390 1858 1447 patrimonio,
1884 1405 1913 1433 o

255 1471 302 1515 di
322 1470 555 1516 benefitio.
581 1470 693 1514 Diro
715 1470 859 1527 prima
877 1471 919 1514 al
941 1469 1160 1515 secondo.
1181 1470 1287 1513 Non
1304 1483 1429 1526 pare,
1455 1469 1619 1522 Padre,
1640 1469 1727 1512 che
1745 1475 1912 1523 questo

251 1548 290 1592 si
312 1547 472 1600 faccia,
499 1547 661 1604 prima,
693 1547 964 1603 simpliciter
992 1560 1071 1603 per
1092 1545 1135 1590 le
1158 1545 1372 1603 raggioni
1395 1546 1515 1590 della
1538 1552 1667 1602 parte
1692 1543 1912 1601 negatiua
1959 1566 1963 1571 ⁷

253 1626 340 1670 che
361 1625 406 1668 la
428 1626 481 1668 P.
505 1626 562 1668 V.
590 1623 755 1687 scriue.
779 1626 835 1667 Et
852 1624 968 1669 oltre
985 1638 1011 1667 a
1029 1623 1195 1679 quelle,
1215 1623 1412 1668 essendo
1434 1624 1507 1666 ch’
1528 1622 1575 1665 in
1593 1629 1758 1678 questo
1775 1622 1912 1665 modo

255 1716 350 1745 non
373 1700 411 1744 si
433 1702 636 1758 prouede
664 1716 691 1744 a
719 1702 805 1746 che
835 1700 1062 1757 possiamo
1091 1700 1186 1744 fare
1209 1699 1463 1743 coadiutori
1493 1698 1673 1743 formati
1702 1698 1903 1755 semplici

255 1778 494 1835 spirituali:
521 1778 687 1835 perche
710 1778 920 1822 ordinato
949 1791 1039 1820 vno
1067 1792 1094 1821 a
1130 1776 1260 1820 titolo
1291 1776 1337 1819 di
1374 1776 1666 1833 patrimonio,
1708 1776 1910 1831 acquirit

255 1856 330 1899 ius
352 1857 403 1898 in
425 1856 552 1908 illud,
591 1857 666 1898 cui
703 1870 814 1913 non!
826 1858 971 1912 potest
993 1854 1267 1897 renuntiare
1303 1854 1471 1911 absque
1499 1854 1696 1912 fraude,
1719 1866 1835 1909 quae
1847 1853 1910 1909 fit

254 1933 477 1984 ecclesiae;
499 1931 544 1975 di
582 1933 718 1976 modo
755 1933 855 1984 che,
897 1937 1059 1987 questo
1098 1930 1308 1975 ordinato
1345 1946 1437 1975 non
1467 1930 1504 1974 si
1535 1930 1791 1988 puotrebbe
1814 1930 1910 1974 fare

252 2009 518 2053 coadiutore
554 2009 789 2066 spirituale
827 2010 1038 2062 format0;
1063 2008 1231 2064 perche
1271 2007 1502 2053 facendosi
1528 2008 1633 2060 tale,
1659 2007 1828 2050 excidit
1860 2021 1909 2049 eo

252 2086 355 2129 iure
374 2086 626 2130 secundum
644 2087 906 2129 institutum
930 2088 1157 2137 nostrum
1178 2085 1346 2142 perche
1366 2084 1398 2128 il
1427 2092 1538 2128 voto
1566 2084 1684 2128 della
1715 2085 1907 2140 pouerta

251 2164 295 2206 fa
317 2163 468 2219 quello
490 2164 648 2207 effetto
670 2161 779 2205 nelli
801 2160 1058 2205 coadiutori
1082 2160 1277 2215 formati,
1309 2176 1402 2205 non
1424 2162 1523 2205 solo
1554 2160 1660 2204 nelli
1689 2159 1902 2216 professi.

250 2240 307 2282 Et
328 2240 423 2283 cosi
444 2239 482 2283 si
505 2239 645 2296 perde
667 2254 758 2282 vna
779 2245 907 2295 parte
930 2237 1178 2295 principale
1199 2238 1318 2283 della
1341 2237 1645 2295 Compagnia,
1672 2252 1764 2280 non
1789 2251 1906 2293 puo-

250 2315 428 2359 tendosi
450 2316 546 2359 fare
568 2314 822 2359 coadiutori
844 2314 1024 2358 formati
1041 2315 1260 2372 semplici.
1289 2315 1358 2359 2.⁰
1376 2315 1426 2361 Si
1449 2316 1552 2359 leua
1574 2316 1660 2359 che
1677 2314 1742 2371 gli
1760 2313 1905 2357 nostri

249 2406 342 2436 non
359 2399 582 2449 puotrano
604 2392 701 2437 fare
722 2391 872 2447 quella
895 2405 1127 2448 promessa
1148 2390 1195 2434 di
1215 2391 1404 2436 lasciare
1427 2391 1491 2449 gli
1515 2391 1616 2435 suoi
1638 2391 1745 2434 beni
1775 2405 1802 2433 o
1820 2391 1905 2435 be-

323 2504 333 2524 ¹
386 2505 445 2540 Ex
475 2505 707 2551 aichetypo,
734 2515 755 2539 a
786 2503 968 2550 Jimenez
997 2508 1172 2550 exarato,
1192 2508 1234 2539 et
1263 2503 1416 2540 Natalis
1447 2516 1564 2540 manu
1590 2502 1830 2549 subscripto,
1863 2502 1904 2538 in

252 2563 383 2610 Epist.
405 2563 563 2608 Natal.,
582 2564 634 2606 11,
654 2562 802 2610 duplici
820 2563 905 2609 fol.,
928 2571 991 2609 191
1018 2561 1120 2608 (163,
1149 2562 1244 2608 164).
1271 2563 1317 2600 In
1340 2563 1481 2599 eodem
1506 2563 1643 2599 codice
1667 2563 1742 2598 sub
1766 2574 1804 2597 n.
1837 2569 1905 2606 194

250 2622 327 2667 (66,
345 2623 408 2668 67)
426 2623 594 2659 habetur
611 2624 778 2659 alterum
803 2623 1044 2669 exemplum,
1070 2623 1134 2658 vel
1152 2622 1284 2669 potius
1307 2622 1532 2659 adversaria
1555 2621 1671 2668 hujus
1696 2620 1904 2667 epistolae,

249 2692 367 2728 quam
385 2681 558 2728 incoepit
575 2681 750 2717 scribere
769 2682 950 2728 Jimenez
967 2685 1009 2716 et
1026 2680 1198 2716 absolvit
1215 2680 1302 2728 ipse
1318 2681 1470 2717 Natalis
1487 2679 1643 2728 propria
1661 2690 1791 2715 manu.
1808 2679 1904 2714 Pars

247 2751 270 2775 a
287 2739 467 2786 Jimenez
485 2746 645 2776 exarata
662 2740 808 2777 desinit
827 2740 867 2776 in
885 2740 962 2776 illis
983 2738 1129 2775 verbis:
1149 2740 1209 2784 4.⁰
1229 2739 1405 2776 Essendo
1422 2743 1603 2787 questo...
1624 2749 1806 2774 saranno
1825 2738 1904 2773 atti

240 2801 316 2843 per
327 2799 506 2846 professi
535 2800 583 2836 de
601 2802 663 2836 tre
687 2811 709 2835 ο
732 2800 780 2835 de
806 2802 952 2846 quatro
970 2798 1067 2835 voti.
1095 2798 1218 2834 Multa
1236 2798 1293 2835 ibi
1315 2798 1542 2835 emendavit
1567 2796 1722 2833 Natalis
1747 2796 1904 2844 propria

243 2868 375 2902 manu;
394 2858 525 2905 aliqua
541 2859 662 2895 etiam
680 2858 722 2895 in
739 2858 912 2894 secunda
930 2863 1040 2905 parte
1058 2869 1081 2893 a
1103 2856 1236 2904 seipso
1253 2863 1426 2894 exarata.
1446 2858 1506 2893 Ex
1528 2858 1602 2893 hoc
1632 2857 1816 2903 exemplo
1843 2855 1902 2892 ita

242 2916 435 2962 castigato
458 2917 705 2965 transcripsit
723 2917 904 2964 Jimenez
922 2916 1031 2961 illud,
1052 2915 1157 2964 quod
1175 2927 1247 2953 nos
1266 2916 1437 2964 edimus,
1455 2916 1495 2952 in
1519 2926 1596 2963 quo
1621 2915 1751 2963 aliqua
1772 2914 1903 2951 denuo

243 2976 412 3013 mutavit
429 2975 581 3014 Natalis
598 2988 669 3024 per
685 2975 899 3020 librarium,
922 2982 962 3012 et
979 2981 1072 3012 sunt
1095 2986 1157 3022 ea,
1181 2987 1296 3023 quae,
1317 2976 1358 3012 in
1383 2975 1560 3022 margine
1586 2975 1650 3010 vel
1675 2985 1791 3021 supra
1815 2985 1903 3009 ver·

244 3045 332 3070 sum
361 3033 509 3081 posita,
534 3047 556 3071 a
579 3035 694 3072 nobis
720 3035 876 3083 proprio
904 3036 990 3071 loco
1014 3039 1213 3071 notantur.
1244 3034 1347 3071 Vide
1372 3035 1490 3082 epist.
1517 3034 1602 3079 485,
1628 3033 1692 3069 eui
1716 3034 1814 3070 haec
1839 3043 1903 3068 re-

246 3093 428 3140 spondet.
