2228 3548
82 0 352 36 ,ἧζῂξῖηγῑέ-ιὴᾞήῖ,
373 0 482 26 :usas-qast
496 0 552 18 '³³²5
575 0 579 2 Ἴ
604 0 611 24 ¹.
675 0 742 11 ,-
795 0 808 11 x>
829 3 834 6 -

919 263 966 291 20
992 255 1161 292 Aemus
1190 254 1283 301 1567
1801 261 1873 303 447

278 373 366 402 con
390 372 453 402 vn
475 356 672 414 collegio
688 357 735 401 di
755 357 916 402 lettere
938 359 1138 403 humane
1157 357 1295 403 latine
1313 365 1362 404 et
1383 360 1570 416 greche,
1595 358 1640 403 io
1660 359 1704 403 lo
1725 373 1918 417 propose

279 435 469 481 insieme
488 435 579 479 co'l
599 436 653 479 P.
679 434 863 479 Canisio
883 449 974 479 con
996 441 1114 480 tutta
1134 434 1162 478 l'
1184 434 1390 480 instanza
1418 435 1632 494 possibile
1654 437 1698 480 al
1734 437 1917 481 cancel-

279 512 392 557 lario
413 519 459 559 et
479 514 523 557 al
544 526 757 558 vescouo.
779 514 836 556 Et
856 513 952 557 loro
974 514 1217 558 haueuano
1238 514 1282 557 13
1302 514 1679 560 determinatione
1700 514 1917 559 fixissima

278 590 326 634 di
347 591 441 635 fare
456 606 518 634 vn
540 605 654 648 gran
676 589 911 647 principio,
937 590 1026 634 co’l
1046 590 1180 646 quale
1205 590 1390 634 mouino
1417 606 1444 635 a
1474 591 1630 636 venire
1656 591 1688 634 li
1709 591 1916 635 franconi

280 667 466 712 subietti
487 668 530 711 al
550 681 764 721 vescouo,
790 668 906 711 dalle
927 667 1173 712 vniuersita
1194 668 1239 711 d'
1262 667 1450 714 heretici
1471 669 1558 713 alla
1573 683 1656 712 sua
1672 669 1911 713 catholica.

238 758 245 765 ·
280 747 340 788 Et
361 746 485 789 nullo
498 749 629 802 pacto
643 746 877 801 potuimus
906 745 1118 798 obtinere,
1142 744 1336 790 dicendo
1356 745 1491 791 etiam
1514 746 1626 799 loro,
1646 747 1737 790 ‘che
1758 747 1915 790 facen-

278 822 377 866 dosi
399 837 512 880 poca
533 837 639 866 cosa
667 828 701 874 0,
726 822 919 867 essendo
947 821 1060 867 altre
1086 822 1240 866 schole
1276 822 1395 868 nella
1416 822 1661 867 medesima
1690 823 1796 875 cita,
1821 837 1914 867 non

276 900 576 954 verrebbono,
601 901 658 943 ne
681 899 817 956 quelli
839 899 957 944 della
977 898 1082 952 cita,
1101 913 1151 944 se
1173 914 1265 943 non
1285 899 1436 956 pochi.
1462 901 1508 944 Io
1526 915 1669 957 penso
1691 900 1753 943 mi
1775 899 1914 944 mossi

275 978 439 1035 perche
461 992 552 1021 non
574 977 617 1021 ci
638 992 714 1021 era
734 976 936 1030 timedio,
976 978 1035 1021 ne
1070 991 1338 1034 sperauamo
1374 977 1574 1034 puotersi
1597 978 1690 1021 fare
1712 991 1819 1021 cosa
1845 978 1913 1022 al-

275 1057 442 1108 chuna,
463 1069 512 1098 se
528 1069 617 1099 non
636 1054 683 1098 in
699 1060 859 1110 questo
875 1053 1024 1097 modo.
1044 1053 1196 1110 Dipoi,
1215 1053 1544 1099 considerando
1566 1055 1608 1098 al
1624 1054 1909 1111 particolare,
1988 1106 1994 1109 ⁸

277 1147 356 1190 per
377 1131 409 1175 il
430 1131 574 1188 primo
595 1145 730 1186 anno,
754 1145 845 1175 non
867 1131 909 1174 c'
932 1131 958 1175 e
979 1129 1222 1175 differenza
1242 1130 1288 1175 di
1305 1138 1469 1188 questo
1492 1132 1549 1175 ad
1571 1132 1676 1188 quel
1698 1132 1833 1175 modo
1855 1133 1914 1176 de

279 1210 438 1255 lettere
457 1211 655 1253 humane
681 1207 819 1253 latine
839 1214 885 1252 et
907 1209 1092 1266 greche,
1121 1222 1171 1254 se
1192 1222 1283 1252 non
1305 1209 1363 1254 de
1384 1208 1459 1252 doi
1480 1208 1702 1267 suggetti,
1727 1224 1787 1252 vn
1810 1209 1914 1266 phi-

279 1288 468 1344 losopho
484 1294 531 1330 et
550 1301 611 1330 vn
629 1286 856 1343 theologo.
878 1286 935 1329 Et
951 1284 1311 1330 incominciando
1333 1285 1364 1329 il
1385 1286 1532 1343 primo
1554 1301 1689 1339 anno,
1709 1286 1748 1330 si
1772 1287 1914 1332 uede-

280 1365 418 1409 rebbe
445 1364 475 1407 il
503 1377 731 1418 succeSSO,
755 1369 802 1407 et
828 1363 1022 1408 essendo
1048 1362 1242 1406 auditori
1268 1378 1349 1420 per
1375 1363 1417 1408 le
1444 1363 1665 1421 superiori
1693 1364 1842 1417 classi,
1874 1363 1912 1407 si

276 1442 532 1499 puotrebbe
557 1440 812 1498 aggionger
835 1454 913 1497 per
939 1439 983 1484 13
1019 1439 1303 1497 Compagnia
1331 1440 1470 1497 quelli
1506 1440 1607 1485 altri
1635 1440 1710 1485 doi
1737 1441 1908 1494 lettori,

276 1534 336 1562 vn
358 1519 590 1575 theologo,
616 1524 662 1562 et
684 1532 744 1560 vn
774 1516 1057 1574 philosopho,
1082 1516 1113 1559 li
1135 1516 1258 1572 quali
1284 1516 1328 1561 io
1354 1531 1488 1575 spero
1515 1518 1554 1562 si
1581 1518 1821 1575 puotriano
1850 1518 1912 1561 ri-

275 1604 459 1641 trouare
480 1595 525 1639 di
547 1609 652 1651 qua,
678 1602 724 1639 et
745 1595 788 1638 13
809 1608 915 1638 cosa
935 1593 1120 1638 andaria
1140 1594 1258 1638 bene
1278 1609 1366 1639 con
1381 1595 1426 1639 la
1439 1595 1587 1652 gratia
1603 1596 1676 1640 del
1694 1595 1908 1653 Signore.

274 1673 529 1719 Mancando
550 1671 744 1716 scholari
775 1670 975 1728 theologi
997 1678 1043 1716 et
1078 1670 1349 1728 philosophi,
1388 1671 1427 1716 si
1463 1673 1727 1730 guadagnia
1755 1675 1839 1717 che
1871 1673 1910 1717 si

276 1751 418 1794 funda
439 1749 470 1794 il
490 1748 687 1806 collegio
708 1763 796 1792 con
824 1758 935 1804 1500
956 1747 1120 1800 fiorini,
1140 1756 1186 1792 et
1206 1762 1298 1794 non
1319 1750 1511 1794 essendo
1532 1751 1663 1807 colpa
1679 1757 1849 1804 nostra,
1870 1750 1910 1794 si

278 1827 531 1884 puotrebbe
552 1839 845 1883 perseuerare
865 1824 913 1868 in
948 1838 1038 1868 vna
1069 1823 1349 1880 mediocritei,
1387 1825 1521 1870 insin’
1559 1842 1586 1871 a
1609 1834 1735 1871 tanto
1757 1829 1843 1871 che
1863 1826 1907 1871 ci

279 1905 368 1948 fusi
397 1903 649 1960 frequentia
674 1902 721 1946 di
748 1901 959 1956 scholari,
983 1910 1070 1947 etc.
1098 1902 1156 1945 Et
1185 1902 1279 1946 cosi
1307 1902 1368 1948 mi
1394 1918 1502 1961 pare
1524 1905 1610 1949 che
1631 1903 1668 1948 s’
1700 1906 1758 1948 ha
1788 1920 1815 1949 a
1837 1905 1910 1948 in-

277 1981 549 2026 cominciare
569 1981 613 2024 la
634 1979 898 2023 fundatione
924 1981 1070 2035 quest’
1104 1993 1242 2032 anno,
1272 1993 1402 2026 come
1422 1980 1451 2024 l'
1487 1983 1682 2026 hauemo
1709 1981 1906 2026 offerito.

277 2060 335 2102 Et
355 2073 447 2102 non
468 2059 563 2115 par’
588 2058 727 2101 molto
757 2058 846 2101 che
872 2057 930 2100 da
958 2057 1100 2100 Roma
1121 2058 1157 2099 s’
1196 2056 1396 2102 habbino
1423 2073 1450 2102 a
1480 2059 1588 2102 dare
1625 2058 1700 2102 doi
1737 2059 1906 2113 lettori,

276 2137 397 2181 doue
418 2150 496 2193 per
517 2135 549 2179 li
570 2135 672 2179 altri
692 2133 870 2191 collegij
894 2147 1011 2178 sono
1033 2147 1210 2190 sempre
1230 2135 1430 2180 mandati
1453 2135 1585 2179 tanti.
1613 2137 1799 2191 Quanto
1821 2136 1909 2180 alla

277 2212 570 2270 obligatione,
594 2212 699 2256 dico
735 2211 766 2255 il
801 2210 1049 2256 medesimo
1086 2211 1172 2253 che
1207 2211 1268 2254 ho
1297 2212 1423 2257 detto
1445 2228 1524 2269 per
1546 2212 1692 2269 Spira,
1717 2214 1801 2256 che
1823 2226 1850 2255 o
1872 2212 1911 2256 si

277 2289 386 2334 lasci
406 2290 438 2333 il
458 2289 654 2347 collegio
678 2290 940 2333 totalmente
962 2295 1007 2333 et
1029 2302 1121 2331 non
1137 2290 1175 2331 s’
1195 2288 1331 2333 acetti
1345 2289 1389 2334 la
1404 2290 1668 2343 donatione,
1689 2304 1716 2333 o
1739 2289 1776 2332 si
1794 2289 1911 2333 facci

281 2365 414 2423 quell’
435 2366 712 2423 obligatione
733 2380 862 2411 come
883 2372 953 2410 sta
974 2364 1231 2422 significata
1256 2366 1374 2410 nella
1402 2366 1668 2411 fundatione
1697 2373 1742 2410 et
1764 2367 1910 2410 dona-

282 2444 404 2489 tione
424 2444 498 2489 del
518 2457 731 2496 vescouo,
758 2457 785 2487 o
807 2442 845 2486 si
866 2442 980 2487 facci
1003 2442 1263 2487 finalmente
1278 2441 1307 2486 l’
1323 2443 1600 2500 obligatione
1617 2458 1743 2487 come
1768 2442 1912 2499 signi-

280 2522 368 2566 fica
388 2522 432 2565 13
450 2522 502 2565 P.
528 2521 586 2565 V.
611 2519 656 2563 di
676 2519 814 2564 voler’
838 2520 932 2564 fare
952 2519 996 2562 in
1021 2517 1168 2575 Spira,
1193 2532 1320 2563 come
1342 2519 1387 2563 di
1409 2535 1543 2577 sopra
1564 2521 1625 2563 ho
1641 2521 1786 2565 detto.

373 2609 414 2653 5.
479 2599 537 2641 Et
557 2612 638 2654 per
661 2596 816 2641 ultimo
836 2598 898 2640 m’
923 2610 1107 2640 occorre
1128 2602 1304 2651 questo,
1330 2581 1494 2650 Padre,
1514 2599 1600 2642 che
1621 2597 1665 2640 la
1687 2599 1739 2640 P.
1766 2598 1824 2641 V.
1850 2596 1912 2640 mi

281 2676 447 2719 risolua
467 2689 554 2719 con
574 2675 618 2718 13
639 2665 784 2732 gratia
805 2674 879 2717 del
901 2673 1097 2730 Signore
1118 2672 1192 2717 nel
1219 2673 1354 2717 modo
1374 2675 1461 2718 che
1488 2675 1622 2718 vuole
1649 2672 1841 2730 obligar'
1866 2674 1910 2718 13

279 2751 578 2809 Compagnia,
597 2758 643 2796 et
658 2758 828 2808 quanto
845 2750 920 2808 piu
938 2757 1088 2807 presto
1106 2748 1258 2793 mandi
1278 2750 1321 2794 13
1341 2750 1515 2795 minuta
1532 2749 1687 2795 auanti
1703 2749 1747 2792 d’
1766 2752 1906 2795 esser’

278 2828 570 2881 autenticata,
595 2829 637 2872 al
660 2830 710 2872 P.
738 2830 853 2873 Mro.
879 2826 1079 2879 Canisio,
1104 2833 1148 2870 et
1169 2826 1211 2870 al
1235 2827 1288 2870 P.
1314 2828 1428 2872 Mro.
1455 2826 1676 2879 Antonio,
1703 2833 1749 2870 et
1771 2826 1911 2871 etiam

281 2921 308 2949 a
329 2920 418 2958 me,
450 2911 496 2949 et
521 2905 617 2948 loro
652 2919 958 2962 procurarano
994 2916 1168 2960 sapere,
1192 2917 1242 2947 se
1277 2911 1492 2948 contenta
1522 2905 1565 2947 al
1592 2917 1794 2948 vescouo
1817 2910 1861 2948 et
1884 2919 1912 2948 a

360 3079 378 3101 c
419 3071 604 3120 Sequitur
621 3072 686 3108 che
704 3071 971 3108 obliteratum.
