2228 3548
56 0 405 35 ’ξἺῑῦτνῆβζζῖ-ἧῗέ
432 0 686 36 ’ἵζ’-9,*’ἰῇ-(πιθα)
709 0 723 25 ,³¹
749 0 843 44 '-·-*.v·¹
871 0 1068 33 απτ-,ξιιμ
1084 0 1099 26 5¹
1129 4 1131 6 -
1161 0 1206 11 -νψ,
1278 0 1315 13 νη
1354 0 1364 9 ³

983 260 1205 298 APPENDnr
1793 265 1866 311 807

274 374 394 414 mus,
417 359 565 404 dicam
588 375 677 418 ego
699 375 901 419 quoque:
926 364 1128 408 Mundus
1143 378 1244 408 sum
1262 379 1289 408 a
1309 365 1535 423 sanguine
1556 365 1912 424 elbingensium.

274 420 381 464 Non
403 419 523 464 enim
539 421 800 479 subterfugi
821 423 852 475 ¹,
870 422 981 478 quin
998 423 1150 467 omnia
1166 425 1364 469 facerem
1381 426 1439 469 ad
1455 425 1556 469 illos
1571 426 1755 470 Christo
1771 423 1912 482 lucri-

276 478 524 533 faciendos,
550 495 667 536 quae
688 480 833 537 potui:
852 481 911 525 sit
932 483 1122 540 sanguis
1141 483 1319 527 illorum
1342 498 1479 541 super
1499 500 1578 530 eos
1601 486 1634 538 ²,
1653 485 1732 541 qui
1748 482 1803 531 P.
1822 487 1913 545 Pe-

275 545 396 582 trum
418 538 524 583 hinc
547 548 817 586 auocarunt.
841 542 966 598 Opto
987 543 1149 588 Rdam.
1174 543 1228 588 P.
1253 544 1313 588 V.
1331 545 1632 598 benevalere,
1658 545 1792 589 cuius
1807 543 1914 602 pre-

275 597 406 642 cibus
435 605 482 642 et
512 600 749 656 sacrificijs
775 615 850 645 me
877 601 1120 658 diligenter
1149 604 1435 648 commendO.
1467 605 1639 647 Datum
1671 619 1728 648 ex
1760 612 1914 649 castro

273 671 376 702 meo
406 658 699 717 Heilsbergk,
726 670 750 715 5
767 660 988 718 Januarij,
1013 663 1074 706 A.
1098 663 1159 706 D.
1190 663 1317 717 1568.
1341 663 1500 707 Frater
1520 663 1569 705 in
1590 663 1791 718 Christo,

765 721 1085 774 STANISLAUS,
1110 735 1398 766 CARDINALIS
1420 736 1729 768 VARMIENSIS.

359 778 605 834 Inscriptio
627 778 675 821 in
705 782 870 834 quarta
891 781 1106 837 pagina:
1128 782 1244 826 Rdo.
1269 780 1316 823 in
1338 781 1524 825 Christo
1552 781 1700 835 Patri,
1724 781 1911 825 domino

268 837 305 879 F
307 836 512 880 rancisco
541 837 732 894 Borgia,
758 839 808 883 S.
833 838 1073 884 Societatis
1095 841 1242 897 Jhesu
1273 839 1532 897 praeposito
1559 841 1786 898 generali,
1811 847 1902 887 etc.

267 895 395 939 fratri
431 896 478 939 in
516 896 699 941 Christo
735 897 975 942 charisimo
1007 905 1054 944 et
1083 900 1368 945 honorando.
1399 901 1560 945 Roma.
1593 902 1704 943 Alia
1739 915 1902 946 manu.

264 955 294 1012 †
311 970 373 1000 m.
392 970 439 1011 p.
459 971 501 1000 e.
517 957 577 999 Et
593 957 702 999 alia:
720 958 848 1012 1568.
862 958 917 1002 C.
938 958 1204 1015 Heilberga.
1224 959 1352 1004 ΙΙΙ.ιὶῑιο
1367 960 1599 1004 cardinale
1615 960 1902 1005 warmiense.

266 1025 289 1069 5
314 1015 360 1058 di
381 1016 615 1061 Gennaro.
640 1016 800 1073 Sigilli
820 1018 1086 1074 vestigium.

1004 1131 1153 1174 LXIV

833 1219 863 1254 F
876 1219 909 1254 E
923 1219 957 1254 R
970 1219 1006 1254 D
1022 1219 1040 1254 Ι
1054 1219 1091 1254 N
1105 1219 1141 1255 A
1156 1219 1192 1254 N
1206 1220 1241 1255 D
1256 1220 1293 1256 U
1308 1218 1336 1255 S

879 1289 1082 1326 Archidux
1101 1290 1285 1326 Austriae

582 1375 793 1415 JOANNI
833 1376 1148 1408 FRANC1sco
1195 1376 1584 1408 COMMENDONO

689 1449 964 1507 Oeniponte,
993 1463 1017 1506 3
1040 1450 1278 1496 Februarii
1306 1451 1416 1506 1568
1439 1452 1473 1496 ³.

258 1531 509 1567 Facultatem
541 1532 616 1568 sibi
640 1533 863 1580 procurari
885 1533 1007 1579 petit,
1041 1535 1085 1568 ut
1113 1533 1245 1580 aliqui
1275 1533 1484 1570 Societatis
1513 1535 1734 1570 sacerdotes
1762 1533 1898 1570 Halae

295 1593 422 1638 prope
439 1603 588 1627 novum
605 1592 897 1628 monasterium
913 1593 1094 1629 habitare
1111 1596 1149 1629 et
1171 1605 1290 1629 sacra
1307 1594 1537 1630 ministeria
1556 1594 1662 1630 obire
1686 1597 1846 1640 queant.

433 1669 574 1712 Porro
610 1669 657 1712 in
683 1669 810 1714 hisce
837 1669 1010 1713 sanctis
1037 1670 1197 1727 officijs
1225 1671 1451 1715 hactenus
1477 1671 1588 1728 ipsis
1617 1671 1894 1715 charissimis

256 1727 488 1772 sororibus
511 1729 679 1772 nostris
699 1744 780 1785 per
807 1730 1067 1774 sacerdotes
1097 1744 1153 1773 ex
1175 1730 1369 1787 collegio
1391 1731 1562 1774 ordinis
1584 1732 1642 1775 de
1664 1731 1894 1775 Societate

252 1788 379 1845 Jesu,
405 1787 479 1831 hic
501 1787 740 1843 existente,
765 1788 828 1831 ita
849 1788 1068 1832 seruitum
1101 1796 1147 1834 et
1178 1789 1459 1834 satisfactum
1490 1798 1581 1842 est,
1613 1797 1661 1832 vt
1690 1789 1891 1846 ipsorum

256 1845 378 1892 vitae
399 1847 677 1904 integritate,
701 1855 747 1891 et
767 1847 815 1890 in
835 1847 978 1891 sacris
999 1848 1160 1892 litteris
1181 1849 1388 1894 doctrina
1403 1849 1623 1906 singulari
1646 1851 1785 1906 probe
1801 1849 1890 1892 iam

256 1914 509 1961 perspecta,
534 1909 827 1952 vehementer
847 1907 1105 1952 desiderent
1133 1908 1268 1953 etiarn
1297 1909 1443 1952 Halae
1465 1923 1606 1965 prope
1633 1910 1781 1951 locum
1805 1909 1892 1951 ha-

256 1964 486 2009 bitationis
517 1981 628 2010 suae
655 1966 828 2021 aliquot
854 1967 1031 2010 illorum
1060 1966 1127 2010 uti
1154 1968 1404 2013 sacellanos
1431 1976 1476 2012 et
1509 1967 1890 2011 confessionarios

255 2023 350 2082 [sic]
372 2039 479 2068 suos
501 2032 761 2081 praesentes
782 2027 966 2071 habere.
991 2027 1083 2071 Sed
1105 2040 1210 2070 cum
1237 2026 1326 2071 illis
1352 2028 1409 2071 de
1440 2027 1666 2073 Societate
1682 2029 1792 2085 Jesu
1815 2026 1886 2069 in—

255 2090 436 2139 tegrum
459 2099 550 2127 non
572 2084 630 2128 sit
652 2084 698 2127 id
714 2085 812 2128 sine
829 2085 1033 2131 Reuer.‘¹¹
1053 2086 1202 2130 Patris
1218 2086 1450 2130 Francisci
1468 2086 1650 2143 Borgia,
1672 2094 1886 2141 tanquam

252 2141 451 2198 ipsorum
479 2143 726 2200 praepositi
747 2144 990 2200 generalis,
1021 2159 1249 2190 consensu
1275 2153 1322 2190 et
1352 2146 1691 2202 dispensatione
1720 2146 1885 2198 facere,

250 2203 346 2245 Nos
367 2201 536 2258 optima
556 2203 828 2247 Dilectionis
849 2211 1027 2248 vestrae
1047 2204 1178 2249 nobis
1199 2205 1487 2262 gratificandi
1516 2206 1752 2248 voluntate
1774 2218 1885 2247 con—

250 2261 337 2314 fisi,
362 2262 420 2305 ad
441 2262 632 2306 eandem
653 2263 739 2306 hac
761 2263 819 2306 de
840 2277 890 2307 re
910 2263 1202 2308 scribendum
1223 2265 1462 2310 duximus..

1009 2389 1137 2434 LXV

716 2475 761 2512 s,
794 2476 1124 2514 FRANCISCUS
1150 2478 1221 2514 DE
1245 2477 1416 2526 BORJA

646 2568 847 2598 PATRI
890 2568 1190 2600 NICOLAo
1231 2570 1486 2601 LANOIO

734 2645 921 2697 Rornae,
948 2654 972 2699 5
995 2644 1230 2689 Februarii
1257 2647 1367 2701 1568
1385 2646 1419 2691 ⁴.

342 2732 395 2770 Ut
410 2733 580 2781 reginae
596 2732 868 2781 Magdalenae
884 2734 1055 2770 suadere
1071 2734 1246 2780 nitatur,
1264 2746 1313 2770 ne
1330 2736 1438 2771 dona
1461 2733 1627 2780 collegio
1644 2732 1794 2766 mittat.

406 2797 554 2842 Dicali
580 2799 727 2843 anche
754 2800 814 2844 V.
843 2799 901 2844 R.
933 2799 1046 2856 (alla
1073 2799 1360 2844 serenissima
1386 2802 1447 2844 D.
1473 2797 1766 2854 Magdalena)
1794 2798 1881 2841 che

310 2930 321 2950 ¹
373 2930 478 2966 Aer.
499 2937 674 2976 APOST.,
691 2930 781 2976 XX,
798 2930 860 2974 26,
879 2937 942 2975 27.
1265 2933 1280 2953 ²
1331 2931 1519 2975 MATTH.,
1538 2928 1698 2973 XXVII,
1719 2937 1778 2973 25.

309 2990 326 3011 ³
373 2989 433 3025 Ex
450 2989 676 3036 archetypo,
699 2988 739 3024 in
756 2988 843 3024 cod.
864 2988 992 3024 Vatic.
1008 2988 1214 3035 Epistolae
1222 2989 1477 3037 principum,
1491 2987 1555 3034 26,
1570 2986 1637 3023 fol.
1654 2994 1702 3031 7ο
1713 2990 1754 3021 et
1766 2997 1880 3032 seqq.

309 3050 327 3071 ⁴
374 3049 434 3084 Ex
451 3048 641 3095 Regesto,
663 3046 759 3084 Cod.
780 3058 824 3094 33
839 3047 904 3095 g),
925 3048 967 3084 ff.
988 3055 1055 3093 107
1073 3059 1112 3096 v,
1136 3048 1221 3085 108.
1244 3048 1346 3084 Vide
1365 3058 1459 3095 pag.
1486 3055 1568 3082 120.
