2228 3548
426 271 495 316 768
999 269 1137 305 EPIST.
1166 270 1211 304 P.
1239 269 1391 305 NADAL

375 375 465 416 hoc
487 372 631 415 solum
655 369 886 425 respondit
908 368 1139 425 episcopo:
1166 369 1451 437 superiorum
1468 369 1750 414 sentenciam
1772 370 1828 415 de
1846 385 1900 417 re
1913 377 2014 417 tota

374 430 707 487 expectandum
730 442 842 472 esse.
868 427 1094 483 Cupiebat
1114 427 1296 472 interim
1319 427 1410 480 ille,
1436 427 1556 472 sicut
1577 435 1623 472 et
1646 435 1803 482 antea,
1828 430 2014 476 concio-

375 497 580 534 natorem
603 487 935 554 quamprimum
958 488 1016 530 ad
1037 501 1086 530 se
1108 486 1241 539 mitti,
1262 486 1340 542 qui
1357 494 1616 532 nostrorum
1634 487 1777 532 ueluti
1794 503 2010 544 praecur-

372 564 452 593 sor
479 555 620 602 esset,
646 546 951 601 maioremque
979 546 1110 590 nobis
1137 546 1331 613 gratiam
1364 547 1485 603 apud
1501 547 1673 593 clerum
1706 555 1751 591 et
1773 549 2005 604 populum,

377 622 541 674 magna
577 622 631 650 ex
665 612 792 661 parte
809 605 1106 658 haereticum,
1148 605 1429 650 conciliaret.
1462 607 1557 650 Imo
1585 605 1872 651 desiderauit
1886 607 2006 654 idem

375 667 617 723 episcopus
638 667 727 718 hoc
751 664 886 709 etiam
908 679 1028 708 anno
1048 664 1207 710 uenire
1228 665 1395 721 primos
1416 666 1598 710 scholae
1615 680 1763 711 nouae
1779 666 2009 722 professo-

374 740 465 778 res,
491 725 656 782 quibus
679 723 881 780 promisit
903 738 997 768 non
1023 725 1158 769 modo
1187 724 1426 778 uiaticum,
1450 725 1531 769 sed
1562 725 1698 770 etiam
1727 725 2008 773 commodam

375 759 730 837 hab'itacionem,
755 783 971 839 quamdiu
992 784 1235 840 collegium
1257 799 1350 828 non
1372 783 1457 828 erit
1478 784 1809 829 exedificatum.
1833 786 2007 831 Verum

377 859 472 888 non
495 843 629 887 uideo
651 857 732 886 cur
754 849 991 899 tantopere
1014 858 1328 900 properemus,
1354 842 1441 887 nisi
1468 844 1605 888 rebus
1632 844 1808 888 firmius
1837 844 2008 891 consti-

375 903 502 956 tutis,
528 903 650 960 quod
671 902 898 959 praesenti
922 902 1104 958 quidem
1127 917 1245 947 anno
1267 902 1366 947 fieri
1393 917 1486 946 non
1514 917 1651 959 posse
1680 904 1814 947 duco,
1842 903 2013 960 Scripsi

372 964 432 1007 de
454 962 527 1006 his
548 963 606 1006 ad
625 965 806 1007 Patrem
822 962 1116 1015 visitatorem,
1141 968 1465 1019 expectaturus
1487 970 1533 1007 et
1553 962 1674 1006 illius
1690 970 1735 1007 et
1754 963 2014 1010 paternita-

375 1022 432 1066 tis
455 1023 649 1067 Vestrae
676 1036 943 1078 responsum
955 1056 1086 1067 .....

466 1081 720 1126 Cardinalis
761 1088 915 1126 noster
948 1083 957 1102 ¹
1002 1081 1047 1124 in
1090 1087 1320 1137 postremo
1362 1080 1591 1136 colloquio
1635 1081 1768 1124 ualde
1810 1081 2009 1138 rogauit,

376 1147 444 1194 ut,
460 1142 514 1184 P.
530 1142 584 1184 T.
598 1141 719 1184 bona
736 1139 884 1194 uenia,
900 1140 1091 1185 redirem
1109 1155 1265 1185 mense
1281 1140 1506 1196 sequenti.
1522 1141 1640 1184 Cum
1657 1140 1778 1184 enim
1795 1140 1843 1183 in
1861 1140 2012 1185 animo

372 1201 540 1244 habeat
561 1199 874 1244 dioecesanam
896 1200 1119 1255 synodum
1148 1199 1361 1256 Dilingae
1389 1200 1636 1253 celebrare,
1662 1201 1716 1244 P.
1743 1199 2007 1255 visitatoris,

377 1267 457 1303 aut
479 1260 639 1305 saltem
662 1274 806 1304 meam
824 1259 1049 1303 desiderat
1073 1274 1273 1315 operam,
1293 1259 1350 1302 ad
1372 1273 1468 1302 rem
1491 1266 1662 1303 tantam
1687 1259 1856 1304 rectius
1877 1259 2012 1303 insti—

375 1319 613 1364 tuendam.
646 1318 744 1362 Erit
767 1318 841 1362 ille
862 1320 992 1362 labor
1016 1318 1150 1362 unius
1174 1319 1368 1362 fortasse
1390 1318 1558 1363 mensis
1565 1352 1689 1365 .....

1122 1432 1270 1475 XVIII

806 1506 1045 1554 JOANNES
1072 1507 1321 1543 ANDREAS
1348 1507 1601 1544 CALIGARI

697 1587 904 1626 JOANNI
947 1586 1262 1617 FRANCISCO
1304 1586 1698 1617 COMMENDONO

857 1652 1041 1702 Romae,
1074 1663 1127 1694 10
1145 1650 1349 1707 Augusti
1372 1651 1483 1705 1566
1500 1650 1532 1693 ².

462 1727 512 1763 P.
533 1727 711 1763 Aloisius
728 1727 775 1762 de
796 1726 987 1762 Mendoza
1004 1727 1211 1762 cardinali
1233 1725 1527 1762 Commendono
1544 1737 1671 1762 comes
1687 1725 1931 1762 conceditur.

546 1793 583 1836 Il
606 1795 658 1836 P.
686 1792 885 1836 Polanco
908 1794 967 1834 m’
993 1794 1052 1835 ha
1074 1793 1201 1836 detto
1229 1807 1308 1848 per
1329 1792 1488 1836 ordine
1510 1792 1583 1834 del
1607 1792 1754 1835 Padre
1780 1791 2009 1847 generale,

374 1854 462 1896 che
484 1854 543 1896 D.
571 1851 705 1908 Luigi
733 1852 792 1893 ha
819 1851 976 1894 ordine
1004 1852 1062 1895 da
1088 1852 1184 1894 loro
1206 1851 1251 1894 di
1270 1852 1364 1895 fare
1379 1850 1650 1906 compagnia
1671 1865 1697 1894 a
1719 1851 1775 1894 V.
1808 1851 1856 1895 S.
1883 1850 2013 1893 Ill.¹¹sla

377 1911 520 1955 infino
542 1911 585 1955 al
606 1925 691 1954 suo
712 1910 898 1964 ritorno,
925 1926 1009 1954 con
1032 1917 1159 1967 patto
1181 1910 1289 1967 pero
1317 1912 1416 1963 che,
1442 1911 1604 1953 stando
1626 1910 1712 1954 ella
1739 1910 1858 1953 doue
1885 1909 2012 1952 siano

378 1972 476 2015 loro
497 1969 694 2027 collegij,
719 1984 847 2014 come
869 1970 913 2012 in
940 1971 1095 2014 Padua
1123 1977 1169 2012 et
1191 1969 1407 2022 Venetia,
1433 1969 1525 2025 egli
1554 1968 1640 2012 stia
1669 1969 1743 2013 nel
1765 1968 2008 2024 colleggio,

377 2045 470 2074 non
492 2029 556 2086 gli
579 2029 778 2086 parendo
800 2029 1101 2074 conueniente
1131 2031 1217 2072 che
1244 2028 1331 2072 stia
1359 2028 1498 2081 fuori,
1519 2043 1600 2084 per
1628 2042 1720 2070 non
1748 2029 1855 2072 dare
1878 2042 2019 2081 Scan--

374 2090 480 2133 dalo
513 2104 539 2133 a
560 2090 624 2146 gl’
649 2088 749 2132 altri
773 2089 955 2141 fratelli,
981 2096 1026 2132 et
1054 2090 1162 2145 pero
1190 2089 1233 2133 la
1259 2102 1392 2132 serua
1424 2101 1623 2143 sempre,
1654 2094 1699 2130 et
1728 2087 1936 2130 andando
1967 2086 2016 2129 in

375 2148 484 2192 villa
506 2163 532 2192 o
555 2149 745 2200 altroue,
771 2162 921 2204 venga
942 2162 1029 2191 con
1046 2147 1126 2201 lei3
1153 2155 1198 2192 et
1220 2148 1427 2190 salutano
1450 2146 1567 2190 assai
1584 2147 1641 2191 V.
1664 2147 1712 2191 S.
1738 2147 1886 2190 Illam.
1907 2180 1916 2188 .
1938 2180 1947 2188 .

1143 2261 1253 2304 XIX

896 2348 940 2383 P.
968 2347 1234 2386 NICOLAUS
1265 2347 1497 2386 LANOIUS

741 2439 956 2470 SANCTO
999 2439 1324 2470 FRANCI-Sco
1366 2439 1436 2470 DE
1479 2438 1656 2478 BORJA

792 2514 1106 2568 Vindobonae,
1137 2528 1189 2558 [ο
1211 2513 1414 2571 Augusti
1439 2514 1550 2568 1566
1568 2514 1600 2556 ⁵.

771 2602 933 2638 Natalis
950 2614 1040 2638 cum
1058 2603 1174 2639 sociis
1192 2602 1472 2638 vindobonam
1491 2601 1613 2637 venit.

466 2681 631 2726 Giunsi
651 2694 742 2736 qua
764 2691 819 2734 27
842 2679 887 2722 di
909 2679 1074 2736 Luglio
1096 2680 1128 2722 il
1145 2682 1198 2724 Ρ.
1218 2678 1367 2723 Natali
1386 2693 1475 2722 con
1493 2677 1523 2720 li
1543 2676 1912 2730 PadriZimenez
1930 2677 2012 2724 *et

453 2820 461 2840 ¹
512 2817 608 2855 Otto
627 2817 844 2853 Truehsess
861 2815 911 2850 de
931 2815 1168 2862 Waldburg.
1618 2838 1621 2841 <

447 2879 460 2898 2
511 2877 570 2911 Ex
589 2876 841 2923 autographo,
863 2873 903 2910 in
921 2874 1006 2910 cod.
1027 2875 1155 2911 Vatic.
1179 2875 1330 2911 Lettere
1347 2873 1608 2922 deprincipi‚
1625 2872 1776 2919 23‚,‚fol.
1803 2881 1888 2910 122.
1912 2872 2014 2908 Vide

372 2946 464 2982 pag.
489 2934 571 2980 1303
593 2941 634 2971 et
654 2935 739 2980 165.

445 2995 459 3015 ³
509 2995 567 3029 Ex
586 2994 840 3041 autographo,
861 2991 902 3028 in
923 2991 1026 3029 Cod.
1047 3003 1099 3036 29
1110 2993 1171 3040 f),
1192 3002 1237 3038 42
1257 2992 1350 3038 (34).

446 3054 462 3075 ⁴
512 3054 682 3098 Jacobus
702 3052 892 3099 Jimenez,
915 3050 1043 3087 socius
1063 3051 1228 3087 Natalis.
