2228 3548
894 295 939 332 19
963 285 1182 324 Oc‘ronms
1211 288 1304 333 1566
1801 289 1870 335 265

273 401 414 430 scouo
435 387 444 408 ¹
464 393 511 430 et
526 387 662 431 etiam
679 388 752 431 dal
771 388 1027 445 Burgrauio
1050 389 1083 442 ²,
1108 391 1181 432 ch’
1201 390 1227 433 e
1249 389 1400 434 vicere
1415 390 1462 434 di
1482 391 1682 436 Boemia:
1703 393 1743 435 c'
1768 391 1913 437 inuito

272 463 303 506 il
326 464 580 521 Brugrauio
602 480 628 508 a
651 480 834 521 pranso,
859 480 949 509 con
970 466 1000 509 l’
1024 466 1336 523 arciuescouo,
1360 475 1407 512 et
1437 469 1668 526 preposito
1702 470 1736 524 ⁵,
1759 476 1806 513 et
1827 471 1911 514 de-

273 555 404 594 cano,
424 548 470 584 et
491 542 626 598 dopoi
648 543 733 587 alla
754 550 968 599 partenza
989 543 1031 588 ci
1052 543 1183 589 diede
1211 546 1349 589 molta
1375 546 1608 599 volataria,
1639 554 1685 590 et
1706 547 1745 590 si
1770 548 1907 591 offer—

270 631 337 671 se,
361 625 449 662 etc.
475 620 525 663 L'
548 619 844 664 arciuescouo
865 619 986 665 disse
1007 635 1155 665 messa
1174 620 1222 664 in
1243 636 1348 666 casa
1369 630 1415 666 et
1436 623 1620 680 mangio
1642 623 1688 666 in
1717 625 1904 669 refetto-

273 695 340 738 rio
366 693 453 739 &on
482 696 573 749 noi,
606 698 828 753 portando
860 697 890 740 il
920 712 1102 754 pranso,
1136 706 1225 742 etc.
1260 706 1306 744 et
1332 700 1467 756 dopoi
1494 700 1542 743 in
1569 715 1672 744 casa
1703 715 1787 745 sua
1813 701 1904 746 due

271 773 408 826 uolte,
428 780 474 818 et
496 773 556 816 mi
578 775 700 818 dette
724 775 930 831 (essendo
946 775 1063 819 assai
1084 778 1270 833 pouero)
1293 784 1388 820 otto
1406 777 1533 821 taleri
1555 793 1580 821 a
1602 779 1646 822 la
1667 785 1898 835 partenza3

269 850 394 893 fumo
416 865 581 894 ancora
601 851 876 896 accarezzati
904 867 930 895 a
951 859 1080 909 paste
1106 854 1180 896 dal
1207 853 1436 910 preposito
1465 863 1510 899 et
1539 856 1728 899 decano.
1763 856 1903 912 Seppi

265 926 313 970 in
335 928 486 984 Praga
508 942 598 972 vna
625 943 749 983 cosa,
780 931 863 973 che
891 919 999 985 pare
1026 930 1387 975 estraordinaria.
1421 933 1556 975 Mtr0.
1583 932 1786 976 Antonio
1818 933 1901 976 fia·

266 1018 430 1060 mengo
452 1005 485 1057 ⁴,
510 1006 594 1048 che
616 1005 759 1061 prima
779 1006 895 1050 lesse
916 1005 1140 1050 rhetorica
1161 1007 1208 1050 in
1230 1006 1410 1052 Vienna
1431 1015 1477 1052 et
1498 1009 1632 1064 dopoi
1654 1008 1702 1052 in
1731 1011 1897 1066 Praga,

265 1082 477 1124 restando
499 1082 544 1124 di
567 1082 754 1139 leggere
775 1083 818 1126 la
839 1083 1078 1135 rhetorica,
1102 1083 1140 1127 si
1162 1083 1339 1139 applico
1360 1084 1493 1140 pochi
1516 1085 1627 1128 mesi
1650 1086 1800 1143 (credo
1815 1088 1900 1130 che

265 1170 294 1211 4
316 1172 343 1200 o
367 1158 406 1214 5)
430 1159 517 1202 alla
548 1158 706 1215 lingua
737 1160 934 1215 tedesca,
968 1160 1228 1215 sapendone
1249 1159 1391 1216 prima
1419 1162 1559 1204 molto
1585 1176 1716 1218 poco,
1741 1170 1787 1205 et
1808 1177 1900 1206 non

267 1235 479 1280 hauendo
496 1235 677 1289 sentito,
702 1237 761 1280 ne
781 1235 1067 1293 philosophia
1088 1237 1146 1280 ne
1169 1236 1417 1294 theologia,
1449 1238 1671 1282 comincio
1700 1254 1726 1282 a
1748 1239 1896 1295 predi-

265 1326 368 1355 care
405 1326 492 1356 con
519 1314 658 1357 molta
689 1313 1004 1357 sodisfattione
1032 1314 1150 1358 nella
1180 1322 1334 1358 nostra
1363 1314 1531 1368 chiesa;
1564 1323 1610 1359 et
1641 1317 1834 1360 essendo
1855 1316 1899 1360 io

263 1388 444 1445 giumo,
469 1388 726 1434 haue‘ndolo
746 1390 912 1435 sentito
935 1391 964 1434 l’
991 1391 1286 1435 arciuescouo
1308 1391 1469 1448 prima,
1495 1393 1538 1436 lo
1559 1393 1785 1436 domando
1818 1408 1899 1450 per

259 1466 494 1522 predicare
530 1468 648 1512 nella
684 1467 854 1513 chiesia
884 1468 1142 1512 cathedrale
1163 1467 1209 1511 in
1239 1483 1338 1512 arse
1359 1475 1382 1496 ²
1409 1470 1441 1522 ⁵,
1476 1477 1522 1513 et
1548 1471 1606 1513 ha
1636 1477 1763 1514 tanto
1786 1483 1898 1514 con-

258 1556 405 1596 corso,
430 1551 476 1587 et
498 1546 523 1587 e
546 1551 671 1588 tanto
692 1551 870 1589 accetto
892 1545 965 1589 all’
990 1544 1303 1598 arciuescouo,
1324 1546 1366 1588 al
1383 1546 1649 1603 brugrauio,
1670 1548 1713 1590 al
1729 1562 1895 1604 prepo-

232 1619 348 1664 ffsito
371 1628 416 1666 et
448 1636 475 1665 a
501 1622 608 1665 tutti
629 1622 694 1679 gli
731 1622 848 1675 altri,
886 1624 972 1668 che
1007 1621 1415 1667 determinandomi
1446 1623 1490 1666 io
1527 1625 1620 1681 (per
1652 1639 1743 1668 non
1770 1639 1895 1669 esser

257 1698 398 1754 dotto)
421 1699 466 1741 di
489 1700 722 1743 mandarlo
744 1714 771 1743 a
792 1701 935 1743 Roma
955 1714 1034 1756 per
1057 1699 1087 1742 li
1109 1699 1263 1755 studij‚
1289 1714 1380 1743 non
1402 1701 1451 1743 fu
1474 1700 1562 1744 mai
1585 1701 1761 1755 ordine,
1781 1716 1894 1745 con-

260 1774 521 1820 tradicendo
548 1778 819 1821 fortemente
850 1777 878 1819 l’
908 1775 1201 1820 arciuescouo
1225 1777 1286 1820 e'l
1313 1777 1585 1834 brugrauio:
1611 1779 1636 1821 e
1665 1779 1754 1822 ben
1783 1793 1894 1823 uero

259 1853 345 1896 che
366 1851 426 1895 mi
448 1867 716 1898 concessero
752 1853 798 1897 di
819 1852 1026 1897 lasciarlo
1062 1853 1230 1897 andare
1257 1852 1392 1909 dopoi
1414 1853 1459 1896 di
1482 1869 1668 1911 pasqua.
1703 1857 1848 1899 Verra
1871 1871 1898 1899 a

258 1929 392 1973 Mtro.
419 1930 618 1984 Canisio,
643 1938 689 1975 et
712 1932 754 1974 la
775 1933 827 1975 P.
850 1932 907 1974 V.
928 1932 1097 1974 hauera
1120 1943 1199 1986 per
1221 1930 1294 1972 all'
1319 1944 1396 1974 ora
1419 1931 1642 1985 ordinato,
1668 1934 1754 1977 che
1775 1932 1814 1976 si
1836 1934 1898 1976 ha

255 2006 313 2049 da
334 2006 429 2051 fare
450 2007 496 2050 di
518 2007 597 2052 lui.
624 2007 918 2064 Sigismondo
940 2008 1103 2051 boemo
1126 2009 1141 2029 ⁶
1164 2006 1313 2050 menai
1340 2021 1426 2051 con
1449 2023 1576 2052 meco
1604 2010 1662 2052 da
1689 2009 1893 2066 Dilinga,

253 2084 419 2139 perche
442 2091 671 2129 mostraua
692 2084 957 2140 inquietarsi
978 2099 1058 2140 per
1079 2083 1110 2126 li
1126 2083 1224 2127 suoi
1243 2083 1349 2128 beni
1369 2093 1415 2128 et
1436 2100 1516 2141 per
1540 2100 1598 2128 un
1623 2085 1846 2130 fratellino
1872 2087 1893 2113 ¹²

251 2159 308 2203 de
329 2174 357 2217 9
379 2174 406 2203 o
446 2173 496 2204 10
519 2161 624 2204 anni
647 2163 718 2204 ch’
744 2176 822 2206 era
838 2160 989 2205 husita
1010 2168 1055 2205 et
1076 2160 1340 2217 periclitaua
1366 2161 1412 2205 di
1440 2162 1740 2215 confir-marsi,
1773 2169 1882 2207 etc.:

251 2237 415 2280 truouo
436 2236 468 2279 li
504 2238 609 2281 beni
631 2238 688 2280 da
709 2237 918 2294 migliari,
944 2239 1029 2281 che
1057 2237 1119 2280 lui
1151 2237 1327 2291 diceua,
1361 2241 1447 2283 che
1476 2239 1541 2283 fra
1570 2239 1631 2282 lui
1654 2246 1700 2283 et
1723 2239 1753 2282 il
1791 2241 1881 2283 fra-

251 2313 359 2357 tello
382 2327 474 2356 non
494 2315 734 2358 haueuano
755 2315 882 2358 saluo
903 2327 960 2369 43
983 2313 1127 2367 taleri‚
1147 2314 1253 2359 delli
1275 2315 1396 2371 quali
1418 2330 1511 2359 non
1533 2323 1691 2372 potero
1714 2318 1887 2362 hauere

322 2455 343 2476 ἃ
382 2449 462 2494 Sic,
480 2461 549 2496 pro
567 2451 752 2486 arce.—b
767 2459 787 2496 5
806 2451 927 2486 verba
945 2462 1053 2498 seqq.
1073 2450 1222 2486 addidit
1238 2450 1330 2489 libr.
1355 2463 1471 2499 supra
1489 2464 1598 2488 vers.

326 2565 336 2586 ¹
387 2563 583 2598 Antonius
601 2564 699 2598 Brus
717 2563 766 2598 de
791 2562 971 2608 Muglitz.

319 2623 334 2644 ²
385 2623 572 2669 joannes,
589 2623 734 2668 junior,
751 2622 800 2658 de
819 2622 1052 2668 Lobkovitz‚
1073 2622 1134 2658 «in
1153 2622 1315 2658 colenda
1335 2628 1375 2658 et
1398 2623 1563 2659 amanda
1588 2622 1788 2658 Societate
1807 2623 1889 2658 exi-

248 2681 371 2716 mius»
390 2681 597 2727 Seruum„
617 2683 695 2718 100.
719 2681 811 2725 cit.,
829 2681 903 2717 lib.
927 2682 999 2728 III,
1018 2693 1062 2717 n.
1085 2691 1151 2727 49.

315 2741 330 2761 ⁵
379 2740 573 2778 Henricus
592 2741 724 2786 Pisek,
744 2742 863 2787 vulgo
881 2741 1122 2776 Scribonius.
1138 2741 1240 2777 Vide
1258 2753 1353 2788 pag.
1376 2752 1460 2789 244,
1482 2747 1614 2778 annot.
1635 2751 1670 2777 2.

312 2800 327 2820 ⁴
376 2799 421 2834 In
450 2802 628 2846 catalogo
658 2799 816 2846 collegii
845 2800 1049 2846 pragensis
1080 2800 1171 2836 anni
1205 2801 1298 2845 1566
1327 2802 1424 2837 haec
1453 2801 1503 2837 de
1535 2800 1707 2836 Antonio
1738 2800 1890 2836 flandro

240 2857 384 2905 scripta
401 2864 505 2894 sunt:
532 2859 778 2895 «Anthonius
802 2858 951 2894 flander
974 2859 1081 2894 valet
1111 2859 1269 2905 ingenio
1294 2865 1334 2896 et
1359 2861 1561 2906 memoria,
1588 2861 1706 2895 habet
1730 2859 1886 2905 insigne

241 2917 497 2953 concionandi
514 2917 659 2954 donum
678 2924 717 2954 et
735 2917 894 2965 legendi
912 2918 1192 2954 rhetoricam.»

312 2978 327 2999 ³
376 2977 437 3012 De
466 2988 555 3012 arce
588 2977 771 3023 pragensi
801 2983 841 3013 et
874 2977 923 3012 de
957 2977 1127 3013 ecclesia
1161 2978 1459 3026 metropolitana
1494 2979 1548 3014 ibi
1577 2977 1792 3014 constituta
1822 2977 1881 3014 cf.

244 3034 450 3082 Senium,
468 3037 545 3071 loc.
570 3036 655 3082 cit.,
675 3036 745 3072 lib.
773 3037 805 3084 Ι,
826 3048 896 3072 nn.
924 3035 966 3071 13
986 3042 1026 3072 et
1048 3045 1108 3082 14.

317 3095 332 3116 ⁶
382 3094 647 3130 Dominatius.
671 3094 771 3130 Vide
790 3094 910 3142 epist.
933 3093 1018 3141 433,
1037 3107 1080 3131 n.
1101 3103 1142 3140 7.
