2228 3548
330 291 402 327 312
419 272 421 275 .
847 289 987 325 Epis’r.
1015 286 1060 322 P.
1088 285 1362 331 NADAL-452

1044 405 1165 445 1152

721 492 773 534 P.
811 489 1225 533 HIERONYMUS
1256 489 1474 533 NADAL

677 567 861 603 PATRI
911 564 1267 603 LAURENTIO
1318 564 1517 603 MAGIO

731 640 945 677 DlLlNGAE,
976 640 1020 677 19
1045 638 1286 668 uovmfflms
1314 639 1329 666 1
1336 631 1405 676 566
1434 632 1459 668 ¹.

351 699 507 746 Quibus
524 696 816 735 conditionibus
834 697 1060 733 trebonense
1077 697 1292 744 collegium
1307 697 1604 733 admittendum
1621 697 1811 734 videatur
1819 725 1827 734 .

356 778 455 835 Jhs.
481 776 531 820 L'
555 774 852 820 arciuescouo
875 775 922 818 di
950 776 1102 831 Praga
1123 775 1138 795 ³
1163 776 1223 817 m’
1247 776 1306 818 ha
1327 773 1500 827 scritto,
1524 780 1570 817 et
1591 775 1804 818 mandato
1832 789 1912 819 co—

272 853 347 910 pia
369 854 426 898 de
448 867 540 896 una
561 853 724 897 lettera
744 854 829 896 che
857 858 1012 896 nostro
1035 852 1184 896 Padre
1206 852 1421 908 generale
1442 851 1473 894 li
1494 853 1554 895 ha
1575 850 1750 906 scritto,
1781 866 1915 910 sopra

272 930 304 973 il
333 929 527 987 collegio
555 930 602 973 di
630 931 858 983 Trebona,
889 929 1019 986 quasi
1046 928 1347 987 significando
1384 943 1508 974 esser
1544 929 1588 972 la
1619 928 1836 973 difficulta
1868 930 1916 974 in

274 1015 428 1051 trouar
449 1006 672 1064 suppositi
694 1021 773 1064 per
795 1013 987 1052 mettere
1014 1006 1060 1050 in
1083 1007 1188 1064 quel
1209 1006 1419 1063 collegi03
1444 1013 1490 1050 et
1517 1005 1631 1051 hieri
1658 1008 1718 1049 ho
1754 1005 1916 1051 etiam-

276 1084 350 1128 dio
373 1091 591 1129 recevuto
612 1091 634 1113 a
659 1084 822 1129 lettere
848 1085 921 1127 del
949 1091 1106 1128 nostro
1136 1085 1284 1128 Padre
1312 1085 1346 1137 ³,
1381 1084 1499 1128 nelle
1535 1082 1657 1139 quali
1694 1082 1756 1126 mi
1785 1085 1843 1128 da
1873 1084 1916 1129 la

273 1161 594 1205 commissione
615 1161 662 1204 di
685 1168 883 1206 accettar
904 1162 1010 1218 quel
1031 1161 1223 1218 collegio
1244 1162 1315 1205 col
1341 1176 1426 1204 suo
1463 1161 1667 1206 membro
1694 1160 1741 1204 di
1771 1161 1914 1205 Casa-

272 1253 410 1292 noua,
437 1239 787 1282 admonendomi
808 1240 865 1282 de
886 1239 1036 1295 quello
1058 1240 1143 1282 che
1164 1238 1201 1282 si
1227 1237 1479 1283 determino
1507 1238 1626 1283 nella
1653 1252 1908 1303 congrega-

274 1315 402 1360 tione
425 1316 656 1372 generale,
683 1319 732 1359 ut
752 1317 811 1359 sit
833 1318 931 1360 sine
957 1317 1225 1360 detrimento
1251 1317 1449 1359 aliorum
1482 1316 1777 1373 collegiorum
1805 1315 1837 1369 ⁴,
1864 1322 1911 1360 et

274 1392 579 1449 significando
602 1395 686 1437 che
707 1409 799 1437 non
822 1396 922 1437 sara
944 1393 1162 1437 difficulta
1183 1394 1271 1438 nel'
1295 1393 1463 1438 unione
1484 1393 1586 1438 dell'
1625 1392 1821 1446 abbatia,
1853 1393 1911 1437 ne

274 1469 562 1526 separatione
584 1470 701 1514 della
723 1485 846 1524 cura,
873 1479 961 1515 etc.
987 1473 1045 1515 Et
1066 1471 1228 1527 poiche
1250 1472 1276 1514 e
1298 1470 1486 1516 rimesso
1509 1485 1534 1514 a
1560 1484 1649 1524 me,
1680 1469 1725 1514 io
1765 1469 1914 1514 uorrei

274 1546 440 1603 guidar
462 1554 623 1603 questo
650 1548 837 1604 negotio
868 1563 953 1592 con
984 1549 1094 1605 ogni
1120 1534 1520 1605 circunspettione,
1561 1554 1606 1592 et
1638 1548 1732 1591 cosi
1763 1546 1913 1591 scriuo

273 1624 346 1667 all’
372 1623 669 1668 arciuescouo
692 1624 738 1667 in
766 1626 995 1682 generale,
1019 1626 1051 1668 il
1072 1625 1315 1683 particular
1335 1625 1619 1670 remettendo
1641 1639 1668 1668 a
1689 1626 1746 1669 V.
1778 1625 1854 1678 R„
1885 1639 1913 1668 o

274 1701 318 1744 al
341 1703 394 1744 P.
422 1700 625 1745 Henrico
650 1703 664 1724 ⁵
687 1716 767 1758 per
788 1717 870 1746 sua
891 1702 1225 1756 commissione,
1250 1717 1379 1746 come
1399 1703 1443 1746 la
1463 1704 1519 1746 R.
1545 1703 1603 1746 V.
1629 1702 1797 1746 uedera
1832 1716 1914 1759 per

273 1778 317 1821 13
355 1792 439 1821 sua
474 1778 651 1831 lettera,
692 1779 823 1835 quale
860 1781 1023 1823 mando
1061 1787 1230 1837 aperta,
1271 1779 1395 1823 accio
1422 1780 1466 1822 la
1501 1778 1629 1834 seni,
1659 1793 1687 1822 o
1718 1778 1834 1822 auisi
1868 1778 1911 1822 al

274 1856 335 1900 P.
369 1854 575 1898 Henrico
597 1857 681 1899 che
703 1856 856 1899 auanti
878 1858 934 1900 de
956 1858 1080 1901 darla
1100 1857 1144 1900 la
1165 1855 1275 1900 serri
1296 1855 1343 1899 in
1366 1858 1532 1912 Praga3
1557 1862 1604 1900 et
1624 1855 1685 1898 mi
1706 1870 1790 1899 son
1826 1855 1909 1900 de-

271 1931 517 1976 terminato
551 1932 597 1974 in
626 1940 803 1988 questo:
837 1934 987 1978 Prima
1019 1936 1104 1978 che
1140 1934 1219 1978 noi
1250 1948 1343 1977 non
1378 1933 1593 1990 pigliamo
1629 1933 1687 1976 ne
1723 1946 1833 1976 cura
1863 1931 1910 1975 di

270 2009 419 2065 quella
440 2009 690 2066 parrochia,
715 2024 842 2054 come
864 2012 889 2055 ὲ
917 2011 1086 2064 chiaro,
1111 2013 1170 2055 ne
1192 2011 1399 2068 collegio,
1422 2012 1480 2054 ne
1506 2009 1698 2063 lettioni,
1722 2009 1857 2053 insin'
1883 2024 1910 2052 a

271 2092 397 2129 tanto
419 2087 520 2131 chel
541 2086 728 2143 negotio
751 2087 824 2131 del
850 2089 1123 2134 monasterio
1144 2089 1166 2117 b
1191 2095 1237 2133 et
1258 2088 1543 2146 separatione
1564 2087 1682 2132 della
1713 2101 1839 2140 cura,
1865 2093 1912 2130 et

270 2162 571 2219 applicatione
593 2164 665 2207 del
687 2165 959 2210 monasterio
983 2167 1039 2209 de
1061 2167 1319 2219 Casanoua,
1345 2165 1412 2209 sia
1433 2164 1668 2222 negotiato
1688 2164 1736 2207 in
1767 2166 1912 2208 Roma

269 2240 341 2283 col
361 2255 493 2297 papa,
518 2247 563 2284 et
585 2240 726 2285 siamo
748 2242 859 2284 certi
888 2245 972 2286 che
1001 2244 1044 2287 la
1071 2244 1255 2287 volonta
1276 2242 1322 2286 di
1351 2243 1400 2288 S.
1431 2243 1528 2288 Sta.
1560 2257 1653 2286 non
1679 2243 1907 2295 mancara;

269 2324 316 2360 et
337 2332 417 2374 per
439 2326 599 2374 questo
622 2318 772 2363 uorrei
794 2321 894 2362 chel
917 2320 1072 2377 signos
1094 2322 1152 2365 de
1173 2319 1328 2365 Rossis
1351 2321 1365 2343 ⁶
1399 2320 1541 2364 faccia
1578 2334 1669 2363 una
1697 2333 1906 2376 procura,
1947 2378 1949 2380 Ι

344 2461 364 2482 a
403 2455 549 2501 Apogr.
570 2455 819 2491 reconda—¹>
840 2455 1023 2503 Sequitur
1046 2457 1090 2493 di
1115 2457 1250 2504 quella
1268 2457 1464 2505 parochia
1487 2456 1738 2493 obliteratum
1761 2467 1783 2490 a
1806 2454 1900 2491 libr.

345 2571 356 2591 ¹
408 2570 466 2604 Ex
490 2570 727 2616 apographo,
753 2580 775 2604 a
799 2569 927 2606 Natali
950 2571 1112 2607 Romam
1137 2570 1272 2617 misso,
1296 2570 1336 2607 in
1360 2571 1496 2618 Epist.
1526 2570 1689 2615 Natal.,
1715 2570 1768 2617 II,
1789 2570 1905 2606 unico

271 2626 324 2662 fol
334 2653 364 2673 .‚
382 2627 449 2662 168
465 2628 580 2674 (176).
599 2627 727 2674 Hujus
742 2630 974 2676 transumpti
989 2631 1226 2666 mentionem
1241 2630 1334 2667 facit
1352 2630 1502 2667 Natalis
1516 2630 1557 2666 in
1574 2629 1752 2677 epistola,
1771 2638 1814 2676 19
1827 2629 1906 2665 No·

272 2687 444 2722 vembris
463 2687 510 2722 ad
529 2685 710 2733 Borgiam
727 2686 831 2730 data,
849 2700 888 2723 n.
907 2697 942 2723 2.
961 2690 1116 2725 Titulus
1133 2690 1224 2726 huic
1243 2694 1508 2736 monumento,
1526 2688 1677 2725 Natalis
1694 2701 1811 2725 manu
1835 2688 1907 2724 ini-

272 2744 327 2780 tio
345 2745 508 2792 positus,
524 2751 584 2782 est
602 2745 836 2793 hujusmodi:
856 2746 980 2794 Copia
998 2750 1041 2785 di
1058 2762 1112 2784 vn
1130 2749 1307 2797 capitulo
1325 2750 1391 2785 che
1408 2750 1461 2785 ha
1477 2749 1597 2784 serito
1615 2747 1741 2783 Natal
1758 2748 1800 2783 al
1813 2750 1908 2795 pro-

273 2804 429 2840 uincial
452 2806 497 2841 di
519 2806 708 2842 Austria.
738 2806 993 2843 Provincialis
1017 2814 1148 2845 autem
1174 2814 1257 2844 erat
1281 2809 1324 2844 P.
1352 2807 1584 2844 Laurentius
1614 2807 1781 2854 Magius.
1807 2806 1909 2842 Vide

277 2873 410 2910 supra,
431 2876 524 2911 pag.
550 2863 639 2901 230.
1790 2908 1792 2910 v

347 2925 360 2944 2
413 2924 608 2960 Antonius
626 2925 725 2960 Brus
743 2923 793 2959 de
811 2925 990 2971 Muglitz.
1373 2925 1389 2948 ⁸
1438 2925 1538 2962 Vide
1556 2926 1671 2973 epist.
1690 2924 1776 2973 443,
1794 2937 1838 2962 n.
1860 2923 1901 2961 3.

341 2983 356 3004 ⁴
405 2982 620 3019 Decretum
637 2989 819 3020 octavum
838 2985 1032 3021 secundae
1051 2986 1369 3034 congregationis
1387 2985 1603 3033 generalis.

342 3040 357 3062 ³
405 3042 664 3089 BIyssemius,
682 3048 813 3079 rector
830 3044 986 3091 collegii
1003 3046 1222 3093 pragensis.

337 3101 355 3123 ⁶
405 3101 505 3137 Vide
524 3102 638 3149 epist.
660 3101 746 3150 432,
765 3114 808 3139 n.
832 3102 868 3148 6;
889 3108 929 3139 et
947 3103 1029 3152 437,
1052 3117 1092 3142 n.
1111 3117 1151 3152 9.
