2228 3548
956 263 1001 290 22
1027 254 1141 301 JuNn
1170 261 1262 300 1574
1809 253 1881 299 667

284 355 525 400 Gionsimo
546 371 573 400 a
594 357 751 414 Ispruc
772 371 799 400 a
826 369 883 412 13⁴
899 355 946 399 di
973 355 1119 409 Iunio,
1144 356 1264 400 doue
1291 355 1461 413 riposai
1501 368 1525 411 3
1555 354 1727 412 giorni3
1752 362 1799 399 et
1830 356 1930 400 cusi

285 447 432 476 sonno
450 434 475 476 8
493 433 642 490 giomi
659 435 745 478 che
762 433 988 491 gionsimo
1009 433 1087 490 qui
1113 440 1150 478 ².
1172 433 1316 478 Passo
1331 448 1359 477 a
1380 432 1624 478 Monachio
1645 431 1677 475 il
1700 434 1753 476 P.
1779 434 1923 477 Geor·

289 509 380 567 gio.
403 510 571 554 Trouai
592 511 636 554 in
659 512 816 568 Ispruc
837 510 868 554 il
886 512 940 554 P.
961 510 1144 555 Canisio
1161 517 1384 567 occupato
1406 510 1453 554 in
1475 524 1558 554 sua
1583 509 1776 554 «Maria»
1802 510 1831 553 ¹.
1853 510 1929 554 Ha

251 645 259 651 .
288 575 353 632 vn
374 587 572 642 scrittor,
593 590 678 632 che
694 588 759 645 gli
775 588 923 632 scriue
941 595 1008 633 tre
1028 590 1140 633 hore
1161 588 1248 631 alla
1264 587 1471 642 mattina,
1490 594 1536 631 et
1560 601 1584 643 3
1603 587 1690 631 alla
1706 601 1821 631 sera.
1842 588 1929 631 Fui

290 671 417 709 tanto
449 666 539 710 ben
563 672 763 719 trattato,
789 667 875 711 che
903 673 1064 722 troppo
1085 681 1095 719 3
1120 666 1296 710 benche
1318 665 1384 708 ilb
1407 666 1548 710 «ben»
1574 665 1624 708 fu
1651 649 1926 718 necessario,

288 743 456 800 perche
477 742 627 800 gionsi
650 757 784 799 sopra
805 743 939 787 modo
960 750 1155 796 stracco;
1180 757 1272 786 non
1295 742 1326 786 il
1352 749 1565 800 «troppo»
1590 744 1677 787 che
1698 742 1738 784 la
1763 756 1879 799 gran
1911 749 1931 770 0

287 819 464 863 charita
486 820 559 863 del
582 821 635 863 P.
661 819 914 865 Vendelino
941 818 977 863 d.
1003 820 1172 864 Hanno
1194 835 1255 863 vn
1276 819 1473 876 collegio
1495 818 1771 876 amplissimo
1788 826 1834 863 et
1850 808 1928 863 or-⁰

286 896 538 950 natissimo,
563 903 609 940 et
629 897 769 940 molto
791 896 950 942 ordine
971 896 1018 939 in
1040 895 1149 953 ogni
1171 910 1291 940 cosa.
1318 897 1423 941 Non
1451 898 1509 939 ho
1531 897 1688 940 voluto
1704 902 1722 922 θ
1755 896 1930 942 scriuer

286 974 374 1018 alla
396 976 448 1018 P.
474 975 528 1019 V.
553 974 723 1027 auanti‚
749 989 829 1031 per
850 981 979 1031 poter
1000 974 1082 1017 dar
1113 974 1276 1018 alcuna
1306 973 1598 1017 information
1629 974 1674 1017 di
1706 973 1929 1031 isperien-

288 1051 366 1095 tia.
388 1052 575 1096 Benche
597 1051 719 1108 dipoi
740 1051 785 1095 di
809 1051 962 1096 Padoa
990 1050 1005 1079 s
1028 1051 1113 1096 esti
1135 1051 1252 1095 assai
1273 1051 1395 1095 volte
1413 1054 1506 1094 tam
1528 1051 1753 1107 deplorate
1774 1052 1927 1110 deses-

289 1143 381 1182 sus,
410 1131 495 1173 che
523 1129 652 1186 quasi
680 1129 845 1173 veniua
880 1144 907 1173 a
942 1128 1103 1173 difidar
1134 1128 1180 1171 di
1211 1135 1345 1185 poter
1382 1143 1538 1185 passar
1570 1129 1740 1182 auanti,
1773 1128 1929 1186 pigliai

289 1220 468 1263 sempre
489 1206 638 1250 animo
665 1206 783 1252 nelle
804 1206 995 1250 orationi
1017 1206 1062 1250 di
1085 1207 1142 1251 V.
1169 1207 1223 1250 P.
1248 1213 1294 1250 et
1324 1205 1598 1250 obedientia.
1624 1206 1796 1250 Gionto
1820 1220 1927 1261 qua,

288 1284 545 1327 anchorche
567 1285 714 1328 hauea
735 1283 934 1340 riposato
963 1283 1010 1327 in
1038 1285 1218 1340 Ispruc,
1243 1284 1442 1328 anchora
1474 1283 1635 1327 adesso
1666 1283 1724 1326 mi
1759 1283 1933 1326 risento

287 1367 416 1403 tanto
438 1360 511 1404 del
539 1361 727 1405 traballo
750 1367 948 1417 passato,
974 1362 1059 1405 che
1080 1360 1141 1404 mi
1163 1360 1414 1414 marauillo,
1440 1374 1532 1404 non
1565 1361 1758 1405 essendo
1780 1375 1806 1403 a
1829 1359 1930 1403 altri

289 1436 540 1482 marauilla.
565 1438 600 1480 Il
623 1437 792 1494 Signor
812 1437 874 1480 mi
896 1438 955 1482 da
975 1439 1067 1481 bon
1089 1437 1254 1481 animo.

379 1526 421 1558 2.
488 1513 841 1558 Auicinandomi
863 1529 889 1558 a
906 1515 1041 1558 Halla
1061 1515 1076 1535 ³
1097 1514 1157 1557 mi
1174 1514 1383 1572 rallegrai
1401 1513 1930 1566 extraordinariamente,

285 1598 331 1636 et
353 1591 532 1648 gionto‚
559 1591 678 1635 senti
708 1606 821 1648 gran
844 1591 1127 1636 consolation
1148 1592 1223 1635 nel
1244 1591 1428 1649 Signor.
1458 1592 1604 1648 Spero
1630 1593 1716 1636 che
1746 1606 1829 1634 sua
1858 1590 1930 1633 di-

220 1686 224 1687 *
287 1668 394 1712 uina
416 1669 522 1713 ΜΛἐι
543 1668 603 1711 mi
630 1669 673 1712 la
694 1666 717 1703 ’ἔ
746 1668 1019 1712 conseruata
1048 1675 1094 1713 et
1125 1668 1425 1726 augmentata
1455 1669 1504 1712 in
1528 1669 1692 1725 finem.
1719 1668 1753 1711 Il
1783 1668 1933 1711 Padre

287 1753 436 1790 rector
457 1746 518 1788 mi
542 1752 679 1789 tratta
700 1745 746 1788 di
775 1744 993 1798 maniera,
1018 1747 1104 1790 che
1125 1745 1169 1789 io
1191 1745 1345 1803 voglio
1367 1746 1565 1803 appellat
1586 1746 1629 1789 al
1652 1745 1799 1789 Padre
1822 1758 1928 1801 pro-

358 1928 378 1947 a
418 1920 504 1955 Hoc
523 1920 634 1956 verb.
650 1930 767 1966 supra
785 1930 888 1955 vers.
909 1917 1058 1954 addidit
1072 1918 1122 1954 N.
1142 1919 1210 1947 —b
1223 1918 1310 1955 Hoc
1328 1919 1439 1956 verb.
1455 1930 1570 1966 supra
1585 1930 1687 1954 vers.
1709 1917 1856 1953 addidit
1875 1917 1927 1952 N.

289 1986 352 2007 —c
378 1979 464 2014 Hoc
482 1980 593 2015 v'erb.
613 1990 730 2026 supra
748 1990 852 2014 vers.
877 1978 1026 2013 addidit
1049 1977 1169 2013 N,-d
1191 1977 1474 2026 Supplendum:
1494 1978 1772 2026 aggionse.-e
1789 1978 1929 2013 Emen-

287 2038 421 2075 datum
439 2050 462 2074 a
479 2038 527 2074 N.
548 2050 598 2074 ex
617 2038 798 2075 volsi.-f
822 2038 1155 2073 Aut.Podoa.-oe
1169 2037 1254 2074 Hoc
1271 2038 1382 2074 verb.
1397 2049 1513 2086 supra
1531 2049 1634 2073 vers.
1654 2036 1803 2073 addidit
1821 2036 1875 2072 N.

362 2182 371 2201 ¹
424 2181 508 2216 «De
527 2180 648 2221 Maria
671 2180 835 2226 Virgine
860 2179 1153 2226 incomparabili
1178 2185 1218 2217 et
1241 2180 1317 2217 Dei
1343 2179 1546 2218 Genitrice
1571 2185 1816 2215 sacrosancta
1840 2179 1929 2215 libri

283 2239 526 2287 quinque»...
559 2239 809 2286 Ingolstadii,
845 2247 949 2284 1577.
981 2238 1043 2275 Cf.
1076 2239 1408 2283 SOMMERVOGm„
1440 2239 1714 2285 Bibliothe'que
1744 2239 1791 2274 de
1821 2238 1863 2274 la
1882 2237 1928 2274 C.

285 2300 332 2335 de
341 2298 377 2346 J
380 2326 402 2343 .‚
424 2299 476 2344 ΙΙ,
496 2298 578 2343 674.
607 2300 667 2334 De
691 2299 765 2334 hoc
790 2310 908 2345 opere
931 2297 1075 2345 passim
1102 2298 1341 2335 mentionem
1359 2298 1455 2335 facit
1479 2298 1662 2336 Canisius
1686 2297 1725 2333 in
1749 2297 1831 2333 suis
1849 2297 1928 2344 epi-

288 2357 398 2394 stolis
416 2357 464 2393 ad
482 2358 526 2392 P.
547 2357 787 2393 Everardum
806 2357 1105 2394 Mercurianum.

359 2418 373 2439 ²
422 2418 484 2452 De
501 2416 667 2462 collegio
684 2417 822 2452 Hallae
846 2417 984 2462 (Hall),
1009 2428 1109 2464 quae
1135 2421 1197 2452 est
1221 2418 1314 2453 urbs
1339 2417 1379 2454 in
1404 2417 1527 2454 Tiroli
1552 2428 1667 2464 supra
1684 2417 1828 2451 flumen
1852 2414 1931 2453 Oe-

288 2477 502 2520 num‘(Inn)
521 2475 610 2520 sita,
629 2486 706 2511 non
724 2476 840 2522 longe
858 2476 908 2511 ab
925 2474 1163 2522 Oeniponte,
1187 2476 1284 2512 haec
1307 2475 1408 2513 habe
1432 2488 1482 2512 ex
1505 2476 1639 2512 codice
1663 2484 1724 2521 41,
1750 2475 1927 2510 Histori-

287 2548 348 2577 ca,
372 2535 620 2582 deprompta:
647 2534 753 2570 «Sub
775 2534 894 2570 finem
919 2535 1065 2582 Aprilis
1089 2535 1213 2582 [1569]
1237 2535 1474 2572 instantibus
1498 2536 1658 2582 reginis,
1683 2546 1782 2582 quae
1807 2533 1927 2571 Oeni-

287 2594 395 2641 ponti
413 2598 632 2636 versantur,
652 2598 693 2629 et
709 2593 916 2630 archiduce
941 2593 1200 2639 FerdinandO,
1219 2595 1512 2642 collegiumvel
1530 2595 1667 2630 domus
1686 2593 1926 2640 probationis

285 2653 409 2688 Halae
432 2657 494 2688 est
516 2651 697 2688 admissa.
725 2652 978 2688 Postmodum
1003 2651 1161 2688 domum
1186 2659 1226 2689 et
1243 2655 1449 2690 ecclesiam
1474 2654 1574 2701 [sic]‚
1604 2664 1719 2700 quam
1744 2651 1926 2687 viventes

282 2711 444 2747 eaedem
462 2711 621 2758 reginae
639 2711 679 2747 in
697 2722 810 2747 usum
828 2723 942 2747 suum
960 2717 1095 2748 essent
1111 2711 1330 2759 habiturae,
1345 2714 1403 2750 eis
1420 2712 1718 2755 decedentibus,
1737 2711 1926 2747 Societati

281 2771 436 2806 oblatae
454 2775 494 2806 et
511 2770 677 2806 donatae
695 2771 746 2805 ab
763 2770 912 2806 eisdem
930 2775 1033 2807 sunt.
1055 2771 1217 2807 Interim
1234 2777 1366 2808 autem
1392 2772 1485 2809 dum
1508 2772 1661 2816 vivunt,
1687 2770 1762 2806 alia
1786 2770 1924 2805 domus

280 2830 424 2866 nostris
455 2835 515 2865 est
544 2829 778 2875 assignata.»
810 2828 904 2865 Cod.
931 2839 996 2876 41,
1022 2829 1090 2866 fol.
1121 2830 1201 2867 160.
1229 2832 1308 2867 ‘«2.¹
1330 2831 1524 2868 dominica
1549 2831 1741 2867 adventus
1765 2829 1923 2876 reginae

255 2909 258 2912 -
283 2889 514 2935 Magdalena
532 2894 572 2925 et
596 2889 749 2924 Helena
774 2889 958 2925 Austriae
985 2888 1210 2937 Oeniponto
1227 2891 1382 2927 Hallam
1399 2903 1444 2928 se
1461 2891 1729 2936 contulerunt,
1745 2893 1784 2924 et
1802 2889 1925 2924 nostri

282 2947 429 2984 ibidem
448 2948 487 2984 in
504 2949 590 2985 loco
603 2948 809 2995 designato
825 2948 998 2985 residere
1017 2954 1249 2996 coeperunt.
1268 2951 1411 2987 Postea
1427 2950 1576 2987 dotatio
1594 2950 1806 2985 subsecuta
1824 2953 1923 2984 est.»

283 3007 385 3043 Ibid.
414 3007 485 3044 fol.
514 3007 580 3043 163
605 3019 648 3043 v.
678 3008 746 3043 «In
770 3007 938 3054 collegio
961 3008 1113 3044 halensi
1139 3017 1182 3044 12
1206 3008 1369 3056 degunt.
1395 3009 1628 3047 Sacerdotes
1645 3016 1682 3054 7.
1707 3008 1926 3054 Praecepto

282 3077 350 3102 res
367 3076 403 3102 2.
423 3067 680 3115 Coadjutores
697 3077 759 3113 4.»
777 3067 878 3103 Ibid.
898 3079 992 3104 ann.
1020 3075 1126 3115 1574,
1143 3067 1211 3105 fol.
1233 3068 1315 3106 182.
