2228 3548
903 303 945 340 31
973 305 1128 342 Mam-11
1154 305 1246 352 1576
1775 311 1850 350 715

1019 478 1137 520 ὅου
1168 467 1176 480 ‘

687 561 733 598 P.
749 562 1069 600 EVERARDUS
1092 562 1474 600 MERCURIANUS

596 639 809 683 PATRI
851 641 1280 686 HIERONYMO
1322 641 1567 685 NADAL

807 736 967 771 ROMAE,
986 727 1029 764 31
1048 737 1193 765 MARTu
1214 729 1303 775 1576
1322 729 1348 765 ¹.

259 802 423 838 Socium
447 803 591 840 Natali
614 804 756 851 offert:
778 807 1074 842 concionatores
1095 807 1247 842 Romae
1276 807 1446 854 optimos
1475 817 1554 842 esse
1584 804 1728 855 refert:
1754 804 1901 852 templi

471 864 717 901 Farnesiani
725 869 980 914 progressus:
993 869 1280 913 procuratores
1296 857 1434 902 arbem
1451 865 1688 901 adveniunt.

349 948 495 992 Doleo
516 948 667 992 minus
688 950 862 992 firmam
883 963 984 994 esse
1004 951 1112 994 R.²⁰
1134 951 1261 994 Tuae
1288 949 1616 1001 valetudinem,
1642 947 1707 991 vti
1738 947 1896 1004 proxi-

259 1023 346 1067 mis
366 1024 527 1069 litteris
549 1025 842 1082 significauit,
861 1033 1059 1083 optoque
1081 1034 1132 1070 ut
1147 1025 1371 1070 Dominus
1386 1027 1529 1078 Deus,
1550 1024 1626 1080 qui
1643 1039 1779 1068 verus
1795 1039 1892 1069 me-

259 1100 390 1145 dicus
412 1109 495 1155 est,
520 1102 640 1146 illam
662 1102 912 1148 instaurare
933 1103 1163 1160 dignetur.
1185 1102 1282 1146 Etsi
1304 1110 1456 1147 autem
1487 1116 1579 1145 non
1601 1101 1761 1144 dubito
1782 1100 1893 1158 quin

262 1177 336 1221 isti
375 1180 549 1231 Patres,
587 1194 670 1236 pro
705 1194 789 1224 sua
824 1179 1013 1238 egregia
1048 1179 1284 1233 charitate,
1330 1178 1535 1223 studiose
1572 1193 1702 1235 opem
1745 1180 1898 1222 ferant

263 1256 372 1298 Rae
395 1256 538 1309 Tuae,
556 1271 648 1300 non
663 1257 809 1300 solum
831 1256 1007 1310 studiis,
1026 1257 1108 1302 sed
1129 1248 1264 1302 etiam
1286 1255 1536 1300 valetudini
1558 1269 1611 1298 ac
1633 1255 1785 1307 aetati,
1810 1269 1894 1298 ve-

264 1331 340 1374 lim
363 1339 412 1374 vt
433 1334 524 1376 huc
544 1339 786 1377 venturum
807 1340 1146 1390 procuratorem
1168 1332 1428 1386 conueniat,
1455 1340 1500 1378 et
1523 1347 1602 1389 per
1628 1346 1732 1376 eum
1762 1331 1898 1375 nobis

262 1409 550 1464 desyderium
573 1425 706 1454 suum
728 1410 972 1468 significet,
995 1411 1033 1454 si
1055 1425 1191 1467 quem
1211 1411 1330 1455 forte
1350 1409 1457 1453 hinc
1484 1409 1602 1452 mitti
1624 1409 1747 1453 velit.
1773 1410 1894 1452 Nos-

262 1499 352 1541 que
374 1486 582 1530 dabimus
604 1501 787 1543 operam
818 1495 890 1541 ut,
914 1487 954 1532 si
983 1487 1084 1544 quis
1110 1487 1184 1531 hic
1211 1486 1406 1532 idoneus
1427 1486 1586 1539 fuerit,
1613 1501 1717 1531 eum
1738 1485 1894 1530 mitta—

261 1576 379 1605 mus.
406 1564 508 1606 Hoc
534 1563 702 1607 ieiunio
730 1564 861 1607 multi
889 1566 1058 1608 Romae
1087 1571 1194 1608 sunt
1222 1571 1504 1621 praestantes
1532 1563 1893 1619 concionatores,

259 1638 378 1684 inter
400 1654 514 1695 quos
529 1648 686 1684 nostro
709 1641 818 1685 satis
837 1640 1054 1686 foeliciter
1071 1641 1207 1694 cedit,
1227 1642 1367 1686 habet
1383 1640 1503 1686 enim
1523 1641 1780 1684 auditorum
1797 1654 1893 1683 ma-

261 1731 399 1773 gnam
429 1717 752 1773 frequentiam,
783 1724 828 1763 et
855 1718 977 1773 quod
1003 1718 1296 1775 praecipuum
1324 1724 1415 1770 est,
1441 1718 1638 1761 fructum
1669 1723 1898 1760 testantur

263 1794 450 1839 crebrae
471 1794 792 1838 confessiones.
819 1794 996 1851 Templi
1017 1794 1158 1839 nostri
1178 1795 1321 1839 moles
1341 1809 1397 1839 eo
1425 1794 1513 1838 iam
1536 1808 1776 1850 progressa
1803 1800 1891 1846 est,

265 1877 310 1914 et
332 1871 623 1927 progreditur
642 1871 778 1916 etiam
801 1886 923 1915 nunc
944 1872 990 1915 in
1011 1871 1123 1925 dies,
1142 1879 1192 1915 vt
1208 1871 1447 1916 cardinalis
1463 1879 1614 1927 speret
1631 1871 1747 1913 intra
1761 1869 1894 1914 bien-

264 1946 390 1990 nium
407 1947 454 1990 in
471 1963 526 1992 eo
540 1962 719 1993 sacrum
736 1948 994 1994 faciendum
1010 1963 1127 2002 esse,
1146 1949 1268 2004 quod
1284 1955 1329 1994 et
1346 1963 1428 1992 nos
1445 1962 1694 2005 speramus,
1711 1946 1749 1990 si
1765 1948 1897 1991 Deus

263 2038 368 2067 eum
386 2025 516 2068 nobis
537 2025 807 2069 incolumem
825 2024 1018 2069 seruarit
1037 2026 1070 2068 ⁸.
1093 2026 1414 2070 Procuratores
1430 2024 1769 2082 prouinciarum
1785 2036 1891 2066 coe-

262 2107 429 2156 perunt
459 2102 727 2155 aduentare,
758 2102 875 2147 inter
907 2116 1022 2159 quos
1057 2108 1104 2145 et
1131 2103 1267 2146 frater
1295 2101 1477 2159 quidam
1515 2109 1669 2145 noster
1698 2099 1897 2143 Messico

261 2178 319 2220 ad
343 2192 424 2221 nos
446 2177 586 2230 venit,
610 2178 849 2222 incolumis
871 2178 1069 2235 quidem,
1093 2179 1174 2223 sed
1196 2185 1347 2224 tamen
1369 2179 1506 2224 rebus
1527 2177 1753 2230 omnibus,
1779 2190 1898 2232 quas

263 2253 370 2296 naui
393 2254 697 2308 commiserat,
722 2254 977 2312 nauffragio
997 2254 1188 2298 amissis.
1208 2256 1381 2300 Verum
1402 2270 1502 2300 eam
1524 2254 1743 2298 iacturam
1762 2252 1896 2296 facile

263 2337 575 2387 compensant,
610 2346 727 2389 quae
755 2331 793 2375 is
820 2331 951 2375 nobis
986 2333 1044 2376 de
1075 2346 1196 2376 nouo
1221 2331 1298 2375 illo
1328 2339 1549 2376 terrarum
1581 2332 1712 2382 orbe,
1744 2330 1898 2385 deque

265 2408 434 2460 fructu,
459 2421 594 2463 quem
616 2408 758 2451 nostri
779 2409 825 2451 in
846 2423 901 2453 eo
921 2407 1192 2465 percipiunt,
1216 2416 1552 2454 commemorat.
1578 2409 1613 2451 F
1616 2406 1709 2450 axit
1730 2405 1889 2450 Domi»

265 2498 353 2527 nus
379 2486 507 2529 Deus
527 2491 578 2527 vt
604 2500 732 2528 suam
761 2485 848 2529 illis
869 2492 915 2528 et
945 2485 1076 2529 nobis
1107 2485 1318 2530 omnibus
1348 2486 1540 2544 gratiam
1573 2483 1727 2541 largiri
1755 2489 1898 2539 atque

335 2638 345 2658 ¹
396 2640 455 2674 Ex
472 2639 658 2685 Regest0‚
681 2639 777 2676 Cod.
799 2650 842 2686 33
855 2639 913 2687 j),
933 2640 1005 2676 fol.
1027 2648 1086 2686 41.
1112 2641 1158 2676 In
1181 2640 1370 2687 margine:
1397 2641 1545 2677 Halae.
1571 2640 1621 2674 P.
1646 2638 1898 2684 Hieronymo

259 2698 417 2736 Natali.
437 2700 537 2736 Vide
555 2700 669 2747 epist.
690 2709 773 2746 592,
792 2700 856 2737 cui
872 2701 968 2736 haec
990 2700 1214 2748 respondet.

332 2758 346 2778 ²
394 2759 522 2807 Hujus
541 2760 676 2807 templi
693 2772 796 2807 pars,
821 2760 964 2796 «saeris
988 2759 1183 2796 destinata
1201 2759 1465 2805 muneribus»,
1484 2769 1586 2795 anno
1607 2766 1696 2803 1577
1714 2757 1895 2793 absoluta

260 2823 335 2858 est.
359 2818 400 2854 in
429 2830 552 2866 eaque
571 2820 762 2866 «primum
784 2831 937 2856 sacrum
960 2830 1100 2866 magna
1120 2819 1352 2865 cerimonia,
1370 2831 1416 2856 ac
1433 2817 1632 2867 pontificio
1657 2815 1894 2852 musicorum

258 2878 376 2913 choro
400 2877 680 2925 intercinente,
704 2879 849 2915 Paulus
872 2878 1111 2916 Odescalcus
1134 2878 1350 2926 Episcopus
1372 2878 1505 2915 fecit.»
1531 2877 1786 2919 SACCHINUS,
1816 2875 1893 2911 loc.

258 2936 352 2983 cit.‚
370 2937 440 2974 lib.
459 2937 509 2984 V,
528 2949 566 2973 n.
586 2947 646 2974 22.
666 2937 782 2974 Anno
804 2943 936 2974 autem
957 2937 1047 2983 1583
1064 2943 1189 2974 totum
1207 2939 1395 2986 templum
1419 2937 1656 2984 completum
1679 2934 1768 2971 fuit.
1791 2933 1894 2970 Vide

258 2995 464 3042 epistolam
482 2996 620 3032 Palmii
638 2997 686 3033 ad
708 2997 944 3034 cardinalem
967 2997 1210 3040 Farnesium,
1227 3009 1304 3046 qua
1321 2997 1378 3034 illi
1394 2997 1443 3033 de
1462 3001 1569 3032 tanto
1586 3005 1704 3042 opere
1725 2995 1896 3040 gratula-

259 3058 339 3100 tur,
368 3054 471 3101 apud
499 3055 667 3091 TACCHI
696 3055 906 3100 VENTURI,
931 3055 983 3092 Le
1006 3067 1093 3092 case
1115 3056 1262 3093 abitate
1291 3057 1336 3093 in
1359 3057 1490 3092 Roma
1513 3056 1568 3090 da
1593 3054 1634 3090 S.
1662 3053 1829 3102 Ignazio
1852 3053 1898 3088 di

262 3111 420 3159 Loiola,
437 3114 604 3161 append.
623 3114 712 3150 XII.
