2228 3548
406 333 476 378 756
985 330 1123 366 Episr.
1151 329 1196 365 P.
1224 329 1376 365 NADAL

360 431 505 483 tersit,
531 437 577 474 et
599 430 765 474 deinde
787 429 982 486 collegia
1003 436 1158 473 nostra
1186 429 1362 482 uisitet,
1388 428 1608 482 mittatur,
1633 428 1841 474 omittere
1867 429 1992 474 nolui

355 491 465 546 quin
487 492 572 533 hac
596 488 834 532 occasione
856 503 936 544 per
958 503 1081 533 meas
1102 489 1277 532 litteras
1303 490 1362 532 D.
1387 489 1441 532 V.
1467 488 1726 541 salutarem,
1753 487 1991 545 eidemque

354 549 658 606 significarem
681 548 802 603 quod
823 555 1017 604 uterque
1035 547 1174 600 filius,
1198 550 1299 592 Deo
1317 547 1532 604 propitio„
1556 548 1705 600 ualet,
1730 553 1776 591 et
1803 547 1919 591 bene
1939 562 1989 592 se

353 608 399 651 in
437 607 631 664 collegio
662 607 925 663 germanico
963 606 1097 664 gerit.
1127 581 1318 652 D'eferre
1349 614 1501 650 autem
1538 608 1596 651 D.
1628 607 1685 650 V.
1717 606 1987 662 obsequium

352 675 574 719 nostrum,
600 674 679 710 aut
701 666 902 709 studium
930 666 1209 723 significare,
1235 680 1326 722 quo
1355 667 1560 711 eamdem
1588 680 1691 710 cum
1722 672 1816 709 tota
1843 680 1985 723 gene—

350 741 453 770 rosa
475 700 642 769 familia
671 725 1002 793 prosequimur,
1042 726 1347 770 necessarium
1376 740 1468 770 non
1495 714 1720 778 existimo,
1746 736 1850 768 cum
1881 740 1985 782 per-

351 792 557 841 spectum
579 785 625 827 id
647 784 705 828 sit
726 787 784 829 D.
812 785 889 838 V.,
914 799 1049 841 quarn
1072 799 1232 841 precor
1261 792 1311 829 ut
1338 785 1531 842 inceptis
1552 792 1738 829 sanctae
1753 783 1985 829 charitatis

351 844 564 900 operibus
586 851 632 887 et
654 844 701 887 in
723 844 938 901 peculiari
967 844 1268 889 beneficentia
1294 859 1406 901 erga
1433 851 1612 888 nostros
1641 843 1873 901 persistat,
1897 858 1983 889 nec

348 904 506 946 dubito
529 904 651 960 quod
671 917 776 947 curn
798 904 884 948 Dei
902 904 1068 947 auxilio
1090 904 1148 947 sit
1165 919 1342 961 semper
1366 905 1551 948 factura.
1569 905 1701 960 Rogo
1722 910 1875 947 autem
1897 904 1985 948 Dei

348 963 614 1017 bonitatem,
634 970 684 1007 ut
697 963 871 1020 gratiae
885 978 995 1008 suae
1012 964 1133 1007 dona
1147 964 1265 1008 1nD
1279 965 1336 1008 V.
1354 962 1488 1007 Simul
1502 977 1607 1007 cum
1626 962 1746 1006 Illtri.
1763 963 1817 1006 D.
1837 962 1985 1007 Geor*

346 1021 424 1079 gio
446 1029 492 1067 et
515 1022 730 1066 uniuersa
750 1023 886 1066 domo
902 1037 985 1066 sua
1002 1037 1274 1069 conseruare
1291 1030 1336 1083 et
1353 1037 1524 1080 augere
1540 1021 1770 1079 dignetur.
1791 1023 1980 1076 Romae,

347 1093 373 1135 7
395 1081 630 1125 Februarii
659 1083 786 1137 1566.

1145 1178 1187 1222 V

640 1253 881 1301 JOANNES
908 1253 1239 1291 FRANCISCUS
1272 1252 1682 1291 COMMENDONUS

923 1339 1172 1370 GULIELMO
1198 1339 1401 1370 SIRLETO

818 1409 1083 1465 Augustae,
1108 1423 1136 1466 9
1159 1407 1309 1452 Martii
1336 1408 1449 1463 1566
1471 1409 1499 1451 ¹.

891 1485 951 1520 De
970 1488 1166 1521 con-ventu
1184 1487 1433 1532 augustano.

508 1557 570 1599 ho
592 1557 767 1599 hauuto
789 1556 905 1600 hieri
927 1557 1001 1599 dal
1024 1558 1076 1599 P.
1103 1557 1266 1601 Natale
1287 1557 1330 1599 la
1352 1571 1435 1599 sua
1456 1555 1503 1599 di
1540 1570 1568 1600 v
1601 1556 1673 1600 del
1695 1561 1894 1612 passato,
1919 1556 1977 1600 ne

339 1630 418 1672 per
440 1615 635 1671 risposta
656 1617 716 1658 ho
738 1615 795 1658 da
817 1615 917 1658 dirli
940 1617 1054 1659 altro
1076 1631 1125 1659 se
1147 1630 1241 1658 non
1263 1616 1505 1672 pregharlo
1528 1630 1554 1658 a
1576 1615 1751 1659 basciar
1773 1615 1820 1659 in
1842 1630 1977 1660 nome

337 1674 428 1717 mio
449 1675 463 1717 i
486 1675 631 1718 sancti
653 1674 773 1731 piedi
795 1675 840 1717 di
863 1677 957 1719 Sua
980 1674 1287 1727 Beatitudine‚
1314 1690 1339 1719 6
1363 1690 1389 1718 a
1410 1674 1610 1731 supplire
1638 1675 1770 1728 costi,
1796 1675 1976 1719 douela

339 1734 522 1787 uedera‚
548 1736 633 1777 che
656 1733 732 1790 qui
754 1734 797 1777 io
820 1749 995 1787 manco,
1022 1735 1187 1790 perche
1210 1748 1301 1777 non
1323 1733 1384 1777 mi
1406 1735 1660 1777 mancando
1687 1735 1746 1778 ne
1769 1734 1970 1787 uolonta,

337 1795 395 1837 ne
426 1793 676 1848 diligentia‚
707 1808 780 1836 ma
808 1795 904 1836 solo
937 1795 1084 1849 quelle
1115 1793 1364 1837 conditioni
1395 1795 1481 1838 che
1516 1808 1630 1837 sono
1667 1792 1887 1850 singulari
1924 1793 1971 1836 in

337 1854 394 1896 V.
423 1854 469 1897 S.
493 1831 654 1906 Illma.,
679 1853 1046 1896 confessandoli
1036 1868 1079 1896 10
1104 1852 1357 1905 uolentieri,
1383 1852 1558 1896 ardisco
1580 1852 1626 1895 di
1648 1867 1811 1909 pregar
1832 1851 1891 1897 lei
1913 1853 1971 1895 ad

336 1911 483 1955 aiutar
504 1912 536 1954 il
557 1920 767 1968 presente
788 1912 989 1968 negotio.
1014 1913 1145 1956 Delle
1166 1913 1298 1967 quale
1320 1926 1370 1954 so
1391 1913 1479 1955 che
1500 1913 1557 1955 V.
1584 1912 1632 1956 S.
1653 1912 1789 1955 Illma.
1815 1926 1840 1954 e
1857 1925 1967 1954 con-

338 1971 648 2015 tinouamente
669 1971 922 2023 informata,
949 1970 1053 2014 ond'
1076 1971 1119 2014 io
1141 1986 1232 2014 non
1253 1970 1421 2027 replico
1443 1971 1556 2014 altro
1586 1977 1632 2014 et
1663 1971 1706 2015 le
1734 1970 1891 2014 bascio
1924 1971 1967 2014 le

336 2030 492 2074 mani..
522 2032 620 2074 .’D
645 2031 882 2087 Augusta,
914 2031 988 2074 alli
1016 2045 1067 2075 1x
1095 2030 1142 2074 di
1166 2033 1325 2075 Marzo
1353 2031 1478 2085 1566.
1505 2029 1644 2074 DiV.
1670 2031 1716 2075 S.
1745 2031 1892 2076 Illma.
1921 2037 1967 2074 et

335 2091 464 2133 Rma.
492 2089 789 2133 humilissimo
812 2086 1045 2143 servitore,

1118 2163 1165 2193 IL
1188 2163 1328 2193 CARD.
1355 2149 1723 2195 COMMENDONO.

1123 2262 1186 2305 VI

749 2342 1121 2388 MARQUARDUS
1149 2343 1218 2378 AB
1244 2342 1548 2379 HATTSTEIN

933 2425 1140 2461 episcopus
1167 2425 1355 2461 splrens1s

844 2499 1081 2530 MAURITIO
1114 2500 1447 2531 UMBELMANNO

759 2573 966 2630 Spirae,
1014 2576 1065 2618 16
1097 2575 1301 2631 Aprilis
1339 2575 1469 2630 1566
1491 2575 1524 2618 ².

493 2664 652 2700 Laudat
671 2662 877 2699 Societatis
898 2663 1153 2699 institutum:
1170 2664 1218 2699 de
1231 2663 1397 2710 collegio
1414 2663 1607 2711 erigendo
1625 2663 1790 2710 cogitat.

415 2742 558 2798 Copia
584 2741 835 2793 literarum,
862 2755 973 2795 quas
1001 2743 1159 2785 Rmus
1200 2740 1440 2798 episcopus
1475 2739 1689 2797 spirensis
1719 2740 1844 2784 dedit
1871 2741 1956 2785 do-

324 2878 406 2914 seli
422 2877 584 2914 diedero
597 2878 634 2914 le
649 2876 797 2925 patenti
815 2877 1035 2913 necessarie
1050 2879 1085 2913 al
1101 2877 1260 2924 viaggio
1278 2882 1318 2912 et
1336 2876 1453 2912 uisita
1470 2876 1732 2925 d'Alemagna
1749 2877 1953 2925 superiore

570 2949 594 2972 Λ

322 2941 363 2971 et
381 2936 755 3043 lpfegfflasscbetypo,
773 2993 813 3029 in
830 2993 915 3029 cod.
932 2994 1094 3031 Bibliot.
1112 2994 1239 3030 Vatic.
1256 2995 1338 3036 lat„
1352 2993 1460 3040 6189.
1481 2994 1574 3030 Pars
1589 2995 1641 3040 ΙΙ,
1656 2993 1722 3031 fol.
1743 2994 1827 3040 305.
1847 2994 1950 3031 Vide

317 3065 410 3135 pagi
435 3059 744 3160 2113521s>ce>giiapho
766 3122 924 3157 coaevo,
953 3112 1114 3148 Romam
1139 3112 1273 3157 misso,
1299 3111 1339 3148 in
1366 3111 1461 3148 Cod.
1487 3121 1552 3158 42,
1578 3111 1618 3148 in
1639 3117 1776 3160 quarta
1801 3111 1945 3160 pagina
