2228 3548
866 239 913 278 25
938 231 1039 279 Μᾼῃ
1065 231 1157 278 1566
1711 242 1779 280 149

195 347 276 391 per
305 333 336 377 l'
365 333 552 381 auenire
581 333 619 378 si
650 335 839 380 faranno
869 335 1007 380 molte
1038 335 1246 391 orationi,
1270 343 1317 382 et
1343 336 1382 381 si
1408 338 1579 383 hauera
1608 336 1825 382 memoria

194 411 297 457 nele
317 425 464 457 messe
483 418 572 456 etc.
597 413 668 458 De
694 413 736 456 le
766 427 872 458 cose
896 413 954 458 de
972 413 1016 458 13
1037 413 1158 460 dieta
1185 414 1224 458 si
1245 415 1271 459 ὁ
1291 414 1451 460 scritto
1473 421 1570 459 otto
1590 414 1637 459 di
1660 415 1721 470 fa,
1744 429 1826 473 per

195 504 331 534 mano
347 489 434 534 del'
454 489 659 534 auditore
678 490 689 512 ¹
708 490 796 535 del’
815 491 957 535 Illrno.
978 491 1178 537 cardinal
1193 492 1365 550 legato,
1384 499 1430 538 et
1446 493 1556 550 pero
1577 507 1670 537 non
1692 506 1824 537 acca-

196 567 304 613 dera
325 567 394 611 dir
415 567 546 630 altr0,
570 583 620 613 se
640 583 734 612 non
755 570 840 614 che
855 584 964 627 pare
979 569 1096 615 bene
1112 569 1298 614 intenda
1317 571 1348 614 l’
1367 570 1636 628 imperatore
1652 570 1683 614 il
1699 571 1824 615 buon

194 645 346 690 officio
367 647 452 690 che
474 659 564 703 qua
584 647 624 690 s’
646 647 671 690 ἐ
695 646 807 691 satto
829 662 1042 705 appresso
1063 663 1090 692 a
1111 649 1205 694 Sua
1221 648 1399 694 Santita
1414 648 1593 694 intorno
1608 649 1651 693 al
1677 663 1822 706 nego-

193 723 281 778 cio,
304 724 378 781 pel
399 723 532 781 quale
554 738 703 769 uenne
725 725 850 770 detto
881 725 1109 780 auditore,
1133 726 1299 783 perche
1321 726 1457 772 credo
1478 741 1505 770 a
1525 726 1591 770 lui
1618 727 1726 770 dara
1747 741 1823 770 sa-

192 801 442 846 tisfattione
460 808 505 847 et
522 802 825 858 edificatione,
844 810 891 848 et
907 810 1035 848 tanto
1056 803 1236 862 miglior
1257 810 1478 862 concepto
1498 810 1544 848 et
1560 794 1712 848 animo
1729 810 1816 849 etc.

190 893 324 925 uerso
345 880 389 925 le
409 894 517 924 cose
538 886 691 925 nostre
713 895 739 925 a
761 881 908 938 gloria
929 881 975 925 di
997 881 1085 926 Dio
1108 883 1136 926 ³.

277 970 320 1002 2.
386 957 518 1003 Circa
538 957 570 1001 il
596 957 858 1015 rispondere
885 959 927 1003 al
954 959 1169 1004 Kennitio
1189 966 1211 988 ³
1237 966 1282 1004 et
1312 959 1413 1003 altri
1441 958 1652 1013 heretici,
1676 973 1819 1016 penso

188 1035 236 1080 in
256 1037 398 1082 breue
415 1042 599 1081 trattare
615 1050 702 1080 con
718 1037 813 1082 Sua
829 1036 1022 1090 Santita,
1046 1052 1126 1095 per
1142 1037 1376 1082 intendere
1393 1037 1436 1081 13
1451 1043 1604 1082 mente
1626 1037 1671 1080 di
1689 1037 1820 1094 quel-

189 1115 248 1168 1a3
273 1121 319 1158 et
342 1120 469 1158 tanto
491 1128 578 1158 con
599 1113 809 1172 maggior
829 1114 998 1158 sicurta
1024 1116 1270 1172 procedere
1290 1114 1338 1158 in
1365 1121 1525 1171 questa
1555 1120 1709 1172 parte,
1735 1116 1817 1159 ha-

190 1192 340 1237 uendo
362 1192 508 1236 inteso
529 1191 561 1235 il
581 1206 739 1249 parere
759 1198 805 1236 et
827 1193 1010 1237 volonta
1031 1207 1128 1237 sua.

279 1283 321 1326 3.
385 1271 420 1314 Il
443 1272 495 1314 P.
517 1271 732 1327 Vanegas
747 1269 814 1314 sia
835 1270 924 1316 ben
940 1277 1135 1317 uenuto.
1161 1271 1299 1316 Potra
1321 1269 1477 1316 uenire
1499 1270 1570 1314 col
1593 1271 1646 1314 P.
1671 1270 1819 1316 Lede-

189 1362 286 1392 sma
306 1347 354 1391 in
375 1347 522 1402 Italia;
548 1362 620 1391 ma
641 1348 807 1404 perche
828 1347 955 1393 detto
987 1350 1039 1393 P.
1066 1348 1288 1394 Ledesma
1308 1347 1347 1392 si
1370 1348 1559 1393 fermera
1580 1347 1627 1392 in
1650 1347 1820 1393 Milano

188 1428 335 1483 quest'
360 1426 516 1471 estade
535 1425 556 1453 ι’
574 1459 584 1479 ,
608 1425 654 1468 di
675 1426 718 1469 13
738 1428 868 1483 potra
889 1426 952 1470 lui
975 1426 1131 1472 uenire
1153 1442 1180 1470 a
1196 1428 1355 1481 Roma,
1375 1433 1420 1472 et
1438 1426 1558 1470 forsa
1574 1427 1755 1470 trouera
1772 1426 1819 1470 in

184 1503 392 1562 procinto
419 1503 464 1547 di
491 1502 669 1561 partirsi
699 1518 780 1561 per
806 1504 937 1550 uenir
968 1519 1058 1562 qua
1085 1505 1128 1548 al
1156 1506 1209 1549 Ρ.
1242 1505 1495 1550 Benedetto
1523 1502 1715 1557 Palmio,
1745 1504 1817 1548 col

185 1582 319 1639 quale
339 1581 378 1626 si
393 1583 523 1640 potra
543 1583 890 1639 aceompagnar'
907 1583 987 1627 fin'
1006 1598 1033 1626 a
1049 1584 1207 1627 Roma.
1228 1583 1332 1627 Non
1348 1582 1387 1626 si
1403 1581 1553 1627 scriue
1569 1596 1596 1626 a
1613 1595 1814 1627 nessuno

185 1661 243 1706 de
258 1659 290 1704 li
305 1660 411 1713 due,
431 1674 511 1717 per
526 1673 715 1716 pensare
731 1661 817 1705 che
838 1660 914 1718 gia
936 1675 1067 1705 saran
1089 1660 1239 1718 partiti
1255 1660 1438 1717 quando
1454 1666 1615 1717 questa
1637 1659 1810 1705 arriue-

186 1739 249 1782 ra.
276 1738 473 1794 Quando
488 1751 574 1795 pur
597 1752 687 1782 non
711 1738 832 1782 fusse
848 1738 959 1793 cosi,
979 1740 1036 1783 V.
1058 1740 1112 1782 R.
1133 1738 1232 1782 dica
1249 1738 1292 1782 al
1310 1739 1362 1782 P.
1384 1738 1622 1791 Ledesma,
1643 1738 1744 1791 che,
1764 1751 1813 1781 se

188 1814 320 1860 uiene
335 1830 416 1873 per
437 1816 609 1860 Trento
631 1822 677 1859 et
701 1816 869 1868 Padoa‚
890 1815 1010 1859 uisiti
1033 1815 1170 1872 quelli
1191 1815 1370 1873 collegij
1395 1815 1452 1860 de
1475 1816 1629 1860 Padoa
1650 1822 1696 1860 et
1717 1816 1813 1860 Ve-

185 1893 322 1947 netia,
347 1893 489 1951 prima
510 1893 555 1936 d’
579 1893 747 1938 andare
774 1909 800 1937 a
829 1893 1015 1938 Milano.
1041 1894 1102 1938 Se
1128 1892 1319 1950 pigliara
1339 1893 1383 1937 la
1404 1892 1479 1936 uia
1507 1892 1585 1950 pisi
1612 1898 1739 1937 corta
1766 1892 1809 1937 d’

185 1971 353 2015 andare
374 1986 399 2015 a
421 1971 606 2025 Milano‚
623 1972 741 2015 uada
762 1986 891 2028 pure;
908 1978 954 2015 et
975 1970 1172 2015 secondo
1185 1972 1271 2016 che
1286 1971 1532 2015 haueremo
1547 1970 1675 2015 auiso
1689 1970 1746 2014 de
1767 1970 1811 2015 la

182 2050 334 2093 strada
355 2050 439 2093 che
460 2048 616 2106 piglia,
641 2063 691 2092 se
711 2048 743 2092 li
763 2050 896 2106 potra
916 2049 1130 2094 mandare
1149 2048 1194 2092 la
1215 2048 1356 2093 forma
1375 2048 1433 2093 de
1454 2048 1498 2092 13
1518 2047 1651 2093 visita
1673 2063 1699 2092 3
1720 2047 1809 2094 Mi-

184 2127 304 2181 lano,
329 2141 356 2170 o
378 2140 488 2171 uero
508 2141 535 2170 a
558 2128 735 2170 Parma.

271 2216 314 2260 4.
380 2205 566 2260 Quanto
596 2218 623 2247 a
657 2203 700 2247 la
730 2217 922 2260 persona
950 2203 1007 2247 de
1034 2204 1092 2248 V.
1123 2204 1180 2249 R.
1203 2202 1384 2248 intorno
1405 2218 1431 2247 a
1457 2203 1488 2246 l’
1513 2203 1678 2248 andata
1709 2218 1735 2248 a
1765 2203 1809 2248 13

185 2282 370 2326 fontana
390 2281 436 2325 di
456 2280 631 2338 Megia,
646 2295 674 2324 o
697 2295 806 2326 uero
827 2281 968 2338 prima
984 2281 1168 2325 uisitare
1181 2281 1226 2325 13
1241 2281 1476 2339 prouincia
1492 2281 1539 2324 d'
1558 2280 1745 2325 Austria
1760 2280 1807 2324 in

185 2360 314 2404 fuora
334 2359 380 2403 di
402 2358 612 2413 Polonia,
641 2359 703 2403 mi
731 2359 911 2403 rimetto
948 2374 975 2403 a
1010 2360 1159 2416 quello
1195 2360 1281 2404 che
1311 2359 1389 2417 gia
1418 2361 1478 2403 ho
1510 2358 1667 2403 scritto
1696 2359 1808 2403 altre

185 2437 323 2492 uolte3
347 2436 421 2482 cui
443 2452 616 2481 somma
637 2437 662 2481 e
684 2437 947 2482 rimettermi
967 2437 1260 2483 liberamente
1280 2453 1306 2482 a
1319 2438 1374 2482 V.
1391 2439 1466 2492 R.‚
1486 2435 1808 2480 inclinandomi

185 2530 212 2559 3
233 2514 303 2559 cio
324 2516 409 2559 che
428 2515 487 2559 lei
509 2514 742 2573 giudicara
763 2529 914 2560 essere
935 2530 962 2559 a
981 2514 1059 2572 pin
1079 2529 1163 2559 sua
1182 2515 1327 2559 sanita
1348 2522 1394 2559 et
1414 2513 1736 2567 consolatione3
1761 2519 1807 2558 et

184 2606 313 2636 corne
334 2592 372 2636 si
394 2592 562 2650 uogHa,
588 2592 648 2636 mi
669 2607 777 2649 pare
793 2592 925 2637 debia
945 2592 1151 2650 pigliare‚
1169 2593 1431 2650 qualunque
1447 2592 1582 2636 fatiea
1597 2589 1802 2648 pigliara‚

182 2684 269 2714 con
290 2670 578 2724 commodita,
603 2677 648 2715 et
669 2669 1014 2715 contentandosi
1035 2669 1081 2712 di
1103 2670 1169 2714 far
1189 2670 1294 2727 quel
1315 2672 1399 2715 che
1415 2669 1507 2727 puo
1523 2670 1806 2713 buonarnen-

182 2753 240 2800 te,
262 2761 354 2791 non
374 2747 412 2791 si
434 2748 635 2792 curando
655 2747 733 2806 pisi
754 2749 839 2793 che
861 2753 988 2791 tanto
1011 2747 1085 2792 del
1105 2753 1242 2792 resto.

249 2867 270 2888 a
309 2860 387 2907 Sic,
407 2871 476 2908 pro
495 2859 804 2898 emmunim-b
830 2860 910 2907 Sic,
925 2871 994 2908 pro
1010 2863 1147 2908 estate,
1163 2859 1227 2897 hic
1244 2865 1284 2897 et
1297 2860 1415 2898 infra.

254 2950 266 2970 ¹
317 2951 486 2996 Joannes
505 2950 682 2987 Andreas
699 2950 888 2998 Caligari.

253 3008 268 3028 ³
316 3010 428 3055 Quae
451 3022 473 3045 a
495 3010 637 3057 Borgia
660 3016 700 3047 et
723 3011 889 3047 Polanco
912 3009 952 3046 in
974 3010 1047 3046 hoc
1068 3009 1180 3057 gravi
1206 3010 1364 3057 negotio
1391 3009 1496 3046 felici
1521 3013 1668 3046 eventu
1693 3013 1807 3056 gesta

185 3073 290 3115 sunt,
309 3067 428 3105 tacuit
446 3068 671 3114 Sacchinus3
691 3069 761 3106 sed
777 3069 862 3119 ipse
878 3069 1020 3119 Borgia
1036 3074 1189 3106 enarrat
1205 3069 1245 3111 in
1261 3069 1381 3118 epist.
1398 3068 1468 3127 377
1486 3074 1527 3106 et
1545 3067 1636 3127 394.
