2228 3548
956 284 1003 321 28
1027 284 1130 328 MAJr
1158 285 1251 331 1576
1805 297 1878 336 717

278 387 481 432 uinciam
503 394 784 445 procurator.
810 388 984 433 Verum
1000 394 1241 445 postquam
1258 402 1363 434 meo
1384 388 1552 433 iudicio
1567 389 1772 446 permisit
1788 393 1840 436 P.
1863 392 1922 436 T.

280 465 543 520 editionem,
569 464 824 510 existimaui
846 478 983 522 opere
1003 463 1199 521 pretium
1223 465 1342 519 fore,
1367 465 1406 509 si
1427 467 1551 523 quod
1577 481 1666 524 ego
1693 467 1741 510 in
1771 468 1927 512 animo

281 543 430 588 habeo
452 542 510 587 sit
532 543 612 586 tibi
634 543 930 600 exploratum.
956 542 1111 586 Primo
1130 542 1271 600 igitur
1285 544 1388 587 loco
1408 559 1502 587 non
1518 558 1685 588 censeo
1701 559 1803 590 esse
1822 545 1927 591 illas

283 635 408 664 meas
430 620 779 678 imaginationes
799 619 1113 677 publicandas,
1138 620 1219 664 sed
1240 620 1474 665 habendas
1490 635 1572 678 pro
1588 621 1785 679 scriptis,
1806 637 1922 679 qua-

282 697 342 742 lia
372 698 515 741 multa
545 699 692 742 solent
728 697 886 742 haberi
922 697 970 740 in
1007 697 1251 742 Societate.
1284 698 1424 754 Quod
1453 698 1493 742 si
1521 700 1704 744 tandem
1725 699 1818 743 sint
1846 699 1925 744 illa

283 776 480 828 edenda,
506 775 569 818 ita
595 776 745 819 danda
771 774 923 819 omnia
951 774 1200 827 Harlemio,
1224 782 1271 819 et
1298 775 1464 831 quibus
1485 775 1582 832 ipse
1610 776 1720 820 velit
1748 777 1919 822 exami-

280 854 446 905 nanda,
470 859 520 896 vt
547 853 659 896 nihil
686 867 789 897 meo
817 851 985 895 iudicio
1013 851 1311 907 relinquatur,
1336 851 1435 896 siue
1457 851 1780 909 supprimenda
1806 853 1917 907 sint,

277 930 377 975 siue
399 930 699 984 emendanda,
723 937 774 973 vt
794 929 929 986 plane
950 928 1062 972 nihil
1084 927 1318 972 incumbat
1338 928 1384 972 in
1402 944 1490 983 me;
1510 930 1698 986 perinde
1720 937 1858 986 atque
1879 931 1919 975 si

276 1007 388 1050 nihil
416 1007 594 1051 illorum
629 1022 781 1052 meum
811 1006 1215 1062 fuisservnquam.
1247 1007 1339 1051 Sed
1369 1008 1482 1051 haec
1506 1009 1743 1052 hactenus.
1781 1009 1920 1052 Plura

278 1085 482 1128 fortassis
504 1099 639 1140 quam
662 1091 768 1128 tuae
788 1082 1112 1141 occupationes
1129 1083 1290 1129 ferant.
1310 1083 1523 1127 Christus
1539 1086 1675 1142 Jesus
1693 1084 1921 1129 Dominus

279 1170 325 1206 et
346 1164 472 1206 Deus
492 1169 665 1217 noster,
690 1169 843 1206 seruet
871 1160 1002 1204 nobis
1029 1160 1305 1204 incolumem
1329 1161 1659 1206 Paternitatem
1684 1163 1829 1206 Tuam
1861 1164 1921 1206 ad

281 1239 496 1284 maiorem
519 1238 709 1296 gloriam
726 1237 921 1282 nominis
937 1237 1023 1282 sui.
1045 1236 1196 1294 Cupio
1211 1244 1232 1265 ⁸
1252 1251 1310 1281 ex
1325 1237 1463 1282 corde
1480 1238 1570 1282 tuis
1586 1238 1735 1283 missis
1752 1245 1797 1283 et
1815 1254 1914 1283 ora—

283 1316 483 1360 tionibus
505 1330 605 1360 esse
631 1315 989 1368 commendatus,
1017 1317 1169 1367 Pater,
1201 1322 1247 1360 et
1269 1316 1323 1358 P.
1349 1314 1659 1360 assistentium
1686 1323 1732 1359 et
1764 1318 1816 1360 P.
1842 1331 1920 1362 se-

280 1393 476 1437 cretarii.
503 1394 664 1446 Halae,
694 1405 747 1437 10
769 1391 876 1436 Maii
904 1393 1031 1447 1576.
1058 1393 1111 1436 T.
1140 1393 1193 1436 P.
1220 1391 1345 1436 R.‹¹·e
1366 1405 1530 1435 seruus
1551 1392 1598 1435 in
1620 1394 1715 1445 X.⁰,

1313 1476 1344 1533 †
1376 1476 1610 1521 NATAL1s.
1648 1477 1678 1534 †

368 1627 614 1683 Inscriptio
642 1626 692 1668 in
722 1628 889 1681 quarta
909 1625 1093 1681 pagina
1109 1638 1124 1666 .·
1150 1624 1181 1681 †
1203 1623 1464 1668 Admodum
1499 1624 1612 1668 Rdo.
1639 1624 1684 1667 in
1723 1625 1916 1670 Christo

280 1702 406 1746 Patri
429 1704 491 1746 N.
520 1705 572 1746 P.
595 1702 828 1747 Euerardo
850 1700 1153 1754 Mercuriano,
1174 1700 1431 1758 praeposito
1447 1701 1650 1758 generali
1673 1702 1919 1746 Societatis

273 1781 402 1838 Jesu.
422 1782 607 1823 Romae.
629 1780 737 1823 Alia
754 1793 913 1822 manu:
935 1778 1063 1833 1576.
1083 1778 1244 1822 Halae.
1267 1779 1318 1822 P.
1336 1778 1526 1823 Natalis.
1548 1791 1599 1823 10
1616 1779 1738 1823 Maii.
1761 1781 1817 1823 Y.
1838 1780 1916 1823 Si-

274 1858 384 1915 gilli
403 1858 666 1915 vestigium.

1032 1984 1160 2025 599

717 2073 769 2114 P.
806 2070 1219 2115 HIERONYMUS
1251 2070 1470 2114 NADAL

600 2159 785 2196 PATR1
819 2156 1151 2196 EVERARDO
1186 2158 1592 2197 MERCURIANO

849 2243 1008 2282 HALAE,
1026 2235 1072 2270 28
1089 2243 1181 2279 MAJI
1202 2236 1293 2282 1576
1312 2238 1339 2272 ¹.

558 2314 618 2350 Ab
634 2313 884 2361 imaginibus
900 2313 1063 2348 edendis
1080 2312 1266 2348 animum
1283 2324 1323 2350 se
1340 2313 1524 2361 abjecisse
1542 2314 1619 2349 ait.

367 2398 397 2454 ἦ·
439 2398 568 2455 Jhus.
595 2398 857 2441 Admodum
879 2397 993 2440 Rde.
1018 2395 1065 2439 in
1087 2396 1270 2440 Christo
1293 2399 1443 2442 Pater.
1472 2400 1566 2441 Pax
1589 2397 1773 2440 Christi.
1802 2399 1906 2442 Non

278 2474 344 2519 fui
362 2474 612 2530 scripturus
628 2475 717 2517 hoc
732 2487 904 2527 mense3
924 2472 1084 2529 scripsi
1100 2473 1220 2518 enim
1237 2488 1318 2531 per
1332 2482 1686 2531 procuratorem.
1706 2476 1798 2519 Sed
1814 2476 1907 2519 duo

276 2552 417 2596 verba
438 2551 602 2602 dicam,
628 2549 756 2606 quasi
773 2549 1080 2607 paraphrasim
1108 2550 1392 2607 superiorum
1420 2551 1664 2595 literarum.
1692 2551 1907 2608 Intelligo

275 2635 519 2672 venturum
542 2626 835 2670 visitatorem.
858 2626 926 2678 Ei,
952 2626 990 2669 si
1006 2626 1160 2680 libeat,
1184 2627 1350 2683 poterit
1370 2629 1478 2673 dare
1500 2628 1742 2685 negocium
1767 2630 1819 2671 P.
1847 2629 1901 2672 T.

273 2707 331 2748 de
359 2704 499 2748 socio.
527 2705 644 2748 Nam
674 2703 711 2747 si
738 2703 801 2746 ita
828 2710 1092 2760 perseuerat
1119 2718 1247 2748 meae
1274 2705 1547 2750 valetudinis
1570 2705 1823 2759 infirmitas,
1855 2712 1909 2748 vt

271 2784 496 2826 hactenus
518 2781 605 2824 iam
627 2779 782 2823 multis
803 2779 979 2833 diebus,
1005 2779 1128 2824 socio
1149 2795 1242 2824 non
1263 2782 1426 2839 egebo.
1447 2781 1527 2827 Sin
1550 2782 1712 2826 melius
1734 2783 1902 2838 habeo,

269 2859 317 2901 id
338 2857 515 2902 curabit
536 2857 760 2910 visitator,
786 2857 1048 2914 praesertim
1070 2858 1257 2903 munitis
1279 2859 1369 2904 tuis
1390 2859 1531 2903 literis
1553 2861 1612 2902 P.
1640 2860 1696 2902 ad
1718 2859 1908 2916 prouin-

343 3009 364 3030 ὃ
403 3011 424 3037 2
442 3002 562 3037 verba
579 3011 692 3048 seqq.
716 3011 832 3048 supra
849 3011 957 3036 vers.
980 2999 1130 3037 addidit
1147 3001 1201 3038 N.

348 3105 358 3125 ¹
409 3103 467 3138 Ex
486 3103 712 3149 archetypo,
730 3100 770 3138 in
788 3101 921 3149 Epist.
946 3101 1090 3139 Natat.
1102 3129 1112 3147 ,
1130 3103 1182 3148 11,
1200 3102 1347 3151 duplici
1363 3104 1453 3151 fol„
1475 3112 1542 3149 245
1560 3102 1675 3149 (173).
