2228 3548
419 248 485 284 128
929 246 1068 282 Emsr.
1096 243 1141 279 P.
1168 241 1442 289 Nixon-393

456 361 497 404 7.
561 349 648 393 Del
670 355 890 393 rettorato
911 347 985 392 del
1008 349 1061 390 P.
1088 345 1228 390 Paolo
1249 346 1280 401 ¹,
1304 351 1350 390 et
1371 346 1518 390 anche
1533 345 1607 391 del
1622 346 1838 391 mandare
1860 361 1888 390 o
1909 360 2002 390 non

366 427 577 470 mandare
606 425 651 469 in
679 424 871 469 Francia
898 424 927 467 il
957 426 1093 468 Mtro.
1124 421 1377 468 Domenico
1400 423 1433 475 ⁸,
1459 422 1602 467 faccia
1622 423 1666 467 13
1693 425 1748 468 R.
1781 425 1839 468 V.
1870 437 2000 469 come

365 503 530 560 meglio
550 502 581 545 li
602 505 775 559 patera.
803 501 974 546 Poiche
991 500 1042 543 in
1064 507 1222 556 questa
1246 499 1283 544 si
1299 501 1345 544 fa
1361 501 1506 544 anche
1523 499 1716 558 risposta
1733 501 1819 545 3116
1834 501 1997 546 1611616

365 581 437 625 del
456 583 508 623 P.
534 579 733 633 Canisio,
758 578 856 622 diro
879 580 964 622 che
985 577 1046 620 mi
1068 576 1243 634 pareria
1259 578 1349 622 ben
1367 577 1690 634 representassi
1711 577 1776 622 lui
1792 585 1937 622 stesso
1955 579 1998 622 al

366 657 563 700 cardinal
585 655 769 700 Amulio
791 656 896 711 quel
917 657 1004 700 che
1024 654 1087 698 mi
1107 654 1272 715 scriue,
1298 655 1356 700 de
1377 657 1462 699 6116
1484 654 1602 699 53113
1617 656 1736 700 bene
1751 670 1843 700 non
1864 655 1903 699 si
1924 655 1995 699 in—

367 733 700 779 tromettessino
721 732 751 775 11
772 732 918 776 nostri
939 732 986 775 in
1009 747 1113 776 cose
1134 731 1364 789 publiche,
1385 739 1431 778 et
1453 747 1502 776 se
1522 732 1568 776 di
1590 746 1679 788 qua
1700 732 1742 776 61
1759 733 1882 778 fusse
1903 732 1997 776 dis-

366 826 493 867 93161
515 812 572 856 (16
593 811 773 869 31611110,
793 810 929 855 616ᾱο
951 823 1126 853 53161110
1144 823 1310 854 ancora
1326 809 1402 853 noi
1416 809 1567 863 intesi,
1593 816 1640 855 et
1657 810 1827 853 faremo
1842 810 1872 852 l'
1895 810 1998 854 uffi-

365 888 434 932 610
456 890 541 932 6116
562 886 788 932 conuiene
810 888 842 930 ³.
868 887 955 931 Del
977 886 1162 944 negotio
1183 886 1289 931 delli
1311 886 1575 940 coloniensi,
1603 887 1844 932 uederemo
1866 886 1912 930 ui
1935 886 2002 931 sia

364 965 724 1009 raccomandato.
750 965 875 1010 Uero
890 965 916 1008 e
933 965 1017 1008 che
1034 979 1202 1021 pareua
1218 979 1244 1008 3
1261 964 1534 1021 Monsignor
1549 965 1775 1021 Gropero,
1801 971 1847 1008 et
1863 964 2000 1009 credo

365 1044 393 1086 l'
423 1045 483 1086 ha
504 1041 677 1095 scritto,
709 1043 794 1086 che
816 1041 1106 1085 mandassino
1133 1043 1303 1085 huomo
1323 1041 1510 1098 proprio
1536 1041 1583 1084 di
1611 1042 1761 1098 quella
1789 1041 1898 1086 61113
1918 1056 1999 1098 per

364 1119 546 1164 uisitare
578 1120 672 1164 Sua
701 1118 892 1164 Santita.
921 1119 1118 1175 Quando
1146 1134 1238 1163 non
1264 1119 1310 1163 lo
1337 1118 1576 1173 facessino,
1601 1134 1778 1164 saremo
1806 1119 1950 1176 parati
1971 1133 1998 1163 a

364 1198 431 1241 far
453 1196 498 1240 di
520 1211 608 1252 qua
630 1196 735 1252 quel
756 1197 842 1240 che
862 1198 1067 1253 potremo
1089 1197 1122 1240 ⁴.
1147 1197 1370 1253 Gaspam,
1396 1198 1480 1240 che
1507 1203 1639 1241 staua
1659 1196 1707 1240 in
1734 1195 1992 1250 Monachio,

366 1275 482 1318 uada
503 1274 549 1316 in
571 1275 694 1317 buon
713 1274 828 1317 hora
849 1288 876 1317 a
898 1274 965 1317 sar
986 1272 1000 1316 i
1024 1273 1123 1317 fatti
1145 1274 1261 1328 suoi;
1280 1281 1325 1317 et
1342 1273 1475 1317 simili
1491 1288 1698 1331 persone,
1718 1289 1847 1318 come
1864 1275 1890 1318 6
1906 1275 1995 1323 ben

366 1353 478 1394 fatto
506 1350 617 1394 darli
645 1349 852 1405 licencia,
882 1351 977 1394 cosi
1007 1352 1154 1395 anche
1189 1366 1298 1408 pare
1334 1350 1567 1408 spediente
1595 1367 1686 1396 non
1716 1351 1748 1395 li
1782 1353 1997 1396 mandare

366 1428 641 1484 exasperati,
673 1427 720 1470 in
752 1434 925 1483 quanto
962 1427 1000 1471 si
1037 1430 1190 1484 90113..
1216 1429 1303 1472 Del
1341 1430 1482 1475 Mtro.
1514 1429 1726 1473 Conrado
1749 1431 1763 1451 ⁵
1797 1429 1859 1472 mi
1890 1436 1999 1486 pare

366 1505 492 1548 siano
515 1505 655 1548 buoni
675 1504 707 1547 li
731 1504 872 1550 mezzi
894 1506 979 1548 che
1001 1519 1050 1550 se
1070 1505 1102 1548 li
1123 1507 1366 1551 haueuano
1389 1521 1415 1549 a
1435 1521 1705 1563 proponere,
1730 1513 1777 1550 et
1799 1512 1998 1563 aspetta-

367 1597 491 1627 remo
512 1582 751 1627 intendere
773 1583 878 1638 qual
900 1597 1055 1626 mezzo
1075 1584 1246 1627 11311613
1266 1582 1469 1640 pigliato.
1494 1584 1581 1627 Del
1601 1586 1651 1627 P.
1674 1584 1912 1638 Ledesma,
1932 1582 1993 1626 mi

440 1699 447 1717 ¹
499 1695 705 1731 Hoffaeus.
730 1695 830 1732 Vide
849 1695 969 1742 epist.
993 1694 1077 1742 357,
1095 1707 1135 1732 n.
1153 1705 1190 1742 43
1209 1694 1293 1743 359,
1311 1708 1356 1732 n.
1377 1696 1414 1741 63
1434 1695 1518 1741 362,
1538 1708 1580 1732 n.
1605 1706 1640 1742 53
1661 1701 1702 1732 et
1718 1694 1801 1742 391.

435 1757 448 1776 ‘2
500 1754 727 1800 Menginus.

434 1814 448 1833 ³
498 1813 677 1850 Canisius
707 1814 887 1860 Borgiae,
919 1813 965 1849 23
990 1814 1118 1850 Martii
1145 1814 1248 1860 1566,
1271 1815 1368 1852 haec
1391 1814 1494 1851 inter
1521 1815 1596 1851 alia
1625 1814 1815 1851 retulitt..
1831 1840 1840 1850 .
1872 1814 1997 1861 «Eget

364 1873 465 1908 seria
490 1873 817 1920 consideratione,
842 1885 890 1909 an
916 1873 1125 1910 conueniat
1150 1874 1309 1922 nostris,
1328 1881 1371 1911 ut
1388 1886 1411 1910 a
1427 1874 1611 1922 pontifice
1631 1874 1745 1910 modo
1769 1873 1809 1910 in
1834 1874 1993 1910 Germa-

365 1932 468 1968 niam
483 1932 647 1977 extrusi,
662 1933 764 1969 sieut
781 1944 802 1968 a
817 1945 879 1968 me
893 1932 1051 1981 factum,
1068 1938 1142 1979 est,
1158 1933 1302 1982 passim
1315 1934 1581 1970 obambulent.
1597 1933 1687 1970 Seio
1701 1933 1876 1982 pontifici
1892 1945 1914 1969 a
1932 1945 1997 1969 no—

364 1991 424 2027 bis
443 2003 592 2026 summa
614 1991 764 2028 deberi:
790 1991 860 2028 sed
885 1992 979 2028 nihil
1005 1992 1121 2029 uideo
1138 1993 1241 2041 quod
1263 1993 1501 2030 Societatem
1518 1988 1691 2029 nostram
1714 2005 1870 2029 omnem
1892 1992 1995 2040 apud

361 2061 567 2096 germanos
592 2051 755 2087 infamet
785 2062 829 2087 36
854 2053 1037 2088 obscuret
1061 2053 1201 2100 magis,
1219 2052 1311 2089 dum
1329 2054 1531 2095 habemur,
1551 2053 1600 2088 ab
1630 2052 1834 2089 catholicis
1861 2051 1996 2100 etiarn,

363 2110 640 2156 exploratores,
659 2115 699 2145 61
718 2115 897 2157 putamur
914 2112 1033 2148 rebus
1050 2112 1217 2159 publicis
1235 2123 1306 2148 nos
1325 2112 1560 2154 immiscere,
1580 2117 1620 2147 et
1637 2123 1737 2159 quae
1755 2117 1846 2148 sunt
1869 2111 1996 2148 humi-

362 2168 481 2204 litatis
496 2174 651 2204 nostrae
665 2168 831 2216 propria,
844 2170 1057 2216 posteriore
1071 2171 1216 2207 habere
1230 2171 1448 2218 loco,uelut
1462 2170 1528 2218 qui
1543 2182 1726 2218 praeesse
1741 2170 1865 2216 magis
1878 2182 1994 2218 quam

362 2227 546 2274 prodesse
560 2228 745 2264 uelimus.
771 2228 813 2263 P.
834 2229 984 2265 Natalis
1003 2229 1149 2266 iudicat
1166 2229 1342 2266 odiosum
1361 2242 1518 2278 prorsus
1537 2235 1577 2266 et
1590 2230 1809 2278 provintiae
1825 2229 1996 2266 Societa-

360 2286 487 2334 tisque
518 2293 673 2324 nostrae
697 2289 815 2324 rebus
843 2288 1242 2326 incommodissimum
1259 2291 1332 2326 hoc
1360 2301 1487 2337 genus
1511 2302 1600 2326 esse
1631 2289 1847 2326 missionis.
1877 2290 1994 2337 Quod

359 2345 407 2380 ad
438 2358 499 2381 me
529 2351 694 2393 spectat,
725 2346 765 2383 in
795 2352 1001 2396 utrumque
1030 2360 1164 2385 casum
1182 2360 1245 2385 me
1274 2355 1450 2397 paratum
1481 2350 1655 2386 sentio.»
1681 2350 1739 2385 Ex
1758 2349 1888 2397 Epist.
1918 2348 1994 2385 Ca-

361 2406 472 2452 nisii,
492 2406 543 2450 II,
566 2406 632 2441 166
650 2407 745 2452 (72).

431 2465 446 2485 ⁴
496 2465 555 2500 De
573 2466 646 2501 hoc
664 2465 823 2511 negotio
841 2464 1021 2502 Canisius
1039 2468 1219 2514 Borgiae,
1238 2476 1282 2514 27
1301 2468 1475 2515 Januarii
1496 2468 1600 2516 1566,
1625 2467 1721 2505 11366
1746 2467 1933 2515 scripsitt.
1950 2495 1959 2504 .
1974 2495 1983 2504 .

363 2522 516 2558 «Unum
533 2522 619 2567 fuit,
641 2523 680 2560 in
698 2534 775 2571 quo
791 2524 852 2559 his
870 2526 1160 2563 coloniensibus
1177 2539 1255 2563 non
1273 2528 1380 2574 potui
1398 2527 1527 2564 facere
1545 2528 1658 2564 satis.
1686 2527 1882 2574 Scriptum
1906 2533 1990 2564 erat

361 2580 408 2615 ad
423 2580 522 2627 illos,
538 2582 732 2628 pontificis
747 2583 917 2629 nomine,
932 2585 1120 2633 quidquid
1133 2586 1207 2634 ipsi
1220 2587 1367 2623 Romae
1381 2588 1656 2634 postulassent,
1674 2586 1713 2622 id
1727 2598 1815 2622 esse
1833 2597 1991 2623 eonces-

360 2651 463 2674 sum.
488 2640 656 2677 Litteras
674 2653 768 2687 ergo
786 2647 909 2678 testes
934 2645 1198 2682 concessionis
1220 2646 1486 2694 requirebant,
1503 2647 1603 2695 quae
1627 2645 1660 2682 si
1684 2645 1853 2682 fuissent
1871 2646 1989 2683 etiarn

362 2697 411 2732 ad
429 2710 583 2735 manum
603 2699 710 2745 mihi,
731 2700 860 2737 mirari
878 2708 1057 2748 poterant
1074 2704 1123 2740 de
1146 2715 1332 2742 concesso
1356 2710 1507 2742 tantum
1524 2705 1707 2747 triennio,
1731 2716 1820 2741 eum
1845 2705 1902 2742 illi
1927 2717 1993 2742 an-

361 2767 432 2791 nos
454 2766 495 2792 12
514 2759 763 2804 petivissent,
782 2759 830 2795 ad
847 2761 1037 2798 beneficia
1055 2764 1094 2799 in
1114 2770 1285 2800 mentem
1302 2765 1496 2812 pontificis
1513 2760 1767 2801 conferenda.
1790 2765 1875 2811 Ego
1898 2777 1992 2801 vero

362 2820 569 2852 contentus
589 2818 794 2864 magnifica
818 2820 1088 2869 promissione,
1112 2835 1227 2871 quarn
1252 2823 1428 2871 pontifex
1452 2823 1492 2859 in
1510 2824 1592 2860 suis
1616 2824 1809 2871 expressit
1833 2825 1989 2872 litteris,

362 2873 444 2909 dixi
468 2887 529 2910 me
549 2882 587 2912 et
605 2882 758 2913 nostros
782 2877 949 2914 libenter
972 2880 1129 2918 daturos
1162 2894 1333 2930 operam,
1357 2889 1415 2930 ut,
1440 2883 1474 2919 si
1496 2883 1698 2930 negotium
1723 2883 1771 2919 ad
1798 2884 1992 2931 pontificis

362 2939 525 2969 mortem
543 2935 763 2972 confectum
782 2948 859 2973 non
877 2945 995 2985 esset,
1015 2941 1117 2987 apud
1135 2953 1278 2978 novum
1296 2942 1400 2979 illius
1424 2954 1691 2979 successorem
1715 2955 1832 2979 631153
1855 2943 1991 2980 eadem

362 2998 584 3038 urgeatur.»
603 2996 660 3029 Ex
679 2996 813 3042 Epist.
840 2995 1010 3044 Canisii,
1030 3000 1080 3035 II.

435 3051 450 3072 ⁵
500 3051 737 3098 Swagerius.
