2228 3548
927 260 976 299 30
1001 262 1115 309 Jutm
1142 262 1232 307 1575
1445 266 1449 268 ·
1777 261 1851 308 693

253 362 481 419 Palatino,
507 378 659 408 uanno
689 379 716 407 a
747 363 948 408 studiare
969 363 1012 407 la
1035 378 1123 408 con
1151 373 1372 421 speranza
1409 363 1457 407 di
1495 347 1558 407 un
1595 378 1712 420 gran
1736 364 1895 408 frutto.

250 440 464 486 Faccialo
485 440 574 485 Dio
596 442 690 486 S.0¹‘
717 448 888 485 nostro.
915 441 1082 487 Amen.
1104 441 1273 486 Mando
1294 456 1322 485 a
1343 442 1401 486 V.
1427 442 1482 485 R.
1508 441 1599 485 due
1620 440 1752 485 breui
1775 447 1899 485 otte—

257 518 359 562 nuti
381 520 438 562 da
454 519 549 564 Sua
570 519 687 572 8³2,
711 533 766 563 co
788 518 803 561 i
825 519 948 576 quali
968 534 1102 576 spero
1130 518 1175 563 si.
1188 519 1440 563 consolata.
1472 519 1567 564 Sua
1595 519 1688 564 ΞΒ
1723 533 1784 561 ua
1814 534 1899 576 pa-

252 596 455 653 -gandoci
478 596 670 652 qualche
691 603 819 653 parte
840 596 913 640 dei
934 596 1076 642 debiti
1104 597 1178 640 del
1204 595 1399 654 collegio
1428 610 1636 650 romano,
1672 602 1718 640 et
1741 596 1897 641 facen-

251 672 363 716 doci
392 674 434 717 al
463 673 593 717 solito
621 673 782 730 gratie.
810 673 946 718 Siche
974 675 1114 717 molto
1135 675 1180 717 lo
1208 674 1510 718 raccomando
1539 687 1566 717 a
1594 673 1651 718 V.
1685 674 1740 717 R.
1767 674 1899 717 Hah--

257 749 406 793 biamo
429 751 542 793 fatto
579 756 746 794 rettore
782 751 902 796 della
937 750 1256 808 penitentiaria
1283 750 1313 793 il
1337 751 1391 795 P.
1423 749 1661 803 Ximenez,
1687 757 1733 795 et
1755 749 1898 795 sendo

247 834 445 884 grauato
467 827 526 870 da
547 827 727 871 diuerse
753 826 1086 884 indispositioni
1113 827 1144 870 il
1174 829 1228 871 P.
1261 827 1454 881 Mirone,
1486 826 1730 871 habbiamo
1758 833 1895 884 posto

250 902 284 946 11
307 905 360 947 P.
387 903 592 949 Oliuerio
614 903 661 947 in
683 919 767 948 suo
788 905 943 962 luogo.
970 905 1005 947 Il
1028 906 1080 957 P.
1108 905 1312 948 Polanco
1340 905 1460 948 ando
1483 919 1510 948 a
1539 903 1726 949 uisitare
1748 904 1793 948 la
1822 903 1897 949 Si-

248 979 371 1024 cilia.
397 981 431 1024 11
461 982 513 1024 P.
540 982 599 1025 G.
631 981 768 1025 Facio
795 983 854 1025 ha
885 995 973 1025 con
1001 977 1118 1025 assai
1154 980 1470 1026 sodisfattione
1510 980 1692 1026 uisitata
1717 981 1762 1024 la
1787 982 1897 1026 Sar-

247 1057 410 1115 digna.
437 1059 471 1101 Il
495 1060 547 1101 P.
581 1058 843 1116 Rodriguez
871 1065 917 1104 et
947 1060 999 1102 P.
1033 1058 1199 1102 Ribera
1227 1073 1341 1102 sono
1370 1058 1578 1102 ritornati
1606 1058 1651 1102 di
1679 1058 1893 1113 Fiandra,

250 1135 376 1180 doue
397 1137 549 1179 hanno
571 1137 685 1180 fatto
706 1136 847 1179 molto
868 1136 992 1179 buon
1009 1134 1214 1179 seruizio.
1235 1135 1270 1178 11
1292 1137 1378 1180 6116
1394 1136 1420 1179 ἐ
1438 1145 1610 1191 quanto
1628 1150 1764 1192 posso
1781 1135 1896 1180 dirle

256 1226 339 1267 per
368 1213 480 1256 hora
517 1212 955 1257 raccomandandoci
993 1211 1100 1256 tutti
1121 1213 1208 1257 alle
1243 1211 1436 1256 orationi
1463 1219 1510 1256 et
1537 1212 1656 1256 santi
1684 1212 1896 1256 sacrificii

250 1289 302 1331 di
331 1290 388 1333 V.
415 1291 475 1332 R.
507 1289 567 1333 Di
587 1291 750 1345 Roma,
777 1299 831 1345 25
855 1288 1045 1347 Giugno
1074 1299 1201 1345 1575.

1018 1418 1137 1459 529

699 1503 753 1547 P.
789 1503 1202 1548 HIERONYMUS
1235 1503 1454 1547 NADAL

575 1591 759 1627 PATRI
796 1590 1127 1629 EVERARDO
1165 1589 1569 1628 MERCURIANO

804 1677 960 1712 ΗΑιΑΕ,
990 1667 1037 1704 30
1060 1677 1171 1716 Jmm
1199 1676 1290 1714 1575
1316 1668 1347 1704 ¹.

341 1746 561 1792 Frequenti
578 1746 814 1782 litterarum
832 1746 1068 1782 commercio
1085 1757 1174 1781 cum
1188 1746 1419 1792 praeposito
1432 1746 1624 1794 generali
1636 1746 1804 1793 gaudet.

346 1829 375 1888 †
398 1830 542 1874 Molto
564 1830 679 1874 Rdo.
707 1832 761 1874 P.
786 1831 842 1874 N.
867 1829 914 1873 in
935 1830 1021 1873 Χ.ο
1051 1831 1148 1874 Pax
1175 1829 1250 1874 X.¹
1277 1818 1314 1874 E
1347 1829 1476 1873 finito
1508 1830 1539 1873 l’
1575 1844 1694 1873 anno
1731 1835 1894 1885 questo

254 1920 380 1951 mese
402 1922 428 1950 a
457 1917 506 1963 15
531 1908 633 1965 (con
653 1906 965 1951 consolatione
987 1906 1077 1950 mia
1099 1913 1119 1934 a
1144 1913 1191 1951 et
1212 1906 1372 1964 sanita)
1391 1907 1465 1952 del
1486 1907 1576 1950 mio
1599 1914 1692 1950 star
1713 1906 1757 1949 in
1777 1907 1894 1950 Hal-

256 1985 299 2027 la
322 1984 353 2027 ¹.
380 1983 457 2029 Sia
478 1985 725 2029 benedetto
746 1984 777 2027 il
799 1983 968 2041 Signor
989 1999 1072 2040 per
1091 1984 1122 2026 il
1143 1984 1383 2037 beneficio,
1407 1991 1454 2029 et
1474 1984 1518 2027 la
1542 1985 1594 2027 P.
1622 1985 1679 2027 V.
1707 1984 1780 2027 nel
1807 1997 1892 2027 suo

250 2061 415 2117 grado,
439 2075 521 2118 per
540 2061 645 2105 cuio
666 2060 915 2104 ministerio
937 2067 982 2104 et
1012 2059 1271 2105 obedientia
1292 2060 1329 2104 si
1354 2061 1452 2106 fece
1473 2067 1633 2116 questa
1664 2059 1752 2103 mia
1782 2059 1891 2103 mis-

253 2137 397 2181 sione.
424 2138 529 2182 Non
550 2139 611 2181 ho
632 2138 794 2183 lettera
816 2138 933 2182 della
956 2139 1010 2180 P.
1037 2138 1096 2182 V.
1121 2152 1148 2181 a
1169 2138 1254 2182 che
1275 2137 1526 2195 risponder,
1552 2138 1609 2180 ne
1631 2135 1778 2180 vorrei
1806 2138 1891 2182 che

250 2212 457 2271 piglias'si
479 2216 536 2259 ne
557 2229 649 2258 vna
670 2214 856 2258 minima
873 2214 893 2242 Β
920 2213 1117 2266 50116101,
1136 2215 1195 2258 ne
1211 2229 1373 2258 manco
1390 2214 1614 2271 trauaglio
1631 2213 1676 2256 di
1694 2213 1890 2259 scriuer—

254 2289 331 2334 mi.
360 2290 423 2335 Mi
443 2292 574 2335 basta
597 2298 615 2319 ‘²
642 2293 729 2336 che
749 2291 795 2336 io
817 2306 951 2348 possa
971 2290 1144 2334 scriuer
1165 2306 1192 2334 a
1218 2290 1278 2336 lei
1305 2290 1416 2348 ogni
1446 2306 1585 2344 mese,
1618 2297 1663 2334 et
1692 2289 1753 2332 mi
1780 2304 1890 2346 pare

253 2370 342 2411 che
364 2367 542 2411 resciuo
562 2368 692 2413 litere
713 2375 759 2412 et
780 2376 851 2412 sto
874 2382 963 2412 con
984 2382 1086 2412 esso
1107 2367 1172 2410 lui
1200 2368 1382 2424 quando
1409 2367 1574 2412 scriuo.
1606 2366 1683 2412 Sia
1710 2366 1891 2423 ringra-

258 2445 369 2489 tiato
390 2444 422 2487 il
445 2444 629 2501 Signor,
653 2445 756 2489 cuia
777 2444 953 2488 infinita
975 2444 1280 2488 misericordia
1301 2444 1537 2502 augmenti
1566 2457 1743 2500 sempre
1771 2443 1890 2488 nella

255 2523 310 2565 P.
339 2523 393 2566 V.
418 2521 482 2578 gli
503 2521 571 2565 soi
591 2521 735 2565 sancti
756 2521 864 2566 doni
886 2537 912 2565 a
933 2521 1075 2565 maior
1097 2520 1241 2578 gloria
1261 2521 1307 2564 di
1328 2535 1411 2565 sua
1426 2521 1582 2565 diuina
1599 2522 1709 2564 Mta.
1728 2526 1774 2563 et
1790 2534 1888 2563 ma—

252 2598 356 2655 gior
383 2605 632 2655 augmento
661 2599 779 2644 della
809 2614 892 2643 sua
920 2598 1103 2642 minima
1140 2597 1439 2656 Compagnia.
1481 2599 1647 2642 Arnen.
1689 2596 1782 2640 Alli
1819 2596 1887 2640 soi

248 2674 370 2719 santi
391 2674 599 2719 sacrificii
619 2681 665 2719 et
686 2675 877 2720 orationi
899 2676 956 2720 da
978 2677 1083 2719 tutt’
1108 2674 1139 2718 il
1161 2689 1299 2720 cuore
1320 2675 1382 2718 mi
1411 2674 1688 2726 ricomand0‚
1719 2673 1885 2716 simili·

316 2829 337 2851 a
375 2823 461 2858 Hoc
478 2823 592 2858 verb.
617 2834 733 2870 supra
748 2834 854 2862 vers.
872 2822 1021 2859 addidit
1039 2822 1170 2858 N.—-b
1182 2822 1294 2866 Aut„
1311 2823 1564 2859 minina.—c
1583 2830 1604 2857 2
1623 2821 1744 2857 verba
1761 2832 1878 2869 seqq.

242 2893 362 2929 supra
379 2893 487 2917 vers.
511 2881 661 2918 addidit
680 2881 735 2918 N.

320 3011 330 3033 ¹
381 3012 440 3047 Ex
457 3011 714 3059 autographo,
731 3010 772 3048 in
789 3011 919 3059 Epist.
938 3011 1095 3055 Natal„
1113 3012 1164 3057 11,
1184 3011 1331 3060 duplici
1348 3012 1440 3060 fol„
1461 3011 1529 3048 232
1547 3010 1664 3057 (213).

325 3073 340 3093 ²
390 3070 491 3106 Vide
509 3071 629 3118 epist.
652 3078 739 3117 557.
