2228 3548
937 298 961 335 6
985 298 1141 335 Murrn
1169 282 1262 345 1'566
1829 297 1874 335 13

367 409 409 455 5.
474 398 671 444 Auisimi
703 401 849 444 anche
871 401 957 446 che
978 399 1131 458 gliene
1151 414 1261 458 pare
1290 401 1366 446 del
1401 400 1596 459 disegno
1629 400 1676 444 di
1708 400 1847 458 quelli
1873 400 1922 445 di

279 476 454 534 Espira,
479 476 602 533 quali
623 491 715 520 non
746 478 1004 522 uorrebono
1031 478 1146 523 altro
1172 479 1231 522 da
1267 477 1361 534 noi,
1386 492 1436 523 se
1457 493 1551 523 non
1573 480 1659 523 che
1680 477 1720 523 si
1740 477 1920 536 pigliasi

279 554 550 610 l’assumpto
576 554 650 599 del
685 554 892 611 predicar
928 555 1020 599 nel·
1039 556 1176 600 domo
1205 555 1397 600 mattina
1416 562 1464 600 et
1484 570 1601 609 sera,
1632 556 1808 600 benche
1835 569 1921 600 uo-

283 630 440 688 gliono
462 637 590 676 tener
610 637 709 674 otto
730 645 939 688 persone3
964 638 1011 677 et
1030 647 1081 678 se
1101 633 1295 689 qualche
1314 632 1475 678 lettion
1496 633 1615 677 della
1637 633 1850 678 scrittura
1871 647 1921 677 se

283 707 316 752 li
330 707 549 765 leggessi,
562 708 848 753 l'haueriano
865 710 1011 753 anche
1026 711 1179 754 charo.
1192 711 1264 754 De
1279 710 1438 756 schole
1452 724 1549 754 non
1564 710 1603 754 si
1621 717 1758 754 tratta
1772 708 1922 754 insino

283 799 311 830 a
331 791 459 830 tanto
479 786 566 831 che
588 785 765 830 faciano
787 786 1070 841 fundatione3
1088 787 1135 831 in
1156 794 1319 844 questo
1335 801 1492 832 mezzo
1511 788 1624 844 pero·
1643 787 1759 832 auisi
1782 788 1840 832 V.
1861 789 1917 832 R.

283 877 333 908 se
352 862 384 906 li
405 876 514 920 pare
534 862 903 917 inconueniente,
926 878 1008 921 per
1029 871 1166 908 conto
1185 864 1291 909 dell’
1309 863 1714 926 institutovnostm,
1743 865 1831 910 che
1850 864 1921 922 pi-

281 939 408 998 glino
429 939 461 983 li
482 939 625 984 nostri
647 954 778 997 sopra
798 940 845 984 di
866 955 917 986 se
937 941 970 983 l'
1002 947 1237 998 assumpto
1258 941 1375 986 delle
1395 941 1610 998 prediche
1636 943 1664 986 ⁸.

370 1018 413 1061 6.
477 1018 609 1062 Delle
629 1031 736 1062 cose
754 1017 802 1061 di
823 1019 968 1063 Roma
989 1025 1151 1074 questo
1174 1018 1424 1063 solamente
1450 1018 1567 1073 diro,
1591 1021 1678 1063 che
1712 1019 1750 1062 si
1772 1020 1797 1063 ἑ
1814 1033 1922 1076 pro-

282 1101 413 1151 posto
435 1109 462 1139 a
483 1095 579 1140 Sua
595 1094 774 1140 Santita
799 1094 832 1138 il
852 1094 1048 1153 bisogno
1068 1095 1143 1139 del
1163 1094 1357 1152 collegio
1379 1102 1552 1149 nostro,
1585 1096 1719 1152 quale
1748 1111 1841 1140 non
1862 1098 1922 1142 ha

283 1171 562 1226 fondatione;
600 1178 648 1216 et
672 1173 1061 1218 amoreuolmente
1095 1174 1155 1216 ha
1185 1168 1323 1229 preso'
1340 1172 1386 1216 lo
1423 1180 1657 1230 assumpto
1679 1173 1725 1216 di
1749 1174 1922 1218 uolerlo

286 1249 493 1302 fundare,
513 1255 560 1292 et
575 1248 614 1292 si
630 1263 689 1293 ua
706 1249 939 1306 pensando
953 1249 1061 1294 delli
1076 1249 1198 1293 modi
1213 1264 1294 1307 per
1310 1250 1354 1294 la
1370 1250 1676 1304 essecutione,
1689 1258 1735 1295 et
1752 1258 1922 1295 mostra

285 1331 473 1383 paterna
490 1324 665 1369 charita
682 1325 776 1371 Sua
797 1325 975 1371 Santita
995 1325 1043 1370 in
1065 1332 1186 1371 tutto
1208 1327 1360 1383 quello
1380 1328 1469 1372 che
1487 1327 1514 1370 e
1544 1340 1732 1371 occorso
1755 1341 1922 1384 propo-

286 1402 415 1447 nerli.
435 1402 524 1447 Dio
540 1409 695 1447 nostro
710 1402 907 1461 Signore
922 1403 953 1446 li
969 1403 1044 1447 dia
1059 1417 1144 1448 suo
1160 1403 1318 1461 spirito
1334 1405 1475 1447 molto
1492 1403 1694 1460 copioso,
1714 1412 1760 1450 et
1777 1406 1924 1450 anche

286 1494 312 1524 a
334 1479 441 1524 tutti
462 1479 554 1533 noi,
579 1493 659 1537 per
679 1481 749 1524 far
770 1495 948 1538 sempre
976 1494 1060 1526 sua
1086 1480 1346 1525 santissima
1370 1481 1573 1525 uolonta.
1601 1481 1731 1525 Tutti
1759 1481 1799 1526 ci
1821 1496 1923 1526 rac-

285 1557 598 1602 comandiamo
633 1558 773 1602 molto
810 1558 928 1603 nelle
961 1557 1155 1602 orationi
1181 1565 1229 1602 et
1255 1557 1462 1614 sacrificij
1485 1559 1544 1604 de
1582 1560 1640 1603 V.
1673 1560 1749 1613 R.‚
1781 1566 1827 1604 et
1848 1560 1924 1605 del

228 1663 234 1665 -
285 1635 338 1678 P.
363 1634 599 1688 Ledesma,
638 1635 878 1680 salutando
913 1636 1059 1681 anche
1095 1634 1127 1678 il
1164 1637 1217 1678 Ρ.
1259 1632 1496 1679 Ximenez.
1530 1637 1600 1680 De
1629 1637 1788 1691 Roma,
1823 1649 1848 1680 2
1877 1636 1924 1680 di

262 1721 267 1723 ‘
287 1712 442 1756 Marzo
464 1711 592 1766 1566.
616 1713 676 1756 D.
703 1713 761 1757 V.
787 1713 842 1756 R.
868 1711 1020 1758 sie’ruo
1041 1727 1098 1758 en
1115 1711 1202 1756 X.⁰

1391 1790 1428 1833 F
1430 1800 1683 1835 RANCISCO.

376 1866 622 1922 Inscripiio
644 1867 694 1909 in
716 1869 883 1923 quarta
898 1867 1098 1924 pagina:
1118 1866 1178 1910 Al
1196 1865 1336 1910 molto
1357 1866 1472 1910 Rdo.
1498 1865 1682 1924 in-XpO.
1711 1868 1874 1921 Padre,
1894 1868 1926 1911 il

291 1943 345 1986 P.
370 1943 522 1987 dottor
544 1942 811 1987 Hieronimo
827 1943 978 1997 Natal,
1000 1942 1204 1986 visitator
1220 1942 1339 1987 nelle
1354 1943 1583 2000 prouintie
1605 1943 1651 1987 di
1668 1944 1926 2002 Alemagna

289 2020 407 2064 della
427 2019 713 2077 Compagnia
733 2019 779 2063 di
801 2019 960 2072 Giest'1‚
987 2019 1033 2062 in
1056 2020 1286 2076 Augusta.
1312 2020 1420 2063 Alia
1442 2035 1601 2063 manu:
1617 2022 1750 2079 Jhus.
1783 2022 1842 2066 N.
1869 2023 1922 2066 P.

289 2095 395 2140 delli
419 2106 444 2140 2
467 2097 524 2140 de
546 2099 716 2151 Marzo;
741 2096 967 2142 riceuutta
988 2095 1063 2140 alli
1091 2108 1158 2154 19.
1184 2095 1394 2153 Risposta
1417 2097 1492 2140 alli
1516 2109 1571 2152 23
1594 2098 1668 2142 vel
1687 2098 1760 2141 26.

1045 2235 1168 2277 355

735 2329 789 2371 P.
825 2327 1238 2372 HIERONYMUS
1269 2328 1490 2372 NADAL

631 2414 873 2452 SANCTO
906 2413 1254 2452 FRANCISCO
1284 2415 1362 2451 DE
1394 2414 1589 2462 BORJA

795 2500 1034 2534 AUGUSTAE,
1061 2492 1085 2527 6
1109 2499 1256 2528 MARTH
1283 2492 1375 2538 1566
1398 2495 1429 2529 ⁹.

342 2579 378 2618 Ι,
395 2579 436 2607 2.
465 2570 728 2618 Oenipontem
751 2570 878 2605 venit:
898 2569 1053 2605 sodales
1075 2569 1414 2616 alloquitur.—3.
1441 2571 1673 2619 Augustam
1696 2572 1881 2619 attingit:

462 2629 652 2665 Canisius
668 2629 832 2677 negotia
849 2629 1105 2665 comitiorum
1123 2628 1234 2664 brevi
1249 2630 1495 2676 expedienda
1513 2630 1761 2666 arbitratur.

390 2726 427 2758 1.
486 2715 618 2772 Jhus.
644 2713 786 2758 Molto
809 2713 924 2756 Rdo.
951 2712 1100 2756 Padre
1128 2718 1283 2756 nostro
1310 2711 1358 2757 in
1385 2714 1472 2757 X.⁰
1503 2715 1599 2756 Pax
1632 2713 1802 2757 Christi
1835 2720 1923 2759 etc.

294 2792 366 2835 Da
387 2789 610 2835 Fiorenza
631 2789 759 2833 scrisi
781 2790 868 2833 alla
891 2790 944 2832 P.
971 2790 1049 2841 V.,
1074 2788 1106 2831 il
1126 2790 1213 2833 che
1233 2803 1324 2833 non
1346 2791 1407 2834 ho
1424 2791 1538 2833 fatto
1554 2789 1633 2846 pisi
1650 2790 1775 2835 uolte
1791 2805 1871 2847 per
1886 2791 1930 2834 la

295 2867 464 2921 strada,
498 2880 578 2923 per
607 2881 699 2910 non
727 2865 915 2912 esserrni
942 2879 1128 2909 occorsa
1160 2879 1266 2909 cosa
1297 2867 1581 2923 particolare.
1617 2868 1677 2910 D'
1709 2868 1929 2924 Inspruch

370 2992 380 3013 ¹
429 2989 531 3026 Vide
549 2989 720 3043 append.
743 2990 799 3025 VI
816 2994 857 3025 et
874 2989 983 3024 XIX.

365 3050 381 3072 ²
428 3049 488 3084 Ex
500 3049 726 3096 archetypo,
740 3060 763 3084 a
776 3049 955 3095 Jimenez
968 3052 1141 3094 exarato,
1160 3053 1200 3084 et
1212 3058 1236 3084 a
1249 3048 1379 3085 Natali
1392 3048 1628 3096 subscripto,
1648 3046 1687 3084 in
1701 3049 1832 3096 Epist.
1847 3048 1928 3083 Na-

298 3109 387 3151 tal„
405 3108 458 3155 ΙΙ,
476 3107 623 3155 duplici
640 3108 724 3154 fol.,
745 3116 808 3144 101
831 3107 946 3156 (493).
