2228 3548
935 274 979 313 19
1003 265 1104 310 MAji
1133 265 1224 312 1566
1781 265 1846 314 135

695 468 748 510 P.
785 465 1198 510 HIERONYMUS
1237 465 1457 510 NADAL

582 542 828 581 SANCTO
874 541 1223 590 FRANCISCO
1261 542 1338 578 DE
1376 540 1570 589 BORJA

772 616 1014 654 AUGUSTAE,
1036 617 1079 654 19
1103 616 1196 652 MAjl
1220 607 1311 652 1566
1344 609 1376 644 ¹.

256 697 290 724 Ι.
310 689 371 724 De
387 689 514 724 sacris
531 687 860 735 expeditionibus,
874 689 911 723 et
929 687 977 723 de
993 684 1158 723 Canisio
1174 697 1254 722 non
1272 686 1574 723 mittenda—2.
1591 685 1655 722 De
1665 687 1895 734 provincia-

301 748 334 784 li
350 749 547 784 mutando
566 749 744 784 nondum
761 747 966 795 agendum
985 746 1210 783 videtur.-
1224 745 1260 792 3.
1285 746 1451 782 Artium
1469 745 1896 794 lectoreslngolstadii

298 808 700 852 desiderantum—4.
729 807 900 855 Legatus
922 807 1096 842 Patrum
1114 808 1249 853 opera,
1258 804 1405 853 fructu
1423 805 1535 842 haud
1541 805 1797 853 poenitendo,
1813 807 1876 842 uti
1883 826 1894 833 -

299 871 482 912 tur.—5.
511 868 573 904 De
598 868 690 904 ΡΡ.
719 867 1000 910 Stevordiano,
1028 864 1227 910 Conrado,
1257 865 1470 908 Schoritio,
1499 865 1690 902 Ledesma
1706 868 1744 901 et
1770 866 1896 902 Vane-

256 948 279 979 4
294 927 475 976 gem—6.
496 927 557 964 De
578 927 815 975 provinciae
839 926 1080 974 inspectione
1103 925 1411 972 quamprimum
1433 925 1680 961 inchoanda:
1701 925 1751 961 de
1780 925 1894 961 coll«-

291 988 357 1035 gii
393 987 704 1035 Braunsbergae
734 986 975 1022 lustratione
1007 997 1098 1021 cum
1134 985 1188 1020 P.
1228 984 1360 1030 Sunye
1393 983 1799 1031 covfferendum.—7.
1829 984 1892 1021 De

293 1047 454 1094 scriptis
483 1058 656 1083 recessus
685 1045 911 1094 augustani
941 1046 1112 1080 Romam
1143 1044 1292 1079 missis:
1315 1043 1496 1091 Borgiae
1526 1042 1659 1091 officia
1684 1046 1763 1091 pro
1792 1044 1892 1080 bello

294 1107 542 1155 Hungariae
570 1105 913 1142 laudantur.—8.
938 1105 998 1140 De
1021 1104 1182 1152 collegii
1205 1103 1370 1139 romam·
1383 1102 1742 1150 fundatione.-9.
1770 1102 1892 1140 Cani·

294 1167 378 1202 sius
395 1167 442 1202 de.
461 1167 695 1202 litterarum
713 1165 945 1201 indicarum
964 1164 1145 1200 versione
1163 1163 1467 1199 laetatum—10.
1488 1162 1604 1198 Finis
1627 1173 1801 1199 recessus
1817 1175 1889 1198 au·

293 1227 480 1275 gustani,
497 1225 658 1273 ejusque
669 1225 858 1274 fructus.

345 1317 381 1348 Ι.
431 1306 561 1363 Jhus.
577 1303 717 1347 Molto
733 1302 847 1347 Rdo.
865 1302 1011 1346 Padre
1028 1307 1184 1345 nostro
1198 1300 1245 1344 in
1258 1300 1458 1344 Christo.
1479 1301 1573 1343 Pax
1590 1299 1775 1354 Christi,
1794 1307 1883 1345 etc.

251 1385 339 1427 Per
365 1382 456 1427 due
493 1382 654 1426 lettere
681 1381 738 1425 de
770 1381 828 1425 V.
871 1381 945 1435 Ρ.,
979 1380 1008 1422 l’
1035 1393 1126 1423 una
1162 1393 1242 1435 per
1278 1377 1567 1430 comissione,
1606 1377 1713 1422 delli
1751 1390 1807 1422 20
1835 1379 1880 1422 d'

246 1460 420 1517 Aprile,
445 1461 505 1503 ho
530 1459 646 1503 uisto
668 1473 797 1504 come
818 1459 856 1501 s'
879 1472 1020 1502 erano
1044 1456 1268 1502 riceuutte
1288 1456 1330 1500 16
1351 1455 1440 1500 mie
1461 1454 1567 1500 delli
1585 1467 1658 1511 23,
1679 1466 1735 1510 27
1758 1462 1804 1500 et
1828 1469 1883 1511 30

185 1595 190 1600 .
242 1539 300 1583 de
322 1540 490 1582 Marzo.
524 1539 613 1582 Per
640 1543 800 1593 questa
827 1535 1091 1592 rispondero
1119 1549 1145 1578 3
1173 1533 1338 1591 quelle.
1369 1533 1500 1577 Delle
1527 1532 1746 1586 missioni,
1779 1535 1880 1578 sare

238 1616 380 1660 molto
401 1616 519 1660 bene
540 1616 626 1660 che
647 1615 695 1659 S.
721 1615 816 1659 Sta.
843 1612 881 1658 si
903 1618 1094 1656 remetta
1115 1627 1142 1655 a
1162 1610 1314 1667 quello
1331 1611 1417 1655 che
1432 1624 1513 1667 per
1528 1609 1574 1652 di
1592 1623 1682 1666 qua
1699 1612 1875 1666 parere,

240 1701 285 1737 et
307 1692 354 1736 in
375 1692 484 1750 ogni
506 1693 640 1736 modo
662 1705 786 1749 pare,
810 1691 847 1735 si
869 1691 986 1735 deue
1003 1703 1218 1747 procurat
1238 1694 1417 1744 questo.
1438 1688 1473 1731 Il
1490 1685 1738 1732 medesimo
1755 1686 1875 1740 dico,

241 1773 327 1816 che
348 1770 379 1814 il
403 1772 454 1814 P.
483 1769 667 1815 Canisio
683 1784 775 1813 non
795 1768 913 1821 uadi,
933 1781 1061 1811 come
1078 1767 1107 1809 l'
1133 1766 1247 1809 altra
1267 1765 1408 1818 uolta,
1433 1764 1523 1809 imo
1545 1765 1577 1808 l'
1595 1778 1686 1808 una
1708 1778 1814 1808 cosa
1830 1770 1876 1808 et

240 1849 271 1892 l'
295 1849 408 1892 altra
429 1848 490 1891 mi
511 1862 619 1904 pare
639 1846 909 1900 necessaria,
935 1861 1014 1903 per
1035 1845 1077 1890 16
1098 1858 1235 1888 cause
1256 1844 1343 1888 che
1363 1841 1462 1887 diro
1483 1842 1530 1885 in
1548 1842 1626 1885 un’
1646 1842 1759 1886 altra
1781 1842 1814 1885 ².

331 1938 372 1970 2.
438 1927 508 1969 De
529 1924 737 1969 scaricar'
763 1925 805 1967 al
828 1926 880 1967 P.
906 1922 1107 1975 Canisio,
1131 1928 1177 1965 et
1198 1922 1281 1964 far'
1311 1919 1590 1977 prouinciale
1612 1919 1654 1963 al
1675 1933 1760 1963 suo
1782 1920 1876 1963 fra-

239 2004 361 2056 tello,
386 2003 594 2048 venendo
614 2002 655 2046 al
672 2001 926 2059 particolar’
952 2000 993 2045 el
1015 1999 1102 2044 alla
1122 2012 1249 2054 esseq
1258 1997 1432 2042 uution’
1457 1997 1575 2040 della
1596 2010 1720 2052 cosa,
1741 2003 1873 2040 trouo

238 2096 352 2138 gran
375 2080 604 2132 difficolta,
635 2079 826 2124 essendo
853 2079 938 2121 6116
960 2075 1145 2134 giudico
1174 2076 1313 2120 esser’
1338 2073 1596 2120 necessario
1618 2075 1702 2117 che
1725 2072 1756 2116 il
1783 2079 1876 2118 ret-

239 2161 323 2203 tor'
347 2159 404 2202 de
426 2157 611 2214 Dilinga
632 2171 724 2200 non
745 2155 909 2199 habbia
930 2155 1044 2198 altra
1065 2152 1352 2210 occupation'
1376 2152 1423 2195 di
1446 2152 1612 2208 quella,
1636 2151 1695 2195 ne
1715 2150 1748 2193 il
1769 2165 1876 2208 pro-

239 2236 432 2281 uinciale
452 2235 570 2280 della
590 2248 688 2288 sua;
713 2239 758 2278 et
774 2233 967 2278 essendo
987 2237 1147 2287 questa
1163 2229 1397 2288 prouincia
1419 2229 1467 2273 in
1485 2236 1610 2274 tanta
1628 2226 1869 2282 necessita,

238 2329 381 2371 penso
401 2312 520 2356 finir’
538 2313 582 2356 13
602 2310 735 2355 visita
755 2325 891 2355 senza
912 2308 1149 2352 mutation’
1174 2306 1376 2361 nissuna,
1401 2314 1447 2352 et
1470 2306 1512 2350 al
1534 2306 1625 2350 fine
1654 2303 1871 2350 determi-

242 2390 402 2445 narmi,
428 2405 514 2434 con
534 2390 578 2434 la
599 2388 747 2447 gratia
767 2387 840 2431 del
863 2386 1059 2444 Signore
1081 2386 1114 2429 ³.

335 2483 374 2525 3.
440 2470 492 2512 In
514 2466 789 2525 Ingolstadio
806 2479 898 2508 non
914 2463 1153 2507 habbiamo
1168 2462 1444 2520 obligatione
1461 2462 1518 2506 de
1535 2462 1711 2518 legger’
1731 2460 1869 2514 cursi;

242 2550 394 2591 tamen
411 2546 452 2590 61
473 2561 582 2603 pare
603 2560 630 2588 a
650 2543 726 2588 noi
748 2542 938 2587 sarebbe
957 2541 1065 2585 utile
1081 2542 1166 2585 che
1182 2539 1224 2584 61
1240 2539 1406 2592 susino,
1426 2553 1506 2596 per
1523 2538 1553 2582 11
1571 2538 1715 2582 chela
1733 2537 1874 2581 Com-

241 2625 408 2683 pagnia
424 2639 516 2668 non
537 2622 818 2680 pigliarebbe
834 2619 1060 2676 maggior'
1079 2617 1357 2675 obligatione
1373 2616 1419 2660 di
1437 2616 1587 2673 quella
1604 2616 1689 2658 6116
1709 2614 1870 2658 adesso

237 2705 296 2747 ha
318 2702 505 2760 pigliato
527 2700 603 2758 gia
623 2699 669 2743 di
690 2699 785 2742 dar’
811 2697 885 2741 doi
907 2695 1068 2749 artisti,
1088 2695 1126 2740 si
1147 2709 1278 2740 come
1298 2695 1324 2739 ἐ
1345 2693 1391 2738 in
1414 2692 1611 2749 Dilinga.
1633 2691 1762 2737 Saria
1782 2692 1874 2736 ben

312 2806 322 2827 ¹
372 2805 430 2840 Ex
443 2803 701 2850 archetypo,a
715 2800 892 2848 Jimenez
906 2802 1127 2844 exarato,et
1140 2795 1291 2833 Natalis
1304 2807 1421 2832 manu
1435 2793 1672 2841 subscripto,
1686 2791 1728 2828 in
1738 2791 1872 2840 Epist.

236 2864 392 2910 Natal.,
411 2863 461 2908 11,
482 2861 628 2910 duplici
645 2861 737 2907 fol„
759 2870 826 2906 129
849 2862 948 2906 (499,
973 2859 1078 2904 500).
1100 2856 1201 2893 Vide
1226 2855 1348 2904 epist.
1371 2854 1440 2901 377
1463 2860 1503 2891 et
1527 2853 1611 2900 378,
1629 2851 1774 2901 quibus
1796 2851 1870 2887 hae

236 2922 490 2971 respondent.

306 2985 321 3005 Ξ
371 2982 432 3017 De
444 2980 505 3018 his
518 2980 638 3017 saeris
652 2979 966 3028 expeditionibus
980 2976 1031 3014 cf.
1047 2976 1162 3024 epist.
1179 2974 1261 3023 361,
1273 2987 1312 3012 n.
1330 2984 1365 3021 23
1381 2974 1467 3019 382,
1483 2985 1524 3011 n.
1540 2980 1576 3018 7‘,
1594 2969 1679 3017 393,
1697 2981 1763 3005 nn.
1782 2977 1816 3015 2,
1833 2976 1873 3014 73

239 3043 323 3091 395,
342 3055 385 3078 n.
412 3051 445 3088 1,
465 3051 499 3086 23
519 3046 559 3077 et
576 3040 747 3088 append.
771 3039 962 3076 XXXIII.

314 3104 328 3124 ⁵
378 3101 477 3138 Vide
495 3100 613 3150 epist.
637 3100 721 3146 362,
740 3112 779 3136 n.
799 3109 834 3144 23
855 3105 894 3134 et
912 3098 994 3145 382,
1017 3110 1056 3133 n.
1075 3105 1115 3143 7.
