<?xml version="1.0" encoding="UTF-8"?>
<!DOCTYPE html PUBLIC "-//W3C//DTD XHTML 1.0 Transitional//EN"
    "http://www.w3.org/TR/xhtml1/DTD/xhtml1-transitional.dtd">
<html xmlns="http://www.w3.org/1999/xhtml" xml:lang="en" lang="en">
 <head>
  <title>
</title>
<meta http-equiv="Content-Type" content="text/html;charset=utf-8" />
  <meta name='ocr-system' content='tesseract 3.04.00' />
  <meta name='ocr-capabilities' content='ocr_page ocr_carea ocr_par ocr_line ocrx_word'/>
</head>
<body>
  <div class='ocr_page' id='page_1' title='image "./epistolaephieron03nadauoft_0838.png"; bbox 0 0 2228 3548; ppageno 0'>
   <div class='ocr_carea' id='block_1_1' title="bbox 420 259 1384 297">
    <p class='ocr_par' dir='ltr' id='par_1_1' title="bbox 420 259 1384 297">
     <span class='ocr_line' id='line_1_1' title="bbox 420 259 1384 297; baseline -0.001 0"><span class='ocrx_word' id='word_1_1' title='bbox 420 263 491 297; x_wconf 80' lang='lat'>800</span> <span class='ocrx_word' id='word_1_2' title='bbox 993 261 1132 295; x_wconf 72' lang='lat' dir='ltr'>Emsr.</span> <span class='ocrx_word' id='word_1_3' title='bbox 1161 259 1204 296; x_wconf 88' lang='lat' dir='ltr'>P.</span> <span class='ocrx_word' id='word_1_4' title='bbox 1233 259 1384 296; x_wconf 80' lang='lat' dir='ltr'>NADAL</span> 
     </span>
    </p>
   </div>
   <div class='ocr_carea' id='block_1_2' title="bbox 368 360 1998 654">
    <p class='ocr_par' dir='ltr' id='par_1_2' title="bbox 368 360 1998 654">
     <span class='ocr_line' id='line_1_2' title="bbox 461 360 1998 418; baseline 0.001 -14"><span class='ocrx_word' id='word_1_5' title='bbox 461 362 705 417; x_wconf 75' lang='lat' dir='ltr'><em>Inscriptio</em></span> <span class='ocrx_word' id='word_1_6' title='bbox 743 362 792 404; x_wconf 86' lang='lat' dir='ltr'>in</span> <span class='ocrx_word' id='word_1_7' title='bbox 828 365 995 417; x_wconf 78' lang='lat' dir='ltr'>quarta</span> <span class='ocrx_word' id='word_1_8' title='bbox 1022 361 1221 417; x_wconf 79' lang='lat' dir='ltr'>pagina:</span> <span class='ocrx_word' id='word_1_9' title='bbox 1242 361 1357 404; x_wconf 89' lang='lat' dir='ltr'>Rdo.</span> <span class='ocrx_word' id='word_1_10' title='bbox 1394 360 1522 404; x_wconf 88' lang='lat' dir='ltr'>Patri</span> <span class='ocrx_word' id='word_1_11' title='bbox 1551 361 1672 405; x_wconf 90' lang='lat' dir='ltr'>Dno.</span> <span class='ocrx_word' id='word_1_12' title='bbox 1707 360 1876 418; x_wconf 90' lang='lat' dir='ltr'>Joanni</span> <span class='ocrx_word' id='word_1_13' title='bbox 1906 362 1998 405; x_wconf 76' lang='lat' dir='ltr'>Po-</span> 
     </span>
     <span class='ocr_line' id='line_1_3' title="bbox 370 419 1997 478; baseline 0 -14"><span class='ocrx_word' id='word_1_14' title='bbox 370 423 530 472; x_wconf 90' lang='lat' dir='ltr'>lanco‚</span> <span class='ocrx_word' id='word_1_15' title='bbox 571 433 726 463; x_wconf 88' lang='lat' dir='ltr'>sacrae</span> <span class='ocrx_word' id='word_1_16' title='bbox 758 420 1016 476; x_wconf 82' lang='lat' dir='ltr'>theologiae</span> <span class='ocrx_word' id='word_1_17' title='bbox 1061 419 1267 471; x_wconf 76' lang='lat' dir='ltr'>doctori,</span> <span class='ocrx_word' id='word_1_18' title='bbox 1306 419 1546 465; x_wconf 89' lang='lat' dir='ltr'>Societatis</span> <span class='ocrx_word' id='word_1_19' title='bbox 1582 421 1726 478; x_wconf 87' lang='lat' dir='ltr'>Jhesu</span> <span class='ocrx_word' id='word_1_20' title='bbox 1771 420 1997 464; x_wconf 86' lang='lat' dir='ltr'>cancella—</span> 
     </span>
     <span class='ocr_line' id='line_1_4' title="bbox 368 477 1995 532; baseline 0 -9"><span class='ocrx_word' id='word_1_21' title='bbox 368 480 452 532; x_wconf 89' lang='lat' dir='ltr'>rio,</span> <span class='ocrx_word' id='word_1_22' title='bbox 478 485 586 532; x_wconf 90' lang='lat' dir='ltr'>etc.‚</span> <span class='ocrx_word' id='word_1_23' title='bbox 612 478 742 521; x_wconf 89' lang='lat' dir='ltr'>nobis</span> <span class='ocrx_word' id='word_1_24' title='bbox 763 479 811 522; x_wconf 93' lang='lat' dir='ltr'>in</span> <span class='ocrx_word' id='word_1_25' title='bbox 831 479 1016 523; x_wconf 88' lang='lat' dir='ltr'>Christo</span> <span class='ocrx_word' id='word_1_26' title='bbox 1037 477 1301 522; x_wconf 89' lang='lat' dir='ltr'>charissimo</span> <span class='ocrx_word' id='word_1_27' title='bbox 1323 485 1369 524; x_wconf 92' lang='lat' dir='ltr'>et</span> <span class='ocrx_word' id='word_1_28' title='bbox 1390 479 1677 522; x_wconf 91' lang='lat' dir='ltr'>honorando.</span> <span class='ocrx_word' id='word_1_29' title='bbox 1707 479 1817 521; x_wconf 81' lang='lat' dir='ltr'>Alia</span> <span class='ocrx_word' id='word_1_30' title='bbox 1838 493 1995 523; x_wconf 83' lang='lat' dir='ltr'>manu:</span> 
     </span>
     <span class='ocr_line' id='line_1_5' title="bbox 369 537 1992 596; baseline 0 -14"><span class='ocrx_word' id='word_1_31' title='bbox 369 555 413 596; x_wconf 92' lang='lat' dir='ltr'>p.</span> <span class='ocrx_word' id='word_1_32' title='bbox 440 554 480 583; x_wconf 92' lang='lat' dir='ltr'>e.</span> <span class='ocrx_word' id='word_1_33' title='bbox 505 553 565 580; x_wconf 92' lang='lat' dir='ltr'>m.</span> <span class='ocrx_word' id='word_1_34' title='bbox 598 539 719 580; x_wconf 74' lang='lat' dir='ltr'>Alia:</span> <span class='ocrx_word' id='word_1_35' title='bbox 745 538 798 581; x_wconf 93' lang='lat' dir='ltr'>C.</span> <span class='ocrx_word' id='word_1_36' title='bbox 841 538 967 593; x_wconf 88' lang='lat'>1567.</span> <span class='ocrx_word' id='word_1_37' title='bbox 1009 538 1304 595; x_wconf 87' lang='lat' dir='ltr'>Heilspergh.</span> <span class='ocrx_word' id='word_1_38' title='bbox 1347 537 1576 582; x_wconf 87' lang='lat' dir='ltr'>Cardinal.</span> <span class='ocrx_word' id='word_1_39' title='bbox 1617 537 1906 584; x_wconf 89' lang='lat' dir='ltr'>varmiensis.</span> <span class='ocrx_word' id='word_1_40' title='bbox 1941 550 1992 594; x_wconf 90' lang='lat'>13</span> 
     </span>
     <span class='ocr_line' id='line_1_6' title="bbox 368 597 1017 654; baseline -0.002 -13"><span class='ocrx_word' id='word_1_41' title='bbox 368 598 414 641; x_wconf 91' lang='lat' dir='ltr'>di</span> <span class='ocrx_word' id='word_1_42' title='bbox 439 597 546 652; x_wconf 71' lang='grc' dir='ltr'>7.ιπε</span> <span class='ocrx_word' id='word_1_43' title='bbox 577 597 735 654; x_wconf 82' lang='lat' dir='ltr'>Sigilli</span> <span class='ocrx_word' id='word_1_44' title='bbox 756 598 1017 654; x_wconf 81' lang='lat' dir='ltr'>vestigium.</span> 
     </span>
    </p>
   </div>
   <div class='ocr_carea' id='block_1_3' title="bbox 852 711 1505 836">
    <p class='ocr_par' dir='ltr' id='par_1_3' title="bbox 852 711 1505 836">
     <span class='ocr_line' id='line_1_7' title="bbox 1121 711 1318 755; baseline 0 -1"><span class='ocrx_word' id='word_1_45' title='bbox 1121 711 1243 755; x_wconf 90' lang='lat' dir='ltr'>LVII</span> <span class='ocrx_word' id='word_1_46' title='bbox 1316 728 1318 730; x_wconf 65' lang='grc'>’</span> 
     </span>
     <span class='ocr_line' id='line_1_8' title="bbox 852 798 1505 836; baseline 0.002 -2"><span class='ocrx_word' id='word_1_47' title='bbox 852 799 899 835; x_wconf 99' lang='lat' dir='ltr'>P.</span> <span class='ocrx_word' id='word_1_48' title='bbox 930 798 1269 836; x_wconf 88' lang='lat' dir='ltr'>LAURENTIUS</span> <span class='ocrx_word' id='word_1_49' title='bbox 1301 799 1505 836; x_wconf 91' lang='lat' dir='ltr'>MAGIUS</span> 
     </span>
    </p>
   </div>
   <div class='ocr_carea' id='block_1_4' title="bbox 648 890 1716 1022">
    <p class='ocr_par' dir='ltr' id='par_1_4' title="bbox 648 890 1716 1022">
     <span class='ocr_line' id='line_1_9' title="bbox 648 890 1716 932; baseline 0.002 -12"><span class='ocrx_word' id='word_1_50' title='bbox 648 890 905 922; x_wconf 82' lang='lat' dir='ltr'>SANCTO</span> <span class='ocrx_word' id='word_1_51' title='bbox 953 890 1335 922; x_wconf 76' lang='lat' dir='ltr'>FRANc1sco</span> <span class='ocrx_word' id='word_1_52' title='bbox 1381 891 1460 922; x_wconf 89' lang='lat' dir='ltr'>DE</span> <span class='ocrx_word' id='word_1_53' title='bbox 1507 891 1716 932; x_wconf 81' lang='lat' dir='ltr'>BORjA</span> 
     </span>
     <span class='ocr_line' id='line_1_10' title="bbox 788 966 1572 1022; baseline 0.004 -13"><span class='ocrx_word' id='word_1_54' title='bbox 788 966 1103 1019; x_wconf 86' lang='lat' dir='ltr'>Vindobonae,</span> <span class='ocrx_word' id='word_1_55' title='bbox 1130 979 1146 1010; x_wconf 95' lang='lat'>1</span> <span class='ocrx_word' id='word_1_56' title='bbox 1169 966 1386 1010; x_wconf 86' lang='lat' dir='ltr'>Octobris</span> <span class='ocrx_word' id='word_1_57' title='bbox 1409 967 1520 1022; x_wconf 88' lang='lat'>1567</span> <span class='ocrx_word' id='word_1_58' title='bbox 1543 967 1572 1012; x_wconf 90' lang='lat'>¹.</span> 
     </span>
    </p>
   </div>
   <div class='ocr_carea' id='block_1_5' title="bbox 836 1054 1504 1102">
    <p class='ocr_par' dir='ltr' id='par_1_5' title="bbox 836 1054 1504 1102">
     <span class='ocr_line' id='line_1_11' title="bbox 836 1054 1504 1102; baseline 0.001 -12"><span class='ocrx_word' id='word_1_59' title='bbox 836 1066 838 1068; x_wconf 81' lang='grc'><strong>’</strong></span> <span class='ocrx_word' id='word_1_60' title='bbox 852 1055 913 1091; x_wconf 83' lang='lat' dir='ltr'>De</span> <span class='ocrx_word' id='word_1_61' title='bbox 931 1054 1072 1090; x_wconf 85' lang='lat' dir='ltr'><strong><em>ordine</em></strong></span> <span class='ocrx_word' id='word_1_62' title='bbox 1086 1056 1227 1090; x_wconf 83' lang='lat' dir='ltr'>domus</span> <span class='ocrx_word' id='word_1_63' title='bbox 1241 1055 1504 1102; x_wconf 79' lang='lat' dir='ltr'>probationis.</span> 
     </span>
    </p>
   </div>
   <div class='ocr_carea' id='block_1_6' title="bbox 351 1132 1990 1664">
    <p class='ocr_par' dir='ltr' id='par_1_6' title="bbox 351 1132 1990 1664">
     <span class='ocr_line' id='line_1_12' title="bbox 528 1132 1990 1190; baseline -0.001 -14.048"><span class='ocrx_word' id='word_1_64' title='bbox 528 1132 660 1176; x_wconf 87' lang='lat' dir='ltr'>Nella</span> <span class='ocrx_word' id='word_1_65' title='bbox 680 1145 785 1176; x_wconf 90' lang='lat' dir='ltr'>casa</span> <span class='ocrx_word' id='word_1_66' title='bbox 807 1139 961 1175; x_wconf 89' lang='lat' dir='ltr'>nostra</span> <span class='ocrx_word' id='word_1_67' title='bbox 982 1132 1027 1175; x_wconf 91' lang='lat' dir='ltr'>di</span> <span class='ocrx_word' id='word_1_68' title='bbox 1048 1132 1316 1188; x_wconf 84' lang='lat' dir='ltr'>probatione</span> <span class='ocrx_word' id='word_1_69' title='bbox 1338 1133 1375 1176; x_wconf 90' lang='lat' dir='ltr'>si</span> <span class='ocrx_word' id='word_1_70' title='bbox 1401 1132 1562 1190; x_wconf 86' lang='lat' dir='ltr'>siegue</span> <span class='ocrx_word' id='word_1_71' title='bbox 1585 1133 1690 1188; x_wconf 88' lang='lat' dir='ltr'>quel</span> <span class='ocrx_word' id='word_1_72' title='bbox 1721 1132 1880 1177; x_wconf 88' lang='lat' dir='ltr'>ordine</span> <span class='ocrx_word' id='word_1_73' title='bbox 1901 1133 1990 1176; x_wconf 86' lang='lat' dir='ltr'>che</span> 
     </span>
     <span class='ocr_line' id='line_1_13' title="bbox 361 1190 1985 1248; baseline 0.002 -14"><span class='ocrx_word' id='word_1_74' title='bbox 361 1190 408 1234; x_wconf 89' lang='lat' dir='ltr'>di</span> <span class='ocrx_word' id='word_1_75' title='bbox 430 1191 544 1234; x_wconf 88' lang='lat' dir='ltr'>costi</span> <span class='ocrx_word' id='word_1_76' title='bbox 567 1191 590 1235; x_wconf 80' lang='grc' dir='ltr'>ὲ</span> <span class='ocrx_word' id='word_1_77' title='bbox 612 1192 842 1243; x_wconf 88' lang='lat' dir='ltr'>mandato,</span> <span class='ocrx_word' id='word_1_78' title='bbox 868 1199 913 1235; x_wconf 88' lang='lat' dir='ltr'>et</span> <span class='ocrx_word' id='word_1_79' title='bbox 935 1193 1019 1236; x_wconf 91' lang='lat' dir='ltr'>che</span> <span class='ocrx_word' id='word_1_80' title='bbox 1041 1193 1072 1234; x_wconf 95' lang='lat' dir='ltr'>l’</span> <span class='ocrx_word' id='word_1_81' title='bbox 1096 1207 1216 1235; x_wconf 89' lang='lat' dir='ltr'>anno</span> <span class='ocrx_word' id='word_1_82' title='bbox 1244 1199 1425 1248; x_wconf 87' lang='lat' dir='ltr'>passato</span> <span class='ocrx_word' id='word_1_83' title='bbox 1452 1192 1642 1237; x_wconf 87' lang='lat' dir='ltr'>reuidde</span> <span class='ocrx_word' id='word_1_84' title='bbox 1668 1192 1699 1235; x_wconf 91' lang='lat' dir='ltr'>il</span> <span class='ocrx_word' id='word_1_85' title='bbox 1728 1194 1782 1238; x_wconf 89' lang='lat' dir='ltr'>P.</span> <span class='ocrx_word' id='word_1_86' title='bbox 1806 1192 1985 1237; x_wconf 79' lang='lat' dir='ltr'>Natale.</span> 
     </span>
     <span class='ocr_line' id='line_1_14' title="bbox 360 1251 1987 1308; baseline 0.001 -15"><span class='ocrx_word' id='word_1_87' title='bbox 360 1251 395 1293; x_wconf 94' lang='lat' dir='ltr'>Il</span> <span class='ocrx_word' id='word_1_88' title='bbox 417 1251 471 1295; x_wconf 89' lang='lat' dir='ltr'>P.</span> <span class='ocrx_word' id='word_1_89' title='bbox 490 1252 526 1294; x_wconf 94' lang='lat' dir='ltr'><strong>F</strong></span> <span class='ocrx_word' id='word_1_90' title='bbox 529 1251 731 1295; x_wconf 90' lang='lat' dir='ltr'>rancisco</span> <span class='ocrx_word' id='word_1_91' title='bbox 753 1251 958 1295; x_wconf 89' lang='lat' dir='ltr'>Antonio</span> <span class='ocrx_word' id='word_1_92' title='bbox 982 1252 1101 1295; x_wconf 89' lang='lat' dir='ltr'>tiene</span> <span class='ocrx_word' id='word_1_93' title='bbox 1124 1254 1201 1295; x_wconf 88' lang='lat' dir='ltr'>un’</span> <span class='ocrx_word' id='word_1_94' title='bbox 1225 1252 1339 1295; x_wconf 90' lang='lat' dir='ltr'>altro</span> <span class='ocrx_word' id='word_1_95' title='bbox 1361 1251 1477 1295; x_wconf 88' lang='lat' dir='ltr'>assai</span> <span class='ocrx_word' id='word_1_96' title='bbox 1499 1251 1575 1308; x_wconf 67' lang='lat' dir='ltr'>pii]</span> <span class='ocrx_word' id='word_1_97' title='bbox 1597 1253 1753 1305; x_wconf 89' lang='lat' dir='ltr'>breue,</span> <span class='ocrx_word' id='word_1_98' title='bbox 1774 1258 1819 1296; x_wconf 89' lang='lat' dir='ltr'>et</span> <span class='ocrx_word' id='word_1_99' title='bbox 1840 1251 1987 1295; x_wconf 86' lang='lat' dir='ltr'>anche</span> 
     </span>
     <span class='ocr_line' id='line_1_15' title="bbox 358 1309 1988 1367; baseline 0.002 -15"><span class='ocrx_word' id='word_1_100' title='bbox 358 1309 559 1365; x_wconf 88' lang='lat' dir='ltr'>diuerso,</span> <span class='ocrx_word' id='word_1_101' title='bbox 584 1318 630 1354; x_wconf 90' lang='lat' dir='ltr'>et</span> <span class='ocrx_word' id='word_1_102' title='bbox 651 1310 753 1354; x_wconf 92' lang='lat' dir='ltr'>dice</span> <span class='ocrx_word' id='word_1_103' title='bbox 775 1312 862 1354; x_wconf 89' lang='lat' dir='ltr'>che</span> <span class='ocrx_word' id='word_1_104' title='bbox 884 1310 921 1354; x_wconf 87' lang='lat' dir='ltr'>si</span> <span class='ocrx_word' id='word_1_105' title='bbox 942 1326 1075 1354; x_wconf 85' lang='lat' dir='ltr'>serua</span> <span class='ocrx_word' id='word_1_106' title='bbox 1097 1310 1229 1356; x_wconf 73' lang='lat' dir='ltr'>costi.</span> <span class='ocrx_word' id='word_1_107' title='bbox 1254 1311 1414 1355; x_wconf 88' lang='lat' dir='ltr'>Vorrei</span> <span class='ocrx_word' id='word_1_108' title='bbox 1436 1325 1594 1367; x_wconf 88' lang='lat' dir='ltr'>sapere</span> <span class='ocrx_word' id='word_1_109' title='bbox 1615 1311 1719 1367; x_wconf 92' lang='lat' dir='ltr'>qual</span> <span class='ocrx_word' id='word_1_110' title='bbox 1749 1310 1883 1367; x_wconf 21' lang='lat' dir='ltr'>piace*</span> <span class='ocrx_word' id='word_1_111' title='bbox 1900 1311 1988 1355; x_wconf 83' lang='lat' dir='ltr'>alla</span> 
     </span>
     <span class='ocr_line' id='line_1_16' title="bbox 359 1369 1986 1426; baseline 0.001 -15"><span class='ocrx_word' id='word_1_112' title='bbox 359 1369 414 1414; x_wconf 92' lang='lat' dir='ltr'>P.</span> <span class='ocrx_word' id='word_1_113' title='bbox 438 1371 496 1414; x_wconf 92' lang='lat' dir='ltr'>V.</span> <span class='ocrx_word' id='word_1_114' title='bbox 521 1370 609 1413; x_wconf 89' lang='lat' dir='ltr'>che</span> <span class='ocrx_word' id='word_1_115' title='bbox 631 1369 916 1426; x_wconf 79' lang='lat' dir='ltr'>segnitiamo,</span> <span class='ocrx_word' id='word_1_116' title='bbox 936 1377 982 1413; x_wconf 88' lang='lat' dir='ltr'>et</span> <span class='ocrx_word' id='word_1_117' title='bbox 1004 1371 1093 1413; x_wconf 89' lang='lat' dir='ltr'>che</span> <span class='ocrx_word' id='word_1_118' title='bbox 1115 1370 1155 1413; x_wconf 92' lang='lat' dir='ltr'>ci</span> <span class='ocrx_word' id='word_1_119' title='bbox 1173 1371 1291 1414; x_wconf 87' lang='lat' dir='ltr'>fosse</span> <span class='ocrx_word' id='word_1_120' title='bbox 1313 1371 1527 1414; x_wconf 90' lang='lat' dir='ltr'>mandato</span> <span class='ocrx_word' id='word_1_121' title='bbox 1548 1385 1657 1414; x_wconf 90' lang='lat' dir='ltr'>cosa</span> <span class='ocrx_word' id='word_1_122' title='bbox 1679 1378 1804 1415; x_wconf 88' lang='lat' dir='ltr'>certa</span> <span class='ocrx_word' id='word_1_123' title='bbox 1826 1376 1872 1415; x_wconf 90' lang='lat' dir='ltr'>et</span> <span class='ocrx_word' id='word_1_124' title='bbox 1893 1371 1986 1414; x_wconf 88' lang='lat' dir='ltr'>fer—</span> 
     </span>
     <span class='ocr_line' id='line_1_17' title="bbox 357 1429 1988 1485; baseline 0.001 -14"><span class='ocrx_word' id='word_1_125' title='bbox 357 1443 448 1474; x_wconf 89' lang='lat' dir='ltr'>ma.</span> <span class='ocrx_word' id='word_1_126' title='bbox 473 1430 524 1472; x_wconf 93' lang='lat' dir='ltr'>In</span> <span class='ocrx_word' id='word_1_127' title='bbox 545 1429 799 1481; x_wconf 78' lang='lat' dir='ltr'>substantia</span> <span class='ocrx_word' id='word_1_128' title='bbox 820 1431 862 1473; x_wconf 88' lang='lat' dir='ltr'>le</span> <span class='ocrx_word' id='word_1_129' title='bbox 894 1444 999 1474; x_wconf 92' lang='lat' dir='ltr'>cose</span> <span class='ocrx_word' id='word_1_130' title='bbox 1021 1430 1082 1472; x_wconf 90' lang='lat' dir='ltr'>mi</span> <span class='ocrx_word' id='word_1_131' title='bbox 1103 1430 1265 1485; x_wconf 88' lang='lat' dir='ltr'>paiono</span> <span class='ocrx_word' id='word_1_132' title='bbox 1287 1431 1329 1475; x_wconf 91' lang='lat' dir='ltr'>le</span> <span class='ocrx_word' id='word_1_133' title='bbox 1350 1430 1610 1483; x_wconf 88' lang='lat' dir='ltr'>medesime,</span> <span class='ocrx_word' id='word_1_134' title='bbox 1636 1444 1709 1473; x_wconf 85' lang='lat' dir='ltr'>ma</span> <span class='ocrx_word' id='word_1_135' title='bbox 1731 1429 1762 1472; x_wconf 90' lang='lat' dir='ltr'>il</span> <span class='ocrx_word' id='word_1_136' title='bbox 1784 1429 1920 1472; x_wconf 91' lang='lat' dir='ltr'>modo</span> <span class='ocrx_word' id='word_1_137' title='bbox 1940 1435 1988 1472; x_wconf 90' lang='lat' dir='ltr'>et</span> 
     </span>
     <span class='ocr_line' id='line_1_18' title="bbox 354 1488 1987 1534; baseline 0.001 -4"><span class='ocrx_word' id='word_1_138' title='bbox 354 1488 399 1531; x_wconf 91' lang='lat' dir='ltr'>la</span> <span class='ocrx_word' id='word_1_139' title='bbox 420 1489 633 1532; x_wconf 87' lang='lat' dir='ltr'>methodo</span> <span class='ocrx_word' id='word_1_140' title='bbox 655 1503 767 1532; x_wconf 90' lang='lat' dir='ltr'>sono</span> <span class='ocrx_word' id='word_1_141' title='bbox 789 1489 974 1533; x_wconf 85' lang='lat' dir='ltr'>diuersi.</span> <span class='ocrx_word' id='word_1_142' title='bbox 1000 1490 1034 1531; x_wconf 90' lang='lat' dir='ltr'>Il</span> <span class='ocrx_word' id='word_1_143' title='bbox 1056 1489 1303 1534; x_wconf 88' lang='lat' dir='ltr'>medesimo</span> <span class='ocrx_word' id='word_1_144' title='bbox 1325 1489 1428 1532; x_wconf 90' lang='lat' dir='ltr'>dico</span> <span class='ocrx_word' id='word_1_145' title='bbox 1449 1490 1551 1534; x_wconf 88' lang='lat' dir='ltr'>dell’</span> <span class='ocrx_word' id='word_1_146' title='bbox 1576 1503 1751 1533; x_wconf 88' lang='lat' dir='ltr'>essame</span> <span class='ocrx_word' id='word_1_147' title='bbox 1773 1490 1859 1534; x_wconf 77' lang='lat' dir='ltr'>ohe</span> <span class='ocrx_word' id='word_1_148' title='bbox 1879 1488 1919 1532; x_wconf 88' lang='lat' dir='ltr'>si</span> <span class='ocrx_word' id='word_1_149' title='bbox 1942 1488 1987 1531; x_wconf 85' lang='lat' dir='ltr'>fa</span> 
     </span>
     <span class='ocr_line' id='line_1_19' title="bbox 351 1548 1988 1605; baseline 0.001 -16"><span class='ocrx_word' id='word_1_150' title='bbox 351 1551 454 1603; x_wconf 78' lang='lat' dir='ltr'>post</span> <span class='ocrx_word' id='word_1_151' title='bbox 475 1548 756 1605; x_wconf 80' lang='lat' dir='ltr'>ingressum,</span> <span class='ocrx_word' id='word_1_152' title='bbox 779 1548 829 1590; x_wconf 81' lang='lat' dir='ltr'>in</span> <span class='ocrx_word' id='word_1_153' title='bbox 845 1549 1003 1604; x_wconf 67' lang='lat' dir='ltr'>prima</span> <span class='ocrx_word' id='word_1_154' title='bbox 1020 1549 1296 1604; x_wconf 74' lang='lat' dir='ltr'>probatione,</span> <span class='ocrx_word' id='word_1_155' title='bbox 1318 1550 1499 1592; x_wconf 79' lang='lat' dir='ltr'>benche</span> <span class='ocrx_word' id='word_1_156' title='bbox 1527 1549 1559 1592; x_wconf 94' lang='lat' dir='ltr'>il</span> <span class='ocrx_word' id='word_1_157' title='bbox 1580 1550 1713 1592; x_wconf 92' lang='lat' dir='ltr'>modo</span> <span class='ocrx_word' id='word_1_158' title='bbox 1735 1548 1808 1594; x_wconf 92' lang='lat' dir='ltr'>del</span> <span class='ocrx_word' id='word_1_159' title='bbox 1829 1553 1988 1591; x_wconf 88' lang='lat' dir='ltr'>nostro</span> 
     </span>
     <span class='ocr_line' id='line_1_20' title="bbox 356 1607 1538 1664; baseline 0.003 -14"><span class='ocrx_word' id='word_1_160' title='bbox 356 1621 548 1660; x_wconf 88' lang='lat' dir='ltr'>essame,</span> <span class='ocrx_word' id='word_1_161' title='bbox 573 1607 780 1650; x_wconf 89' lang='lat' dir='ltr'>ordinato</span> <span class='ocrx_word' id='word_1_162' title='bbox 802 1608 874 1650; x_wconf 90' lang='lat' dir='ltr'>dal</span> <span class='ocrx_word' id='word_1_163' title='bbox 893 1608 946 1652; x_wconf 88' lang='lat' dir='ltr'>P.</span> <span class='ocrx_word' id='word_1_164' title='bbox 971 1608 1147 1661; x_wconf 85' lang='lat' dir='ltr'>Natale‚</span> <span class='ocrx_word' id='word_1_165' title='bbox 1170 1607 1231 1650; x_wconf 89' lang='lat' dir='ltr'>mi</span> <span class='ocrx_word' id='word_1_166' title='bbox 1253 1607 1382 1664; x_wconf 85' lang='lat' dir='ltr'>piace</span> <span class='ocrx_word' id='word_1_167' title='bbox 1404 1607 1538 1653; x_wconf 86' lang='lat' dir='ltr'>assai.</span> 
     </span>
    </p>
   </div>
   <div class='ocr_carea' id='block_1_7' title="bbox 814 1721 1525 1846">
    <p class='ocr_par' dir='ltr' id='par_1_7' title="bbox 814 1721 1525 1846">
     <span class='ocr_line' id='line_1_21' title="bbox 1101 1721 1242 1764; baseline -0.007 0"><span class='ocrx_word' id='word_1_168' title='bbox 1101 1721 1242 1764; x_wconf 92' lang='lat' dir='ltr'>LVIII</span> 
     </span>
     <span class='ocr_line' id='line_1_22' title="bbox 814 1807 1525 1846; baseline 0.003 -4"><span class='ocrx_word' id='word_1_169' title='bbox 814 1808 844 1842; x_wconf 90' lang='lat' dir='ltr'>P</span> <span class='ocrx_word' id='word_1_170' title='bbox 853 1834 862 1843; x_wconf 87' lang='lat'>.</span> <span class='ocrx_word' id='word_1_171' title='bbox 894 1807 1225 1845; x_wconf 84' lang='lat' dir='ltr'>FRANCISCUS</span> <span class='ocrx_word' id='word_1_172' title='bbox 1252 1807 1525 1846; x_wconf 91' lang='lat' dir='ltr'>COSTERUS</span> 
     </span>
    </p>
   </div>
   <div class='ocr_carea' id='block_1_8' title="bbox 650 1898 1684 2030">
    <p class='ocr_par' dir='ltr' id='par_1_8' title="bbox 650 1898 1684 2030">
     <span class='ocr_line' id='line_1_23' title="bbox 734 1898 1606 1940; baseline 0.002 -12"><span class='ocrx_word' id='word_1_173' title='bbox 734 1898 940 1930; x_wconf 79' lang='lat' dir='ltr'>SANCTo</span> <span class='ocrx_word' id='word_1_174' title='bbox 973 1900 1289 1930; x_wconf 82' lang='lat' dir='ltr'>FRANCISCO</span> <span class='ocrx_word' id='word_1_175' title='bbox 1322 1899 1390 1931; x_wconf 78' lang='lat' dir='ltr'>DE</span> <span class='ocrx_word' id='word_1_176' title='bbox 1430 1899 1606 1940; x_wconf 83' lang='lat' dir='ltr'>BORJA</span> 
     </span>
     <span class='ocr_line' id='line_1_24' title="bbox 650 1974 1684 2030; baseline 0 -11"><span class='ocrx_word' id='word_1_177' title='bbox 650 1974 806 2019; x_wconf 88' lang='lat' dir='ltr'>Sancti</span> <span class='ocrx_word' id='word_1_178' title='bbox 844 1975 1109 2028; x_wconf 88' lang='lat' dir='ltr'>Audomari,</span> <span class='ocrx_word' id='word_1_179' title='bbox 1151 1987 1201 2030; x_wconf 86' lang='lat'>31</span> <span class='ocrx_word' id='word_1_180' title='bbox 1243 1975 1460 2020; x_wconf 84' lang='lat' dir='ltr'>Octobris</span> <span class='ocrx_word' id='word_1_181' title='bbox 1502 1976 1612 2030; x_wconf 84' lang='lat'>1567</span> <span class='ocrx_word' id='word_1_182' title='bbox 1649 1975 1684 2019; x_wconf 76' lang='lat'>².</span> 
     </span>
    </p>
   </div>
   <div class='ocr_carea' id='block_1_9' title="bbox 515 2062 1817 2159">
    <p class='ocr_par' dir='ltr' id='par_1_9' title="bbox 515 2062 1817 2159">
     <span class='ocr_line' id='line_1_25' title="bbox 515 2062 1817 2111; baseline -0.001 -13"><span class='ocrx_word' id='word_1_183' title='bbox 515 2062 676 2098; x_wconf 81' lang='lat' dir='ltr'>Natalis</span> <span class='ocrx_word' id='word_1_184' title='bbox 689 2064 804 2110; x_wconf 85' lang='lat' dir='ltr'>gesta</span> <span class='ocrx_word' id='word_1_185' title='bbox 822 2064 1083 2110; x_wconf 77' lang='lat' dir='ltr'>Antverpiae,</span> <span class='ocrx_word' id='word_1_186' title='bbox 1103 2064 1324 2110; x_wconf 71' lang='lat' dir='ltr'>Bruxelhs,</span> <span class='ocrx_word' id='word_1_187' title='bbox 1353 2062 1560 2111; x_wconf 73' lang='lat' dir='ltr'>Gauda-vi,</span> <span class='ocrx_word' id='word_1_188' title='bbox 1591 2063 1764 2100; x_wconf 76' lang='lat' dir='ltr'>Tornaci</span> <span class='ocrx_word' id='word_1_189' title='bbox 1780 2065 1817 2099; x_wconf 81' lang='lat' dir='ltr'>et</span> 
     </span>
     <span class='ocr_line' id='line_1_26' title="bbox 967 2123 1366 2159; baseline 0 -1"><span class='ocrx_word' id='word_1_190' title='bbox 967 2123 1107 2159; x_wconf 82' lang='lat' dir='ltr'>Sancti</span> <span class='ocrx_word' id='word_1_191' title='bbox 1125 2123 1366 2159; x_wconf 84' lang='lat' dir='ltr'>Audomari.</span> 
     </span>
    </p>
   </div>
   <div class='ocr_carea' id='block_1_10' title="bbox 347 2197 2025 2788">
    <p class='ocr_par' dir='ltr' id='par_1_10' title="bbox 350 2197 2025 2551">
     <span class='ocr_line' id='line_1_27' title="bbox 524 2197 1979 2257; baseline 0.001 -14"><span class='ocrx_word' id='word_1_192' title='bbox 524 2197 712 2243; x_wconf 80' lang='lat' dir='ltr'>Fuimus</span> <span class='ocrx_word' id='word_1_193' title='bbox 733 2197 863 2242; x_wconf 88' lang='lat' dir='ltr'>initio</span> <span class='ocrx_word' id='word_1_194' title='bbox 891 2200 1026 2242; x_wconf 88' lang='lat' dir='ltr'>huius</span> <span class='ocrx_word' id='word_1_195' title='bbox 1053 2200 1222 2244; x_wconf 80' lang='lat' dir='ltr'>mensis</span> <span class='ocrx_word' id='word_1_196' title='bbox 1250 2199 1555 2257; x_wconf 87' lang='lat' dir='ltr'>Antuerpiae,</span> <span class='ocrx_word' id='word_1_197' title='bbox 1580 2206 1630 2242; x_wconf 92' lang='lat' dir='ltr'>vt</span> <span class='ocrx_word' id='word_1_198' title='bbox 1659 2200 1712 2244; x_wconf 92' lang='lat' dir='ltr'>P.</span> <span class='ocrx_word' id='word_1_199' title='bbox 1747 2200 1803 2244; x_wconf 92' lang='lat' dir='ltr'>T.</span> <span class='ocrx_word' id='word_1_200' title='bbox 1832 2213 1979 2256; x_wconf 84' lang='lat' dir='ltr'>nuper</span> 
     </span>
     <span class='ocr_line' id='line_1_28' title="bbox 350 2245 1977 2315; baseline 0 -14"><span class='ocrx_word' id='word_1_201' title='bbox 350 2245 626 2315; x_wconf 84' lang='lat' dir='ltr'>significaui.</span> <span class='ocrx_word' id='word_1_202' title='bbox 650 2257 840 2314; x_wconf 86' lang='lat' dir='ltr'>Scripsit</span> <span class='ocrx_word' id='word_1_203' title='bbox 867 2259 972 2303; x_wconf 89' lang='lat' dir='ltr'>inde</span> <span class='ocrx_word' id='word_1_204' title='bbox 990 2261 1044 2304; x_wconf 88' lang='lat' dir='ltr'>R.</span> <span class='ocrx_word' id='word_1_205' title='bbox 1076 2260 1129 2304; x_wconf 90' lang='lat' dir='ltr'>P.</span> <span class='ocrx_word' id='word_1_206' title='bbox 1160 2259 1336 2304; x_wconf 90' lang='lat' dir='ltr'>Natalis</span> <span class='ocrx_word' id='word_1_207' title='bbox 1367 2261 1424 2304; x_wconf 88' lang='lat' dir='ltr'>de</span> <span class='ocrx_word' id='word_1_208' title='bbox 1444 2258 1659 2302; x_wconf 89' lang='lat' dir='ltr'>instantia</span> <span class='ocrx_word' id='word_1_209' title='bbox 1686 2258 1977 2314; x_wconf 87' lang='lat' dir='ltr'>hispanorum</span> 
     </span>
     <span class='ocr_line' id='line_1_29' title="bbox 352 2317 1977 2374; baseline 0.001 -14"><span class='ocrx_word' id='word_1_210' title='bbox 352 2332 432 2373; x_wconf 88' lang='lat' dir='ltr'>pro</span> <span class='ocrx_word' id='word_1_211' title='bbox 454 2319 633 2361; x_wconf 89' lang='lat' dir='ltr'>duobus</span> <span class='ocrx_word' id='word_1_212' title='bbox 654 2317 865 2360; x_wconf 89' lang='lat' dir='ltr'>Patribus</span> <span class='ocrx_word' id='word_1_213' title='bbox 886 2332 994 2361; x_wconf 87' lang='lat' dir='ltr'>suae</span> <span class='ocrx_word' id='word_1_214' title='bbox 1017 2318 1225 2371; x_wconf 90' lang='lat' dir='ltr'>nationis</span> <span class='ocrx_word' id='word_1_215' title='bbox 1257 2319 1422 2374; x_wconf 87' lang='lat' dir='ltr'>quibus</span> <span class='ocrx_word' id='word_1_216' title='bbox 1445 2318 1586 2362; x_wconf 87' lang='lat' dir='ltr'>literis</span> <span class='ocrx_word' id='word_1_217' title='bbox 1614 2332 1718 2362; x_wconf 92' lang='lat' dir='ltr'>cum</span> <span class='ocrx_word' id='word_1_218' title='bbox 1741 2332 1830 2374; x_wconf 86' lang='lat' dir='ltr'>ego</span> <span class='ocrx_word' id='word_1_219' title='bbox 1851 2332 1977 2362; x_wconf 86' lang='lat' dir='ltr'>meas</span> 
     </span>
     <span class='ocr_line' id='line_1_30' title="bbox 350 2376 2025 2434; baseline 0 -14"><span class='ocrx_word' id='word_1_220' title='bbox 350 2376 647 2430; x_wconf 88' lang='lat' dir='ltr'>adiunxerim,</span> <span class='ocrx_word' id='word_1_221' title='bbox 667 2391 758 2419; x_wconf 92' lang='lat' dir='ltr'>non</span> <span class='ocrx_word' id='word_1_222' title='bbox 781 2383 850 2421; x_wconf 88' lang='lat' dir='ltr'>est</span> <span class='ocrx_word' id='word_1_223' title='bbox 872 2378 991 2431; x_wconf 85' lang='lat' dir='ltr'>quod</span> <span class='ocrx_word' id='word_1_224' title='bbox 1009 2379 1169 2421; x_wconf 88' lang='lat' dir='ltr'>addam</span> <span class='ocrx_word' id='word_1_225' title='bbox 1192 2377 1330 2430; x_wconf 90' lang='lat' dir='ltr'>aliud,</span> <span class='ocrx_word' id='word_1_226' title='bbox 1356 2392 1490 2434; x_wconf 91' lang='lat' dir='ltr'>quam</span> <span class='ocrx_word' id='word_1_227' title='bbox 1511 2385 1562 2420; x_wconf 91' lang='lat' dir='ltr'>vt</span> <span class='ocrx_word' id='word_1_228' title='bbox 1585 2378 1638 2422; x_wconf 86' lang='lat' dir='ltr'>P.</span> <span class='ocrx_word' id='word_1_229' title='bbox 1658 2379 1718 2422; x_wconf 92' lang='lat' dir='ltr'>V.</span> <span class='ocrx_word' id='word_1_230' title='bbox 1743 2390 1900 2433; x_wconf 88' lang='lat' dir='ltr'>rogem</span> <span class='ocrx_word' id='word_1_231' title='bbox 1916 2391 1974 2420; x_wconf 89' lang='lat' dir='ltr'>ne</span> <span class='ocrx_word' id='word_1_232' title='bbox 2023 2393 2025 2395; x_wconf 83' lang='lat'>·</span> 
     </span>
     <span class='ocr_line' id='line_1_31' title="bbox 350 2435 1972 2492; baseline 0.001 -13"><span class='ocrx_word' id='word_1_233' title='bbox 350 2435 547 2492; x_wconf 89' lang='lat' dir='ltr'>patiatur</span> <span class='ocrx_word' id='word_1_234' title='bbox 573 2437 719 2479; x_wconf 90' lang='lat' dir='ltr'>bonos</span> <span class='ocrx_word' id='word_1_235' title='bbox 746 2435 845 2478; x_wconf 90' lang='lat' dir='ltr'>illos</span> <span class='ocrx_word' id='word_1_236' title='bbox 872 2443 917 2478; x_wconf 89' lang='lat' dir='ltr'>et</span> <span class='ocrx_word' id='word_1_237' title='bbox 945 2437 1151 2482; x_wconf 86' lang='lat' dir='ltr'>liberales</span> <span class='ocrx_word' id='word_1_238' title='bbox 1177 2437 1384 2481; x_wconf 92' lang='lat' dir='ltr'>dominos</span> <span class='ocrx_word' id='word_1_239' title='bbox 1412 2452 1494 2481; x_wconf 86' lang='lat' dir='ltr'>sua</span> <span class='ocrx_word' id='word_1_240' title='bbox 1522 2444 1613 2480; x_wconf 91' lang='lat' dir='ltr'>tam</span> <span class='ocrx_word' id='word_1_241' title='bbox 1650 2436 1864 2479; x_wconf 87' lang='lat' dir='ltr'>diuturna</span> <span class='ocrx_word' id='word_1_242' title='bbox 1891 2450 1972 2480; x_wconf 85' lang='lat' dir='ltr'>ex·-</span> 
     </span>
     <span class='ocr_line' id='line_1_32' title="bbox 351 2494 872 2551; baseline -0.006 -12"><span class='ocrx_word' id='word_1_243' title='bbox 351 2495 608 2551; x_wconf 89' lang='lat' dir='ltr'>pectatione</span> <span class='ocrx_word' id='word_1_244' title='bbox 631 2494 872 2539; x_wconf 88' lang='lat' dir='ltr'>frustrari.</span> 
     </span>
    </p>

    <p class='ocr_par' dir='ltr' id='par_1_11' title="bbox 347 2552 1974 2788">
     <span class='ocr_line' id='line_1_33' title="bbox 436 2552 1971 2622; baseline -0.001 -24"><span class='ocrx_word' id='word_1_245' title='bbox 436 2553 691 2622; x_wconf 79' lang='lat' dir='ltr'>Antuerpia</span> <span class='ocrx_word' id='word_1_246' title='bbox 712 2555 941 2610; x_wconf 78' lang='lat' dir='ltr'>profectus</span> <span class='ocrx_word' id='word_1_247' title='bbox 964 2562 1031 2599; x_wconf 88' lang='lat' dir='ltr'>est</span> <span class='ocrx_word' id='word_1_248' title='bbox 1068 2556 1122 2599; x_wconf 89' lang='lat' dir='ltr'>P.</span> <span class='ocrx_word' id='word_1_249' title='bbox 1160 2554 1335 2599; x_wconf 83' lang='lat' dir='ltr'>Natalis</span> <span class='ocrx_word' id='word_1_250' title='bbox 1373 2553 1640 2611; x_wconf 82' lang='lat' dir='ltr'>Bruxella[s]</span> <span class='ocrx_word' id='word_1_251' title='bbox 1674 2566 1721 2596; x_wconf 94' lang='lat'>11</span> <span class='ocrx_word' id='word_1_252' title='bbox 1747 2552 1899 2607; x_wconf 91' lang='lat' dir='ltr'>huius,</span> <span class='ocrx_word' id='word_1_253' title='bbox 1924 2559 1971 2597; x_wconf 88' lang='lat' dir='ltr'>et</span> 
     </span>
     <span class='ocr_line' id='line_1_34' title="bbox 347 2611 1972 2670; baseline 0 -14"><span class='ocrx_word' id='word_1_254' title='bbox 347 2627 436 2669; x_wconf 85' lang='lat' dir='ltr'>ego</span> <span class='ocrx_word' id='word_1_255' title='bbox 458 2627 562 2656; x_wconf 92' lang='lat' dir='ltr'>cum</span> <span class='ocrx_word' id='word_1_256' title='bbox 580 2613 694 2670; x_wconf 90' lang='lat' dir='ltr'>ipso.</span> <span class='ocrx_word' id='word_1_257' title='bbox 719 2613 944 2658; x_wconf 88' lang='lat' dir='ltr'>Salutauit</span> <span class='ocrx_word' id='word_1_258' title='bbox 965 2613 1054 2657; x_wconf 88' lang='lat' dir='ltr'>illic</span> <span class='ocrx_word' id='word_1_259' title='bbox 1071 2615 1233 2658; x_wconf 88' lang='lat' dir='ltr'>ducem</span> <span class='ocrx_word' id='word_1_260' title='bbox 1262 2615 1474 2657; x_wconf 88' lang='lat' dir='ltr'>albanum</span> <span class='ocrx_word' id='word_1_261' title='bbox 1503 2614 1536 2666; x_wconf 79' lang='lat'>⁵,</span> <span class='ocrx_word' id='word_1_262' title='bbox 1561 2627 1587 2656; x_wconf 88' lang='lat' dir='ltr'>a</span> <span class='ocrx_word' id='word_1_263' title='bbox 1615 2627 1706 2668; x_wconf 93' lang='lat' dir='ltr'>quo</span> <span class='ocrx_word' id='word_1_264' title='bbox 1735 2611 1972 2656; x_wconf 81' lang='lat' dir='ltr'>humanis-—</span> 
     </span>
     <span class='ocr_line' id='line_1_35' title="bbox 347 2670 1973 2729; baseline 0.001 -15"><span class='ocrx_word' id='word_1_265' title='bbox 347 2672 460 2715; x_wconf 89' lang='lat' dir='ltr'>sime</span> <span class='ocrx_word' id='word_1_266' title='bbox 487 2680 533 2718; x_wconf 84' lang='lat' dir='ltr'>et</span> <span class='ocrx_word' id='word_1_267' title='bbox 561 2687 696 2729; x_wconf 89' lang='lat' dir='ltr'>supra</span> <span class='ocrx_word' id='word_1_268' title='bbox 727 2686 908 2715; x_wconf 87' lang='lat' dir='ltr'>omnem</span> <span class='ocrx_word' id='word_1_269' title='bbox 940 2673 1297 2729; x_wconf 80' lang='lat' dir='ltr'>expectationem</span> <span class='ocrx_word' id='word_1_270' title='bbox 1329 2679 1398 2717; x_wconf 89' lang='lat' dir='ltr'>est</span> <span class='ocrx_word' id='word_1_271' title='bbox 1434 2678 1688 2728; x_wconf 87' lang='lat' dir='ltr'>susceptus,</span> <span class='ocrx_word' id='word_1_272' title='bbox 1719 2670 1872 2714; x_wconf 88' lang='lat' dir='ltr'>iussus</span> <span class='ocrx_word' id='word_1_273' title='bbox 1899 2686 1973 2716; x_wconf 87' lang='lat' dir='ltr'>se-</span> 
     </span>
     <span class='ocr_line' id='line_1_36' title="bbox 347 2730 1974 2788; baseline 0.001 -15"><span class='ocrx_word' id='word_1_274' title='bbox 347 2732 471 2784; x_wconf 89' lang='lat' dir='ltr'>dere,</span> <span class='ocrx_word' id='word_1_275' title='bbox 497 2739 636 2788; x_wconf 92' lang='lat' dir='ltr'>caput</span> <span class='ocrx_word' id='word_1_276' title='bbox 657 2730 847 2788; x_wconf 88' lang='lat' dir='ltr'>operire,</span> <span class='ocrx_word' id='word_1_277' title='bbox 867 2738 973 2784; x_wconf 83' lang='lat' dir='ltr'>etc.,</span> <span class='ocrx_word' id='word_1_278' title='bbox 999 2747 1147 2788; x_wconf 88' lang='lat' dir='ltr'>neque</span> <span class='ocrx_word' id='word_1_279' title='bbox 1165 2732 1289 2788; x_wconf 90' lang='lat' dir='ltr'>prius</span> <span class='ocrx_word' id='word_1_280' title='bbox 1311 2733 1383 2775; x_wconf 88' lang='lat' dir='ltr'>vel</span> <span class='ocrx_word' id='word_1_281' title='bbox 1400 2732 1558 2776; x_wconf 86' lang='lat' dir='ltr'>sedere</span> <span class='ocrx_word' id='word_1_282' title='bbox 1573 2731 1647 2774; x_wconf 86' lang='lat' dir='ltr'>vel</span> <span class='ocrx_word' id='word_1_283' title='bbox 1664 2737 1802 2787; x_wconf 91' lang='lat' dir='ltr'>caput</span> <span class='ocrx_word' id='word_1_284' title='bbox 1819 2737 1974 2787; x_wconf 85' lang='lat' dir='ltr'>tegere</span> 
     </span>
    </p>
   </div>
   <div class='ocr_carea' id='block_1_11' title="bbox 359 2819 639 2826">
    <p class='ocr_par' dir='ltr' id='par_1_12' title="bbox 359 2819 639 2826">
     <span class='ocr_line' id='line_1_37' title="bbox 359 2819 639 2826; baseline 0 0"><span class='ocrx_word' id='word_1_285' title='bbox 359 2819 639 2826; x_wconf 95' lang='lat' dir='ltr'> </span> 
     </span>
    </p>
   </div>
   <div class='ocr_carea' id='block_1_12' title="bbox 347 2859 1972 3084">
    <p class='ocr_par' dir='ltr' id='par_1_13' title="bbox 347 2859 1972 3084">
     <span class='ocr_line' id='line_1_38' title="bbox 422 2859 1342 2908; baseline -0.001 -12"><span class='ocrx_word' id='word_1_286' title='bbox 422 2861 430 2880; x_wconf 94' lang='lat'>¹</span> <span class='ocrx_word' id='word_1_287' title='bbox 484 2861 542 2895; x_wconf 88' lang='lat' dir='ltr'>Ex</span> <span class='ocrx_word' id='word_1_288' title='bbox 560 2861 814 2908; x_wconf 84' lang='lat' dir='ltr'>autographO,</span> <span class='ocrx_word' id='word_1_289' title='bbox 835 2859 875 2895; x_wconf 86' lang='lat' dir='ltr'>in</span> <span class='ocrx_word' id='word_1_290' title='bbox 897 2859 995 2895; x_wconf 87' lang='lat' dir='ltr'>Cod.</span> <span class='ocrx_word' id='word_1_291' title='bbox 1019 2871 1070 2906; x_wconf 88' lang='lat'>29</span> <span class='ocrx_word' id='word_1_292' title='bbox 1084 2864 1145 2908; x_wconf 82' lang='lat' dir='ltr'>g),</span> <span class='ocrx_word' id='word_1_293' title='bbox 1163 2871 1210 2907; x_wconf 88' lang='lat'>44</span> <span class='ocrx_word' id='word_1_294' title='bbox 1227 2862 1342 2907; x_wconf 88' lang='lat'>(227).</span> 
     </span>
     <span class='ocr_line' id='line_1_39' title="bbox 417 2919 1972 2969; baseline 0.001 -14"><span class='ocrx_word' id='word_1_295' title='bbox 417 2922 432 2941; x_wconf 73' lang='lat'>²</span> <span class='ocrx_word' id='word_1_296' title='bbox 481 2921 540 2955; x_wconf 84' lang='lat' dir='ltr'>Ex</span> <span class='ocrx_word' id='word_1_297' title='bbox 570 2921 822 2967; x_wconf 85' lang='lat' dir='ltr'>autographo,</span> <span class='ocrx_word' id='word_1_298' title='bbox 855 2919 894 2954; x_wconf 91' lang='lat' dir='ltr'>in</span> <span class='ocrx_word' id='word_1_299' title='bbox 927 2919 1025 2956; x_wconf 86' lang='lat' dir='ltr'>Cod.</span> <span class='ocrx_word' id='word_1_300' title='bbox 1060 2930 1111 2966; x_wconf 86' lang='lat'>29</span> <span class='ocrx_word' id='word_1_301' title='bbox 1137 2921 1201 2969; x_wconf 86' lang='lat' dir='ltr'>g),</span> <span class='ocrx_word' id='word_1_302' title='bbox 1230 2920 1300 2966; x_wconf 86' lang='lat'>345</span> <span class='ocrx_word' id='word_1_303' title='bbox 1334 2920 1452 2968; x_wconf 87' lang='lat'>(169).</span> <span class='ocrx_word' id='word_1_304' title='bbox 1489 2919 1589 2956; x_wconf 87' lang='lat' dir='ltr'>Vide</span> <span class='ocrx_word' id='word_1_305' title='bbox 1618 2919 1736 2967; x_wconf 66' lang='lat' dir='ltr'>epist.</span> <span class='ocrx_word' id='word_1_306' title='bbox 1776 2919 1858 2966; x_wconf 82' lang='lat'>4893</span> <span class='ocrx_word' id='word_1_307' title='bbox 1889 2929 1972 2965; x_wconf 82' lang='lat'>4943</span> 
     </span>
     <span class='ocr_line' id='line_1_40' title="bbox 347 2978 1680 3084; baseline 0.002 -13"><span class='ocrx_word' id='word_1_308' title='bbox 347 2982 388 3012; x_wconf 68' lang='lat' dir='ltr'>et</span> <span class='ocrx_word' id='word_1_309' title='bbox 408 2978 747 3073; x_wconf 53' lang='lat' dir='ltr'>{98Perdinandus</span> <span class='ocrx_word' id='word_1_310' title='bbox 766 3035 933 3072; x_wconf 86' lang='lat' dir='ltr'>Alvarez</span> <span class='ocrx_word' id='word_1_311' title='bbox 950 3037 999 3072; x_wconf 90' lang='lat' dir='ltr'>de</span> <span class='ocrx_word' id='word_1_312' title='bbox 1017 3038 1181 3074; x_wconf 91' lang='lat' dir='ltr'>Toledo.</span> <span class='ocrx_word' id='word_1_313' title='bbox 1208 3037 1308 3074; x_wconf 89' lang='lat' dir='ltr'>Vide</span> <span class='ocrx_word' id='word_1_314' title='bbox 1327 3037 1445 3084; x_wconf 83' lang='lat' dir='ltr'>epist.</span> <span class='ocrx_word' id='word_1_315' title='bbox 1469 3045 1553 3084; x_wconf 87' lang='lat'><strong>497,</strong></span> <span class='ocrx_word' id='word_1_316' title='bbox 1572 3049 1616 3073; x_wconf 91' lang='lat' dir='ltr'>n.</span> <span class='ocrx_word' id='word_1_317' title='bbox 1639 3048 1680 3083; x_wconf 90' lang='lat'>9.</span> 
     </span>
    </p>
   </div>
   <div class='ocr_carea' id='block_1_13' title="bbox 2040 0 2210 100">
    <p class='ocr_par' dir='ltr' id='par_1_14' title="bbox 2040 0 2210 100">
     <span class='ocr_line' id='line_1_41' title="bbox 2040 0 2210 100; baseline 0 3448"><span class='ocrx_word' id='word_1_318' title='bbox 2040 0 2210 100; x_wconf 95' lang='lat' dir='ltr'> </span> 
     </span>
    </p>
   </div>
   <div class='ocr_carea' id='block_1_14' title="bbox 2207 2744 2228 3256">
    <p class='ocr_par' dir='ltr' id='par_1_15' title="bbox 2207 2744 2228 3256">
     <span class='ocr_line' id='line_1_42' title="bbox 2207 2744 2228 3256; baseline 0 292"><span class='ocrx_word' id='word_1_319' title='bbox 2207 2744 2228 3256; x_wconf 95' lang='lat' dir='ltr'> </span> 
     </span>
    </p>
   </div>
  </div>
 </body>
</html>
