2228 3548
387 256 433 294 92
907 245 1047 281 Emsr.
1073 242 1118 278 P.
1145 240 1419 287 Naum—384

339 346 745 394 ecclesiasticorum
763 345 972 390 manibus
993 345 1239 398 firmatum,
1263 344 1339 389 uel
1365 358 1446 400 per
1477 343 1716 400 epistolam
1739 344 1796 388 ab
1818 343 1979 400 ijsdem

343 426 399 468 ad
419 438 647 468 summum
665 423 927 480 pontificem
944 422 1113 473 datam,
1134 426 1347 466 constare
1364 427 1535 477 posset.
1559 422 1697 477 Quod
1714 420 1752 465 si
1769 421 1980 465 catholici

344 502 513 545 nullam
534 500 717 544 omnino
738 499 875 543 huius
897 497 1074 554 concilij
1100 497 1381 542 mentionem
1408 497 1767 554 interponerent,
1792 513 1888 542 non
1909 498 1980 541 vi-

345 579 503 621 demus
520 578 744 634 quomodo
766 575 988 628 excusari,
1015 581 1060 619 et
1081 589 1108 618 a
1129 574 1262 631 graui
1290 573 1542 631 suspitione
1577 574 1758 620 liberari
1784 575 1974 632 possint;

345 654 525 710 quando
547 668 696 709 neque
717 653 764 695 in
781 666 963 697 recessu
981 651 1096 708 ipso,
1121 666 1271 708 neque
1286 651 1333 694 in
1355 659 1587 695 conuentu
1604 651 1875 709 principum,
1897 666 1980 696 ne-

345 720 432 786 que
454 731 574 787 apud
596 744 763 786 paucos
785 729 985 785 quidem,
1005 729 1221 786 dogmata
1242 728 1419 785 concilij
1439 728 1640 785 profiteri
1658 729 1816 783 uelint,
1835 736 1886 772 ut
1907 745 1982 774 re-

344 807 524 865 ligionis
551 822 662 852 suae
695 805 1003 850 testimonium
1038 808 1126 850 hoc
1149 814 1351 862 tempore
1373 812 1418 849 et
1434 807 1551 860 loco,
1577 805 1625 849 in
1654 807 1751 850 foro
1773 806 1986 852 exteriori

343 887 586 942 proferant;
611 884 876 941 praesertim
899 898 1004 927 cum
1028 884 1158 928 aliter
1174 883 1381 940 pontifici
1398 883 1596 927 maximo
1613 890 1658 927 et
1675 884 1894 928 ecclesiae
1911 898 1985 927 sa-

346 962 571 1015 tisfacere,
597 969 642 1007 et
664 961 960 1018 suspitionem
990 962 1143 1006 eluere
1166 975 1259 1004 non
1287 961 1476 1018 possint.
1509 946 1672 1017 Neque
1695 968 1847 1006 tamen
1878 976 1983 1018 pro-

346 1046 514 1096 pterea,
529 1038 703 1084 etiamsi
720 1039 889 1082 nullam
903 1038 1180 1083 mentionem
1193 1038 1551 1095 interponerent,
1566 1039 1623 1082 ad
1637 1038 1864 1095 publicam
1881 1053 1986 1095 pro-

348 1116 633 1160 testationem
662 1115 998 1160 deueniendum
1028 1116 1289 1166 suademus,
1315 1114 1413 1160 sine
1435 1115 1662 1172 pontificis
1683 1129 1807 1159 nouo
1832 1123 1879 1160 et
1907 1130 1989 1159 ex-

354 1207 513 1249 presso
535 1193 764 1236 mandato.

425 1322 574 1360 274v.
1023 1323 1078 1366 4.¹¹
1104 1331 1315 1366 QUAEsno

442 1414 517 1456 An
545 1413 771 1456 confessio
800 1419 1058 1469 augustana
1095 1427 1174 1469 per
1210 1415 1334 1457 hunc
1371 1427 1600 1458 recessum
1628 1413 1894 1457 confirmata
1916 1411 1987 1454 vi-

355 1491 537 1533 deatur?

442 1568 577 1623 Resp.
642 1568 709 1610 Re
737 1581 847 1612 uera
874 1581 965 1610 non
987 1567 1281 1611 confirmatur
1303 1576 1458 1625 aperte
1479 1583 1505 1612 a
1527 1567 1762 1613 catholicis
1782 1567 1857 1611 illa
1879 1581 1993 1611 con-

354 1643 504 1697 fessio,
525 1658 640 1699 quae
658 1645 713 1686 ab
736 1644 989 1697 haereticis,
1011 1643 1131 1688 sicut
1148 1659 1228 1702 per
1244 1645 1336 1688 vim
1353 1645 1545 1698 intrusa,
1565 1645 1630 1689 sic
1648 1647 1872 1688 hactenus
1889 1657 1992 1688 sce-

351 1721 492 1764 lerate
507 1721 692 1764 defensa
714 1728 797 1774 est3
827 1728 872 1766 et
893 1722 951 1764 ob
982 1722 1278 1766 sectariorum
1301 1722 1551 1780 potentiam
1573 1721 1865 1766 acatholicis
1895 1735 1987 1765 non

354 1797 502 1852 potuit
529 1797 783 1853 prohiberi,
824 1799 1067 1853 quominus
1094 1814 1120 1842 a
1147 1799 1299 1843 multis
1337 1800 1630 1857 reciperetur.
1660 1800 1774 1843 Illud
1801 1798 1985 1855 quidem

354 1888 512 1917 uerum
534 1881 618 1928 est,
644 1875 1053 1931 praesumptionem
1077 1883 1123 1921 et
1144 1877 1443 1934 suspitionem
1472 1891 1573 1922 esse
1601 1891 1809 1934 grauem,
1842 1875 1880 1919 si
1909 1890 1989 1919 ca-

354 1950 507 1994 tholici
528 1952 652 1994 nullo
681 1959 813 2008 pacto
843 1952 1074 1996 tridentini
1102 1954 1280 2011 concilij
1311 1954 1589 2000 mentionem
1621 1955 1770 1998 facere
1798 1954 1986 1997 uellent.

1026 2067 1080 2112 5.·
1106 2075 1318 2110 ΩυΑΕεἸ-ιο

442 2142 516 2184 An
553 2141 770 2186 haeretici
806 2144 1042 2200 censendi,
1083 2145 1160 2200 qui
1198 2153 1546 2200 consenserunt,
1579 2143 1780 2190 recessui
1819 2143 1993 2188 scilicet

356 2217 633 2273 supradicto,
657 2218 731 2261 uel
753 2220 1059 2274 consentiunt,
1091 2222 1358 2278 praesertim
1379 2229 1482 2280 post
1514 2221 1755 2266 concilium
1785 2220 1994 2264 tridenti—

360 2308 469 2336 num
493 2293 581 2336 iam
604 2293 804 2337 editum?

444 2372 581 2427 Resp.
607 2371 837 2416 Haeretici
858 2375 1073 2419 censendi
1095 2375 1357 2420 huiusmodi
1378 2391 1470 2420 non
1492 2375 1723 2430 uidentur,
1748 2374 1826 2431 qui
1856 2381 1991 2419 antea
2018 2406 2021 2408 -

356 2446 554 2491 recessui
590 2457 935 2503 consenserunt,
978 2453 1050 2496 uel
1087 2467 1209 2496 nunc
1240 2455 1356 2497 forte
1384 2452 1688 2505 consentient,
1720 2450 1858 2495 etiam
1888 2457 1991 2507 post

355 2523 526 2567 editum
554 2524 812 2567 concilium.
854 2527 1234 2584 Quandoquidem
1271 2530 1384 2573 nihil
1421 2528 1678 2573 confirmari
1711 2528 1920 2571 videmus
1943 2527 1991 2571 in

353 2614 408 2643 eo
425 2613 623 2654 recessu,
644 2601 766 2657 quod
788 2610 941 2658 aperte
962 2619 1066 2648 cum
1090 2606 1195 2651 fidei
1218 2606 1510 2664 dogmatibus
1533 2612 1725 2663 pugnet.
1748 2606 1805 2648 Et
1827 2605 1865 2648 si
1882 2604 1992 2660 quid

353 2674 400 2717 in
421 2677 508 2719 hoc
531 2692 729 2731 receSSU,
751 2687 934 2735 recepto
958 2683 1031 2726 uel
1048 2684 1323 2741 recipiendo,
1342 2690 1581 2740 peccatum
1597 2689 1734 2736 esset,
1755 2681 1862 2725 licet
1883 2696 1994 2738 pec-

350 2758 505 2795 cantes
528 2754 727 2810 suspecti
751 2755 914 2810 forent,
947 2773 1038 2801 non
1071 2766 1223 2805 tamen
1251 2759 1467 2805 haeretici
1495 2760 1631 2816 plane
1659 2766 1814 2804 essent
1835 2758 1994 2804 existi-

355 2828 526 2882 mandi,
553 2830 639 2873 nisi
665 2846 712 2875 re
735 2838 860 2876 certo
883 2835 1130 2890 explorata.

1028 2947 1084 2984 6.⁸
1110 2956 1322 2991 QUAESTIO

446 3022 523 3065 An
545 3025 799 3070 necessaria
820 3026 1029 3072 videatur
1049 3031 1315 3087 protestatio
1336 3038 1520 3089 propter
1540 3031 1732 3075 offitium
1753 3029 1915 3087 legati?
