2228 3548
388 294 460 330 440
902 282 1046 318 Ems'r.
1073 275 1119 317 P.
1147 280 1339 316 NADAL—
1346 280 1417 326 476

343 400 435 429 non
457 384 551 428 solo
574 383 611 426 si
633 385 724 439 puo
747 382 952 440 obligare
972 382 1015 426 13
1037 380 1320 438 Compagnia
1348 396 1373 424 a
1402 395 1452 425 se
1478 387 1643 434 stessa,
1669 395 1742 424 ma
1762 377 1975 423 etiamdio

342 476 428 506 con
445 459 696 504 conditioni
715 459 788 503 alli
805 458 1038 503 fundatori
1055 465 1100 504 et
1117 457 1575 517 fundationi,·sicome
1590 457 1628 501 si
1650 458 1748 502 fece
1764 457 1807 500 al
1823 463 1974 512 tempo

338 539 412 583 del
438 540 488 581 P.
516 539 630 580 Mro.
656 536 837 593 Ignatio
859 537 979 580 nella
1001 534 1268 580 fundatione
1287 534 1333 579 di
1361 534 1580 588 Messina,
1604 534 1650 578 di
1677 534 1900 587 Palermo‚
1926 539 1972 578 et

336 614 382 657 di
401 615 627 666 Cordoua,
642 620 687 657 et
705 613 816 657 altre
833 614 921 658 che
936 612 975 657 si
993 613 1143 658 fecero
1159 615 1314 655 mutuo
1330 615 1575 655 contractu.
1596 613 1750 666 Resta,
1764 610 1802 655 si
1818 610 1842 655 ὲ
1859 624 1971 654 con-

336 767 384 811 in
407 775 568 823 questo
591 766 745 825 voglio
765 766 910 824 prima
937 767 1033 813 dire
1052 767 1238 828 sactum
1261 767 1432 824 ipsum.
1469 767 1517 809 Io
1544 780 1684 823 penso
1711 764 1972 810 ricordarmi

335 845 382 888 di
405 852 529 890 certo
552 845 639 890 che
663 845 801 888 molte
823 845 947 889 uolte
970 846 1032 888 ho
1053 845 1179 888 detto
1200 844 1247 888 in
1270 845 1430 897 Roma,
1450 858 1543 887 non
1563 857 1616 888 so
1638 857 1688 888 se
1707 843 1795 887 alla
1815 844 1870 887 P.
1890 843 1968 895 V.,

337 937 411 965 ma
432 923 475 966 al
497 923 555 966 N.
578 924 630 966 P.
652 924 768 967 Mro.
790 923 989 978 Laynez,
1009 929 1055 968 et
1077 923 1119 966 al
1137 924 1189 966 P.
1212 921 1404 976 Madrid,
1425 928 1471 966 et
1493 923 1546 965 P.
1572 922 1686 965 Mro.
1709 921 1922 974 Polanco‚
1943 920 1974 963 il
2017 963 2024 969 .

335 999 425 1044 mio
446 1013 621 1057 parere:
647 999 761 1053 6106,
786 1001 875 1044 che
897 999 1031 1043 simili
1053 998 1321 1057 obligationi
1348 1005 1549 1056 puoteua
1577 998 1671 1043 fare
1702 998 1746 1042 13
1772 997 1970 1054 Compa-

332 1077 458 1135 gnia,
484 1077 621 1121 etiam
643 1077 690 1120 di
712 1078 861 1133 quelle
882 1078 974 1122 due
995 1091 1116 1122 cose.
1142 1078 1199 1120 Et
1221 1077 1434 1121 hauendo
1454 1077 1512 1120 de
1533 1077 1707 1119 trattar’
1732 1074 1776 1118 io
1791 1074 1849 1118 de
1866 1074 1971 1118 fun·

331 1155 521 1208 dationi,
546 1169 748 1211 pensaua
769 1156 858 1199 che
880 1155 923 1199 la
946 1156 999 1198 P.
1021 1155 1078 1199 V.
1105 1154 1195 1198 fusi
1221 1154 1279 1198 da
1307 1153 1455 1218 questi
1483 1152 1559 1196 doi
1587 1151 1723 1197 Padri
1750 1150 1974 1196 aduertita

331 1232 406 1276 del
429 1232 520 1276 mio
542 1233 694 1285 modo,
721 1246 850 1276 come
873 1232 1056 1276 haueuo
1077 1232 1135 1275 da
1156 1230 1432 1276 incaminare
1457 1231 1502 1274 le
1530 1228 1806 1283 fundationi,
1830 1232 1973 1287 eino-

331 1310 546 1352 minatim
565 1309 781 1353 hauendo
798 1308 844 1352 in
863 1315 1024 1365 questo
1040 1309 1174 1352 modo
1191 1314 1377 1352 trattato
1393 1308 1440 1351 in
1458 1306 1726 1364 Olom[utio]
1742 1313 1780 1360 ²,
1800 1306 1845 1350 10
1861 1304 1975 1350 scri-

331 1386 371 1431 si
393 1387 479 1430 alla
502 1388 555 1431 P.
582 1387 640 1431 V.
667 1387 726 1430 da
747 1387 987 1443 Inspruch‚
1013 1386 1055 1430 al
1077 1385 1299 1443 principio
1323 1384 1367 1429 d’
1389 1385 1603 1438 Ottobre,
1623 1391 1668 1429 et
1688 1383 1823 1428 insin’
1843 1383 1976 1427 ades-·

327 1478 383 1517 so
404 1478 496 1507 non
519 1465 580 1506 ho
603 1465 799 1507 hauutto
821 1463 1103 1508 risolutione.
1130 1462 1189 1507 Di
1212 1463 1347 1506 modo
1371 1464 1459 1508 che
1487 1462 1756 1519 simpliciter
1777 1469 1978 1518 puoteuo

327 1555 520 1598 pensare
542 1542 631 1586 che
652 1541 696 1584 13
719 1542 773 1584 Ρ.
800 1542 858 1585 V.
885 1541 929 1584 10
951 1540 1174 1585 rimeteua
1195 1555 1221 1584 3
1242 1555 1331 1594 me,
1355 1547 1401 1584 et
1422 1554 1516 1584 non
1543 1541 1725 1584 haueua
1753 1539 1864 1583 total
1884 1536 1975 1581 dif-

328 1618 498 1673 ficolta,
524 1618 687 1675 poiche
709 1617 770 1661 mi
791 1618 990 1662 lasciaua
1013 1619 1123 1662 fare.
1145 1619 1202 1662 Et
1225 1617 1269 1661 in
1294 1624 1455 1675 questo
1476 1617 1538 1661 mi
1559 1617 1791 1661 confermo
1813 1617 1841 1658 l'
1867 1614 1975 1659 ulti—

329 1710 404 1739 ma
425 1696 602 1749 lettera,
627 1696 715 1740 che
737 1695 798 1738 mi
821 1696 870 1739 fu
891 1695 1048 1739 scritta
1069 1710 1149 1752 per
1170 1696 1213 1740 la
1235 1694 1501 1739 fundatione
1523 1694 1568 1738 di
1589 1693 1737 1751 Spira,
1761 1693 1880 1737 doue
1902 1699 1973 1735 to-

329 1773 477 1817 cando
511 1773 555 1815 la
586 1774 638 1816 Ρ.
672 1773 750 1825 V.,
781 1787 809 1816 o
837 1772 867 1815 11
897 1775 950 1816 P.
983 1774 1099 1817 Mro.
1127 1773 1327 1817 Polanco
1347 1787 1427 1830 per
1450 1770 1786 1824 commissione,
1811 1776 1972 1827 queste

331 1849 578 1894 medesime
594 1848 830 1903 difficolta,
850 1849 1219 1906 semplicemente
1234 1849 1272 1893 si
1289 1849 1468 1894 rimette
1484 1864 1512 1893 3
1531 1863 1604 1893 me
1625 1849 1669 1892 13
1686 1847 1967 1899 fundatione,

331 1927 422 1971 che
454 1925 632 1983 puotesi
662 1925 992 1979 conchiudere,
1014 1934 1103 1970 etc.
1136 1928 1172 1970 Ι1
1198 1927 1286 1971 6116
1316 1929 1469 1970 tamen
1497 1926 1540 1970 io
1568 1940 1662 1970 non
1691 1926 1810 1979 fece,
1835 1924 1972 1968 riser-

335 2004 487 2047 uando
524 2003 567 2046 13
604 2003 906 2047 accettatione
943 2004 1029 2047 alla
1067 2006 1120 2048 P.
1156 2005 1234 2057 V.,
1269 2018 1398 2048 come
1434 2005 1604 2048 hauera
1634 2002 1767 2046 visto.
1803 2000 1974 2046 Guidai

336 2084 490 2123 tamen
511 2079 544 2123 il
566 2079 753 2137 negotio
775 2093 907 2125 come
928 2080 989 2123 mi
1011 2095 1194 2137 pareua,
1220 2081 1454 2138 pensando
1483 2079 1529 2124 di
1556 2078 1788 2136 seguitare
1818 2079 1861 2121 13
1893 2092 1971 2121 νο-

337 2158 462 2201 lonta
490 2157 608 2202 della
638 2158 690 2200 P.
717 2158 772 2201 V.
801 2157 1036 2212 Quantum
1068 2159 1129 2201 ad
1160 2159 1252 2211 ius,
1281 2163 1327 2203 et
1354 2158 1440 2201 3116
1468 2155 1803 2209 constitutioni,
1834 2169 1976 2213 penso

336 2235 427 2278 che
454 2235 497 2278 13
527 2236 580 2278 Ρ.
612 2235 691 2289 V.,
723 2248 852 2280 come
880 2235 941 2278 ho
972 2236 1119 2289 detto,
1151 2237 1253 2279 sara
1273 2242 1491 2279 contenta
1512 2236 1601 2279 che
1627 2233 1671 2277 io
1694 2232 1976 2290 rappresenti

336 2311 453 2356 altra
480 2312 605 2355 uolta
633 2310 663 2354 il
690 2310 780 2354 mio
807 2326 965 2368 parere
993 2314 1078 2358 che
1106 2314 1167 2356 ho
1200 2311 1372 2356 scritto.
1405 2313 1512 2356 Non
1542 2326 1673 2368 pare,
1705 2310 1876 2364 Padre,
1906 2308 1974 2353 sia

337 2395 497 2432 contra
517 2387 548 2431 il
570 2387 639 2442 7.⁰
661 2387 853 2444 capitolo
874 2389 991 2432 della
1018 2402 1047 2444 4
1074 2396 1224 2446 parte,
1249 2389 1278 2432 l'
1303 2388 1580 2446 obligatione
1607 2402 1634 2431 a
1662 2388 1796 2432 modo
1824 2387 1967 2439 dett0,

338 2467 507 2522 perche
529 2479 636 2522 pare
659 2466 747 2510 6116
769 2466 874 2521 quel
896 2480 1007 2523 capo
1021 2467 1042 2494 b
1063 2466 1102 2510 si
1123 2466 1346 2524 aggionse
1373 2465 1490 2510 assai
1516 2464 1638 2522 dipoi
1665 2465 1710 2508 d’
1733 2478 1856 2509 esser
1884 2476 1970 2519 pu-

339 2542 504 2587 blicate
525 2543 567 2586 le
590 2541 917 2596 constitutioni3
938 2543 1017 2587 hoc
1038 2548 1103 2587 est
1124 2543 1168 2587 io
1189 2559 1284 2587 non
1301 2542 1329 2586 l’
1346 2543 1486 2588 hebbi
1502 2542 1550 2585 in
1566 2543 1752 2599 Spagna
1767 2541 1811 2584 13
1826 2539 1971 2597 prima

339 2619 462 2663 volta
485 2621 511 2663 ¹:
538 2626 584 2664 et
606 2620 644 2662 s'
668 2619 854 2664 intende
881 2620 926 2662 di
957 2635 1049 2664 non
1079 2620 1261 2666 hauersi
1289 2621 1335 2664 d'
1359 2618 1548 2677 obligar’
1570 2620 1614 2663 la
1640 2616 1921 2675 Compagnia
1946 2630 1972 2659 a

408 2785 429 2806 ²
467 2778 707 2826 Consumpta
723 2778 855 2814 charta
867 2804 876 2822 ,
896 2778 1055 2814 ultimae
1074 2780 1248 2827 syllabae
1267 2778 1553 2827 perierunt.--b
1579 2776 1765 2824 Sequitur
1781 2776 1847 2813 che
1874 2773 1970 2811 obli-

339 2840 525 2873 teratum.

407 2972 418 2992 ¹
471 2973 621 3010 Natalis
655 2973 695 3009 in
729 2972 971 3020 Hispaniam,
1005 2974 1307 3011 constitutiones
1341 2974 1671 3022 promulgaturus,
1710 2972 1820 3009 venit
1859 2969 1970 3007 initio

334 3030 426 3066 anni
453 3031 560 3077 1553.
590 3032 690 3068 Vide
715 3033 848 3087 Epist.
877 3032 1032 3076 Natal„
1058 3035 1088 3081 1,
1125 3033 1191 3080 143
1222 3039 1262 3070 et
1291 3045 1405 3081 seqq.
1443 3033 1559 3080 Quod
1587 3038 1718 3068 autem
1741 3031 1804 3067 hic
1827 3028 1967 3066 asserit

334 3089 499 3133 Natalis,
525 3096 642 3138 eaput
665 3091 816 3128 scilicet
839 3091 1048 3138 septimum
1072 3099 1232 3140 quartae
1256 3093 1355 3140 parti
1378 3091 1702 3129 constitutionum
1730 3090 1854 3128 multo
1877 3092 1967 3149 post
