2228 3548
409 266 482 302 224
835 256 973 291 EPIST.
1001 255 1045 291 P.
1073 254 1344 300 NADAL-4²5
1366 263 1422 291 ET
1445 254 1518 301 426

362 364 514 402 mente
534 371 617 400 sua
643 356 898 400 santissima
925 357 1124 400 volonta.
1158 356 1325 399 Amen.
1352 357 1424 400 Da
1452 356 1704 412 Olomutio,
1745 357 1820 402 alli
1858 370 1913 413 27
1945 360 1996 403 d'

357 437 534 491 Agosto
563 434 686 488 1566.
710 435 768 477 D.
795 435 848 476 P.
875 434 932 477 V.
960 447 1093 477 seruo
1123 447 1181 478 en
1203 432 1307 486 X.⁰,

1438 515 1468 574 †
1499 517 1685 635 NAgrAL.
1721 517 1751 576 †

439 666 682 721 Inscripiio
704 666 755 707 in
777 669 943 721 quarta
958 666 1158 722 pagina:
1171 666 1304 723 jhus.
1330 665 1391 709 Al
1412 666 1554 710 molto
1582 666 1696 711 Rdo.
1729 668 1878 713 Padre
1899 683 1986 712 no·-

349 750 442 786 stro
463 742 509 785 in
537 741 719 786 Christo
747 742 779 784 il
808 743 861 785 Ρ.
903 743 1157 786 Francesco
1192 743 1249 786 de
1283 741 1468 799 Borgia,
1504 743 1734 800 preposito
1770 746 1989 801 generale

348 820 465 863 della
487 818 769 876 Compagnia
791 820 847 863 de
862 821 974 877 Jessi
995 826 1083 863 etc.
1104 819 1134 877 †
1151 821 1310 863 Roma.
1337 820 1446 862 Alia
1462 834 1621 863 manu:
1637 820 1691 865 C.
1719 822 1847 876 1566.
1870 822 1992 867 010-

348 897 505 940 mutio.
533 899 585 940 P.
612 897 789 950 Natale,
812 908 867 951 27
889 896 935 939 di
957 898 1152 954 Agosto.
1184 897 1437 954 Vestigium
1459 897 1625 955 sigilli.

1104 1009 1226 1049 425

808 1093 853 1130 S.
886 1092 1217 1130 FRANCISCUS
1244 1093 1314 1129 DE
1339 1092 1511 1140 BORJA

728 1160 914 1203 PATRI
962 1159 1340 1203 HIERONYMO
1388 1160 1608 1204 NADAL

864 1244 1030 1281 ROMAE,
1049 1234 1096 1271 30
1115 1243 1299 1272 Aneus‘n
1320 1235 1411 1281 1566
1433 1236 1459 1272 ¹.

347 1301 521 1338 Litterae
538 1302 656 1337 datae
677 1300 865 1349 Georgio,
888 1301 1024 1343 Petro,
1046 1299 1342 1348 christophoro,
1354 1301 1514 1348 Joanni
1531 1304 1569 1338 et
1577 1301 1728 1349 jacobo
1746 1302 1790 1338 in
1812 1301 1987 1338 Germa*

942 1361 1055 1396 niam
1074 1361 1204 1396 Roma
1221 1361 1370 1396 missis.

436 1442 531 1483 Pax
548 1439 652 1496 Xpi.
675 1447 763 1484 etc.
785 1439 927 1484 Molto
945 1439 1058 1482 Rdo.
1080 1438 1128 1482 in
1149 1438 1235 1483 X.⁰
1259 1439 1422 1484 Padre.
1444 1438 1497 1483 Li
1515 1438 1735 1496 portatori
1756 1439 1802 1482 di
1820 1447 1983 1495 questa

347 1531 540 1560 saranno
563 1517 593 1558 il
617 1518 669 1559 P.
695 1515 916 1573 Georgio,
942 1516 1130 1560 todesco
1152 1515 1186 1569 ²,
1211 1515 1399 1559 insieme
1420 1516 1491 1559 col
1513 1516 1692 1560 fratello
1715 1515 1886 1570 Pietro,
1910 1517 1956 1560 lo
1973 1542 1983 1549 -

346 1593 585 1647 uaniense,
622 1593 920 1646 Christoforo‚
956 1594 1157 1645 todesco,
1193 1592 1461 1645 Giouanne‚
1495 1592 1688 1650 inglese,
1721 1600 1766 1638 et
1788 1595 1983 1651 Jacobo,

345 1685 594 1727 genuense,
619 1670 648 1712 il
672 1671 803 1726 quale
824 1685 883 1714 ua
903 1685 983 1726 per
1012 1684 1343 1727 acompagnare
1369 1676 1415 1713 et
1442 1670 1614 1714 aiutare
1637 1671 1693 1715 V.
1721 1672 1796 1723 R„
1821 1685 1980 1716 essen-

344 1747 443 1792 dosi
464 1749 654 1791 amalato
676 1747 707 1790 il
730 1749 782 1790 P.
808 1747 912 1792 Gio.
932 1748 1104 1806 Jacobo
1126 1749 1268 1791 Basso
1285 1748 1318 1800 ⁵,
1343 1746 1374 1790 il
1396 1747 1529 1804 quale
1550 1749 1683 1803 pero,
1715 1762 1764 1791 se
1795 1749 1983 1804 quando

342 1823 633 1868 arriuaranno
655 1840 681 1867 a
703 1826 866 1868 Loreto
893 1827 1014 1869 stara
1041 1839 1167 1877 sano,
1192 1825 1360 1868 andara
1388 1823 1435 1868 in
1463 1825 1602 1881 luogo
1630 1823 1676 1867 di
1698 1825 1887 1882 Jacobo.
1913 1825 1980 1870 Se.

343 1901 591 1958 agiongera
611 1917 637 1945 a
659 1901 723 1958 gli
745 1902 845 1944 altri
874 1901 918 1944 in
951 1903 1157 1959 Bologna
1183 1902 1215 1945 il
1244 1902 1420 1945 fratello
1449 1903 1583 1945 Mtro.
1617 1901 1824 1954 Matthia,
1849 1902 1974 1945 colo-

341 1978 514 2033 niense,
535 1978 565 2021 il
582 1979 714 2034 quale
731 1980 756 2022 e
777 1994 839 2021 un
857 1987 1076 2036 suggetto
1094 1979 1233 2023 molto
1250 1980 1403 2023 buono
1424 1985 1470 2023 et
1493 1978 1712 2031 uirtuoso,
1734 1993 1806 2022 ma
1823 1993 1918 2022 non
1936 1979 1973 2023 si

340 2062 471 2099 troua
491 2070 601 2099 sano
623 2055 670 2098 in
691 2056 831 2099 Italia.
858 2059 927 2101 De
950 2057 1013 2113 gli
1035 2056 1136 2100 altri
1158 2058 1243 2100 che
1270 2071 1422 2100 uanno
1450 2056 1521 2099 col
1550 2057 1603 2099 P.
1629 2056 1859 2112 Gregorio
1878 2056 1911 2109 ⁴,
1936 2056 1974 2100 si

338 2133 488 2178 scriue
517 2140 672 2190 aparte
690 2135 721 2176 ⁵.
754 2134 880 2176 Tutti
902 2134 943 2177 ci
966 2134 1340 2178 raceomandamo
1356 2134 1474 2178 nelle
1490 2132 1683 2177 orationi
1701 2140 1747 2178 et
1764 2133 1979 2179 sacrificii
1995 2190 1998 2191 ⁷

340 2210 386 2253 di
410 2212 468 2255 V.
494 2212 549 2255 R.
575 2218 662 2256 etc.
688 2210 748 2254 Di
769 2212 926 2263 Roma,
947 2212 977 2254 li
1001 2225 1057 2266 30
1079 2211 1124 2254 di
1141 2212 1337 2268 Agosto,
1369 2211 1497 2266 1566.

1097 2317 1220 2358 ‹12ss

805 2387 845 2423 S.
875 2388 1205 2425 FRANCISCUS
1234 2387 1307 2424 DE
1333 2386 1503 2434 BORJA

713 2454 897 2497 PATRI
945 2454 1320 2498 HIERONYMO
1368 2454 1586 2498 NADAL

855 2539 999 2565 ROMAE
1012 2559 1021 2576 ,
1040 2530 1086 2566 30
1104 2538 1288 2567 Avensa-1
1308 2530 1400 2576 1566
1417 2531 1445 2566 ⁶.

395 2595 573 2631 Litterae
590 2595 710 2630 datae
728 2595 781 2631 P.
809 2594 1006 2642 Gregorio
1024 2595 1193 2643 Roseffio
1210 2599 1246 2632 et
1262 2596 1379 2632 sociis
1395 2595 1526 2631 missis
1543 2595 1588 2631 in
1610 2594 1896 2632 Germaniam.

424 2674 524 2717 Pax
545 2671 621 2716 X}
647 2672 789 2715 Molto
809 2673 923 2716 Rdo.
949 2673 995 2716 in
1017 2675 1102 2717 X.⁰
1127 2674 1289 2718 Padre.
1311 2673 1363 2717 Li
1380 2672 1596 2729 portatori
1613 2673 1659 2716 di
1676 2680 1836 2728 questa
1854 2688 1971 2718 sono

405 2834 415 2854 ¹
467 2832 526 2867 Ex
543 2832 733 2883 Regesto,
754 2830 849 2867 Cod.
870 2841 913 2877 33
925 2832 983 2879 f),
1003 2832 1073 2868 fol.
1102 2841 1188 2878 170.
1211 2833 1256 2868 In
1274 2831 1464 2878 margine:
1484 2832 1534 2868 P.
1554 2831 1701 2868 Natat.

404 2893 418 2912 ‘²
469 2889 611 2926 Bader.
636 2889 737 2925 Vide
756 2901 845 2936 pag.
868 2899 948 2937 159,
968 2897 1098 2927 annot.
1119 2890 1157 2928 5.
1356 2891 1371 2912 ³
1420 2890 1520 2926 Vide
1539 2891 1654 2938 epist.
1673 2900 1759 2937 422,
1778 2903 1820 2927 n.
1845 2900 1882 2937 5.

405 2951 420 2970 ⁴
468 2950 680 2985 Roseffius.
1353 2951 1368 2972 ⁵
1417 2948 1518 2986 Vide
1536 2949 1650 2997 epist.
1670 2955 1914 2998 sequentem.

402 3009 418 3030 ⁶
466 3009 524 3043 Ex
540 3009 728 3054 Regesto‚
750 3005 844 3043 Cod.
867 3018 909 3053 33
920 3007 979 3055 f),
999 3007 1070 3046 fol.
1097 3018 1176 3055 170.
1197 3010 1243 3045 In
1267 3008 1456 3056 margine:
1482 3009 1626 3045 Eidem
1651 3009 1829 3056 [Natalij.
1860 3008 1969 3045 Vide

330 3067 447 3114 epist.
467 3066 779 3114 praecedentem.
