2228 3548
878 263 923 303 ³1
951 263 1169 304 ocmnms
1195 271 1287 311 1575
1784 264 1861 311 παῦ

1020 436 1146 479 586

698 522 753 569 Ρ.
789 522 1205 567 HIERONYMUS
1237 522 1457 567 NADAL

581 611 768 647 PATRI
805 609 1139 648 EVERARDO
1177 609 1586 649 MERCURIANO

723 701 882 739 HALAss,
910 692 955 730 31
983 701 1192 731 oc'romns
1217 691 1264 739 (ἲ)
1292 701 1382 740 1575
1406 693 1437 730 ¹.

329 772 392 808 De
409 771 644 819 imaginum
661 772 770 808 vitae
789 770 944 808 Christi
959 771 1147 813 editione,
1171 773 1209 807 et
1225 771 1274 807 de
1290 771 1396 808 libro
1409 770 1624 818 cujusdam
1640 773 1835 810 haeretici

955 830 1193 879 refellendo.
1631 841 1636 844 ·

348 916 377 974 -ἰ-
402 916 568 970 Padre,
593 929 674 972 per
695 921 859 959 metter
880 929 907 958 a
926 922 1055 971 parte
1072 914 1103 957 il
1119 913 1308 971 negotio
1323 913 1459 958 etiam
1476 915 1596 960 delle
1611 914 1818 972 imagini,
1840 918 1904 961 ho

252 994 415 1037 voluto
437 993 714 1049 ripresentar
735 1007 762 1036 a
783 993 841 1037 V.
869 993 922 1036 P.
947 990 987 1035 si
1008 975 1072 1048 gli
1090 990 1261 1047 paressi
1277 992 1379 1044 che,
1400 992 1642 1036 emendato
1659 999 1680 1020 ⁸
1705 992 1737 1035 il
1761 1000 1899 1048 tutto,

251 1071 456 1114 secondo
478 1071 563 1113 che
585 1070 743 1126 paterii
764 1069 883 1114 dalle
910 1082 1102 1114 censure
1134 1067 1207 1112 del
1236 1068 1288 1111 P.
1322 1069 1489 1112 Torres
1519 1076 1566 1112 et
1602 1070 1832 1126 Gregorio
1863 1072 1900 1126 ²,

253 1149 344 1192 che
365 1148 395 1190 l'
420 1149 574 1190 hanno
595 1146 643 1189 in
664 1158 814 1200 mano,
839 1144 877 1190 si
899 1145 1177 1190 scrIuessero
1193 1144 1240 1188 di
1258 1146 1377 1188 bona
1393 1143 1522 1189 litera
1539 1153 1585 1189 et
1608 1148 1902 1192 mandassem

259 1226 301 1267 al
327 1227 379 1268 P.
406 1223 639 1268 Harlemio
661 1223 694 1276 ³,
719 1230 765 1267 et
786 1229 976 1280 prouato
997 1221 1030 1266 il
1051 1229 1171 1266 tutto
1187 1235 1269 1279 per
1284 1221 1316 1265 il
1332 1222 1580 1266 medesimo
1598 1225 1747 1268 Padre
1763 1232 1810 1267 et
1832 1226 1902 1268 al-

255 1316 356 1357 gun
379 1299 524 1344 solido
545 1301 697 1344 dottor
716 1300 763 1344 di
785 1299 1005 1353 Louanio,
1030 1299 1069 1343 si
1090 1299 1277 1344 dessero
1296 1314 1324 1343 a
1344 1306 1547 1356 stampar
1566 1300 1608 1343 al
1632 1301 1847 1345 Plautino
1865 1303 1899 1355 ⁴,

258 1381 346 1423 che
367 1378 443 1435 gia
465 1379 580 1422 altro
603 1385 756 1434 tempo
775 1377 814 1421 si
841 1377 1046 1422 offeriua.
1079 1378 1222 1421 Tutto
1249 1390 1334 1420 con
1364 1375 1534 1421 iudicio
1561 1386 1608 1422 et
1635 1378 1825 1422 volunta
1857 1386 1906 1424 et

257 1457 390 1498 fauor
411 1456 529 1499 della
551 1457 603 1498 P.
625 1455 703 1508 V.,
723 1455 1021 1511 supponendo
1036 1454 1079 1498 la
1096 1453 1187 1497 mia
1203 1452 1492 1498 indiserentia
1507 1455 1594 1498 che
1610 1456 1670 1498 ho
1692 1470 1773 1512 per
1788 1471 1896 1513 gra-

257 1532 319 1575 tia
339 1533 413 1577 del
434 1531 606 1589 Signor
626 1545 713 1575 con
734 1532 868 1588 plena
889 1529 1181 1588 abnegation.
1203 1532 1301 1576 Ben
1318 1530 1469 1576 vorrei
1485 1545 1653 1576 ancora
1674 1532 1705 1575 il
1726 1532 1897 1577 iudicio

247 1609 327 1653 del
353 1611 406 1653 Ρ.
433 1608 722 1653 Theodorieo
745 1607 944 1652 Canisio.
972 1609 1030 1652 V.
1059 1609 1112 1651 P.
1138 1607 1199 1651 mi
1221 1607 1407 1664 perdoni
1430 1622 1481 1652 se
1504 1608 1569 1666 gli
1591 1623 1708 1653 sono
1722 1609 1892 1666 impor-

252 1693 380 1729 tuno.
407 1685 577 1731 Scritto
598 1686 619 1713 b
647 1692 808 1741 questo
830 1699 923 1728 non
949 1699 1022 1729 me
1044 1698 1103 1728 ne
1123 1690 1142 1712 ⁶
1170 1686 1335 1729 curarb
1355 1684 1434 1742 pit'x
1463 1687 1565 1742 (con
1594 1686 1636 1729 la
1668 1687 1817 1743 gratia
1847 1687 1894 1730 di

250 1762 352 1819 X.⁰)
376 1764 427 1806 in
449 1778 628 1806 omnem
651 1766 880 1806 euentum.
903 1762 938 1805 Il
960 1761 1130 1818 Signor
1150 1761 1217 1806 sia
1237 1776 1325 1806 con
1346 1762 1438 1806 noi.
1470 1762 1569 1807 Ora
1580 1768 1670 1819 pro
1687 1779 1770 1817 me,
1794 1766 1893 1807 Pa-

247 1845 336 1884 ter.
362 1840 421 1884 Di
443 1840 616 1884 scriuer
637 1847 798 1884 contra
819 1838 925 1895 quel
946 1838 1165 1892 heretico,
1188 1840 1251 1883 ho
1269 1840 1376 1883 data
1397 1840 1428 1883 l’
1452 1840 1631 1884 oration
1654 1841 1697 1884 al
1720 1843 1773 1884 P.
1799 1842 1893 1886 Ca—

251 1917 368 1961 nisio
390 1919 478 1963 che
500 1918 526 1962 ὁ
548 1918 716 1960 directe
736 1925 895 1961 contra
917 1916 948 1959 il
969 1929 1054 1960 suo
1075 1915 1370 1961 catechismo.
1401 1917 1584 1962 vedere)
1617 1919 1703 1962 che
1738 1918 1892 1962 animo

323 2073 345 2095 ι
382 2075 404 2101 2
422 2067 543 2103 verba
559 2077 669 2114 seqq.
688 2077 806 2113 supra
822 2076 926 2102 vers.
946 2064 1096 2101 addidit
1120 2064 1350 2102 N.-bfloc
1371 2066 1487 2103 verb.
1515 2078 1632 2113 supra
1651 2078 1759 2103 vers.
1783 2066 1891 2103 addi—

246 2126 309 2162 <lit
326 2126 446 2162 N.—0
466 2126 554 2162 Hoc
570 2127 683 2162 verb.
701 2136 820 2173 supra
837 2136 940 2161 vers.
961 2123 1111 2160 addidit
1127 2123 1178 2160 N.

322 2257 332 2278 ¹
384 2257 443 2293 Ex
466 2257 719 2304 autographo,
744 2256 785 2292 in
809 2254 939 2304 Epist.
964 2254 1121 2298 Natat„
1147 2255 1199 2302 11,
1224 2255 1340 2292 unico
1364 2255 1455 2302 fol„
1476 2255 1546 2292 238
1565 2256 1679 2303 (342).
1707 2258 1889 2303 Quanam

245 2315 314 2351 die
330 2315 422 2352 data
438 2314 557 2352 fuerit
573 2316 670 2352 haec
687 2315 865 2363 epistola,
886 2325 963 2350 non
981 2318 1155 2358 constat;
1175 2314 1246 2350 sed
1263 2325 1314 2351 ex
1337 2315 1400 2360 iis,
1418 2327 1520 2364 quae
1543 2316 1592 2352 de
1616 2315 1777 2353 Canisio
1796 2327 1890 2352 con·

250 2381 309 2412 tra
326 2376 566 2412 haereticum
582 2375 774 2423 scripturo
798 2379 960 2410 annotat
977 2372 1143 2418 Natalis,
1161 2378 1270 2421 patet
1285 2375 1426 2412 saltem
1444 2381 1535 2412 ante
1552 2375 1758 2423 epistolam
1782 2387 1891 2412 men—

246 2435 304 2471 sis
334 2434 572 2471 Novembris
600 2435 700 2471 hanc
722 2434 854 2470 datam
877 2433 1014 2470 fuisse.
1041 2432 1213 2470 Aliunde
1237 2445 1286 2469 ex
1310 2434 1447 2471 eodem
1473 2435 1634 2482 negotio
1659 2435 1771 2471 brevi
1798 2447 1889 2472 cum

250 2493 410 2530 Canisio
438 2492 690 2539 conferendo,
709 2492 859 2530 eruitur
881 2503 958 2528 non
985 2493 1106 2527 multo
1131 2497 1223 2528 ante
1250 2493 1356 2530 illam
1386 2494 1606 2542 epistolam,
1630 2494 1729 2529 hanc
1758 2493 1891 2530 datam

247 2552 387 2588 fuisse.
407 2551 523 2589 Unde
541 2551 647 2588 inam
665 2551 807 2588 litteris
824 2550 867 2588 31
888 2549 1073 2589 Octobris
1091 2550 1193 2587 datis
1210 2550 1400 2590 inclusam
1423 2552 1547 2590 fuisse
1569 2552 1673 2589 haud
1696 2552 1892 2600 improba-

249 2611 383 2647 biliter
399 2610 684 2648 existimamus.
1896 2610 1908 2621 ⁶

321 2674 335 2693 '2
386 2670 488 2706 Vide
506 2670 622 2718 epist.
637 2670 722 2716 584.

320 2731 335 2751 ³
386 2729 649 2772 «Harlemius,
668 2730 782 2776 Jean,
800 2730 956 2765 nomme
980 2728 1081 2764 ainsi
1098 2728 1150 2764 du
1168 2740 1258 2765 nom
1281 2729 1332 2766 de
1354 2730 1530 2778 Harlem,
1557 2742 1600 2766 sa
1623 2730 1717 2766 ville
1740 2731 1887 2777 natale,

244 2788 469 2836 s’appellait
494 2788 685 2824 Willems.
705 2788 736 2824 11
755 2787 890 2835 naquit
907 2798 997 2823 vers
1015 2786 1118 2834 1537,
1134 2793 1247 2824 entra
1257 2799 1308 2825 au
1320 2789 1493 2826 novieiat
1506 2801 1555 2825 en
1577 2789 1682 2834 1564,
1696 2789 1887 2835 enseigna

246 2839 453 2884 I'Eeriture
471 2847 606 2883 Sainte
624 2852 665 2883 et
681 2847 873 2891 l'hebreu,
893 2852 934 2882 et
950 2846 1011 2882 fut
1027 2851 1183 2883 reeteur
1205 2847 1228 2883 {a
1251 2847 1440 2895 Louvain,
1456 2849 1545 2896 puis
1563 2849 1885 2896 vice-provincial

241 2907 294 2943 de
313 2908 517 2955 Belgique.
538 2907 570 2943 11
587 2911 742 2942 mourut
757 2905 779 2941 ἐι
797 2906 972 2941 Louvain
989 2907 1027 2941 le
1047 2913 1123 2943 1.e¹'
1139 2908 1303 2944 octobre
1317 2909 1446 2954 1578.»
1464 2908 1798 2955 Soumvoem„
1813 2907 1886 2944 Bi·

243 2966 466 3013 bliothequo
481 2967 529 3003 de
547 2966 591 3002 la
609 2965 653 3002 C.
672 2964 791 3012 des„
810 2962 880 3007 lv,
902 2964 983 3001 113.
1003 2964 1074 3001 qu
1091 2965 1285 3015 HURTER,
1305 2967 1387 3004 loe.
1407 2967 1493 3012 cit.,
1512 2968 1543 3015 1,
1562 2975 1626 3012 77.

318 3028 333 3048 ⁴
382 3026 684 3073 Christophorus
702 3023 922 3072 Plautinus,
939 3026 1206 3073 typographus
1222 3026 1525 3075 antwerpiensis.
1545 3025 1648 3063 Vide
1663 3027 1781 3075 epist.
1796 3026 1884 3073 518,

243 3096 286 3121 n.
304 3095 345 3131 9.
