2228 3548
703 306 962 343 Pnoomnmr
987 314 1129 343 ’rr-:nm
1153 314 1383 344 vomumrs
1745 315 1819 343 xxr

217 407 445 452 tutionem
466 408 599 452 valde
622 409 819 466 urgebat
840 409 1077 462 Costerus;
1101 407 1278 453 Natalis
1293 415 1447 454 autem
1470 408 1623 466 potius
1647 408 1866 454 differen-

214 492 325 536 dam
347 492 580 545 censebat,
605 499 656 536 ut
677 491 852 536 firmius
873 491 1147 536 consolidari
1167 499 1322 549 posset
1349 493 1469 549 (253,
1495 503 1598 548 254,
1625 503 1728 548 501,
1755 504 1859 548 502,

217 586 325 634 519,
351 576 470 633 520).
489 575 839 633 Antverpiensis
860 575 1043 633 collegii
1059 575 1202 629 initia,
1227 575 1378 620 missis
1399 575 1507 620 illuc
1527 576 1710 620 selectis
1730 575 1856 629 viris,

220 666 547 716 praeparantur
575 661 810 718 (535·538,
837 670 940 715 554,
966 660 1085 718 593).
1118 659 1423 704 Provincialia
1453 659 1654 714 comitia,
1689 660 1862 717 praesi—

212 743 357 788 dente
380 744 593 796 Costero,
625 750 671 788 et
699 743 1106 800 superintendente
1127 743 1297 796 Natali,
1323 742 1513 788 Lovanii
1544 745 1790 802 habentur,
1814 743 1862 787 in

212 826 365 883 iisque
395 826 734 872 Maximilianus
772 842 799 870 a
837 828 1026 884 Capella
1049 834 1320 885 procurator
1348 826 1536 884 eligitur
1556 827 1695 889 (564).
1722 829 1862 873 Plura

216 910 413 968 denique
449 913 676 955 habentur
713 911 760 955 in
798 913 888 955 hoc
918 910 1051 965 libro,
1084 918 1181 954 tum
1217 912 1275 956 de
1313 910 1575 956 tornacensi
1614 911 1812 969 collegio
1833 927 1861 956 a

212 994 391 1052 geusiis
406 1002 584 1039 vastato
601 996 671 1053 (25
682 995 717 1053 1)
736 1003 783 1041 et
798 996 886 1039 hac
904 994 1144 1040 occasione
1158 994 1348 1039 solidius
1367 995 1600 1039 fundando
1617 996 1751 1053 (499),
1764 1003 1860 1040 tum

211 1080 274 1123 de
290 1079 531 1124 duacensis
551 1078 735 1136 collegii
758 1078 1050 1123 incunabulis
1079 1079 1200 1136 (560,
1228 1089 1331 1133 572,
1357 1079 1575 1134 583-586,
1601 1078 1704 1132 606,
1736 1079 1856 1135 607),

218 1169 317 1204 tum
344 1162 402 1205 de
429 1161 682 1206 dionantini
707 1160 1055 1205 difficultatibus
1084 1161 1226 1218 (562),
1251 1161 1401 1216 deque
1425 1160 1579 1204 multis
1600 1160 1716 1214 aliis,
1740 1176 1859 1218 quae

217 1246 292 1290 hic
319 1245 583 1304 singillatim
605 1245 818 1303 persequi
839 1260 931 1290 non
952 1252 1101 1290 vacat.

305 1331 434 1374 Duas
466 1330 649 1374 tandem
678 1330 903 1374 GALLIAE
931 1328 1207 1386 provincias,
1238 1335 1460 1385 quantum
1487 1328 1697 1386 publicae
1726 1330 1858 1387 regni

213 1411 580 1470 perturbationes
597 1413 842 1470 fragorque
858 1412 1081 1458 bellorum
1098 1412 1401 1470 pertulerunt,
1422 1411 1576 1456 multis
1594 1419 1746 1456 tamen
1761 1414 1857 1457 col-

207 1494 344 1552 legiis
365 1494 711 1553 praetermissis,
736 1495 913 1540 Natalis
934 1495 1243 1552 perlustravit,
1268 1510 1296 1539 a
1315 1495 1390 1539 die
1411 1494 1599 1554 15Junii
1616 1495 1724 1539 anni
1745 1497 1856 1551 1568

204 1579 269 1622 ad
292 1592 343 1634 31
368 1578 574 1637 Augusti
594 1579 801 1635 ejusdem
824 1578 947 1622 anni.
974 1580 1032 1622 Et
1054 1586 1179 1624 certe
1201 1585 1269 1623 tot
1288 1578 1581 1623 difficultates
1603 1578 1650 1622 in
1667 1578 1722 1622 iis
1739 1585 1856 1623 tem-

211 1677 372 1720 porum
394 1662 621 1719 adjunctis
641 1677 669 1706 a
689 1662 825 1707 sociis
853 1663 1138 1719 superandae
1165 1669 1312 1717 erant,
1343 1669 1394 1706 ut
1423 1661 1598 1707 Natalis
1627 1662 1855 1719 inspectio

210 1745 468 1792 necessaria
483 1760 668 1803 prorsus
685 1746 1035 1800 existimaretur,
1055 1746 1246 1803 ejusque
1263 1746 1490 1791 adventus
1505 1760 1685 1790 summo
1700 1746 1855 1790 studio

206 1830 562 1885 desideraretur3
597 1845 702 1874 nam
732 1830 1043 1887 operariorum
1078 1829 1274 1887 inopiae,
1314 1829 1580 1887 praesertim
1615 1828 1852 1874 hominum

211 1914 423 1972 regimini
443 1914 727 1968 idoneorum,
752 1915 942 1971 aliisque
970 1914 1320 1959 necessitatibus
1349 1929 1431 1972 per
1463 1914 1592 1958 illum
1618 1913 1852 1958 subveniri

209 2012 345 2055 posse
371 1999 639 2055 sperabatur
667 1999 786 2056 (577,
820 1999 922 2053 578,
955 2009 1058 2056 590,
1089 1999 1193 2053 605,
1233 1999 1351 2055 808).
1392 1997 1621 2042 Edmundi
1657 1997 1852 2055 Augerii

206 2082 439 2139 praeclara
460 2089 592 2140 gesta
614 2089 900 2135 enarrantur,
925 2081 1004 2138 qui
1024 2081 1315 2139 gratissimus
1336 2090 1433 2128 erat
1455 2082 1657 2140 reginae,
1678 2081 1848 2139 princi·

205 2164 342 2222 pibus
363 2172 408 2210 et
430 2164 736 2209 cardinalibus
764 2164 996 2209 Borbonio
1024 2172 1070 2209 et
1097 2165 1399 2223 Lotharingio
1434 2166 1568 2224 (609).
1610 2166 1857 2210 Maldona—⁴

203 2253 304 2290 tum
321 2293 325 2298 ,
341 2254 517 2302 autem,
561 2247 863 2292 clarissimum
904 2247 1163 2304 parisiensis
1203 2248 1466 2294 academiae
1506 2255 1844 2300 ornamentum,

203 2345 343 2387 quern
365 2330 618 2375 Lovanium
646 2331 878 2375 transferri
905 2331 1196 2388 exoptabant,
1220 2338 1359 2389 atque
1379 2333 1494 2376 adeo
1520 2331 1844 2389 procurabant,

209 2413 417 2458 nonnulli
444 2413 639 2471 hispani,
670 2427 763 2457 non
790 2414 938 2458 solum
966 2413 1150 2460 Lutetia
1177 2415 1381 2460 amoveri
1407 2414 1642 2473 impedivit
1670 2414 1853 2459 Natalis.

207 2498 329 2555 (612,
361 2498 480 2555 613);
510 2499 592 2543 sed
620 2498 756 2542 etiam
783 2498 926 2541 altero
959 2498 1254 2543 selectissimo
1287 2499 1503 2556 theologo
1536 2498 1658 2542 illam
1683 2498 1843 2541 urbem

208 2582 356 2626 dotari
377 2583 638 2640 procuravit
660 2583 793 2641 (620).
818 2581 1055 2628 Sociorum
1076 2583 1389 2640 parisiensium
1416 2591 1605 2640 aspectu
1632 2583 1844 2627 consola-

208 2672 299 2720 tus,
324 2680 452 2723 spem
473 2681 685 2724 magnam
707 2665 828 2709 illius
859 2665 1040 2724 collegii
1070 2666 1267 2724 concipit
1293 2667 1426 2725 (620).
1449 2666 1726 2721 Virdunum,
1751 2668 1843 2711 fer—

204 2755 343 2794 vente
359 2756 547 2803 aestate,
562 2764 667 2793 cum
679 2749 891 2806 episcopo
902 2749 1220 2806 proficiscitur,
1234 2750 1478 2808 collegium
1492 2749 1663 2803 invisit,
1680 2750 1842 2793 fratres

199 2830 418 2887 pestifero
452 2832 669 2890 contagio
706 2831 882 2889 eripere
908 2838 954 2876 et
981 2831 1069 2876 alio
1099 2835 1344 2878 transferre
1372 2832 1542 2890 satagit
1570 2833 1690 2890 (621,
1721 2832 1839 2889 622).

197 2914 550 2959 Camberiacum
565 2922 695 2960 sexta
716 2915 921 2972 Augusti
943 2914 1144 2973 attingit,
1164 2916 1410 2974 collegium
1432 2915 1630 2973 inspicit,
1653 2916 1791 2960 aedes
1812 2931 1840 2960 a

201 2996 342 3040 sociis
372 2996 648 3043 inhabitatas
677 3005 769 3042 tam
799 2998 1112 3042 incommodas
1140 2999 1323 3057 reperit,
1349 3006 1400 3043 ut
1421 2999 1509 3043 alio
1530 3013 1717 3056 prorsus
1737 2998 1838 3042 illos

203 3080 546 3125 transferendos
580 3088 767 3127 censeat
798 3082 916 3140 (627,
948 3082 1067 3138 628).
1099 3083 1209 3127 Inde
1230 3083 1519 3140 ,Lugdunum
1554 3096 1605 3127 se
1641 3081 1836 3134 confert,
