<?xml version="1.0" encoding="UTF-8"?>
<!DOCTYPE html PUBLIC "-//W3C//DTD XHTML 1.0 Transitional//EN"
    "http://www.w3.org/TR/xhtml1/DTD/xhtml1-transitional.dtd">
<html xmlns="http://www.w3.org/1999/xhtml" xml:lang="en" lang="en">
 <head>
  <title>
</title>
<meta http-equiv="Content-Type" content="text/html;charset=utf-8" />
  <meta name='ocr-system' content='tesseract 3.04.00' />
  <meta name='ocr-capabilities' content='ocr_page ocr_carea ocr_par ocr_line ocrx_word'/>
</head>
<body>
  <div class='ocr_page' id='page_1' title='image "./epistolaephieron03nadauoft_0746.png"; bbox 0 0 2228 3548; ppageno 0'>
   <div class='ocr_carea' id='block_1_1' title="bbox 2037 0 2228 73">
    <p class='ocr_par' dir='ltr' id='par_1_1' title="bbox 2037 0 2228 73">
     <span class='ocr_line' id='line_1_1' title="bbox 2037 0 2228 73; baseline 0 3475"><span class='ocrx_word' id='word_1_1' title='bbox 2037 0 2228 73; x_wconf 95' lang='lat' dir='ltr'><strong> </strong></span> 
     </span>
    </p>
   </div>
   <div class='ocr_carea' id='block_1_2' title="bbox 437 321 1557 372">
    <p class='ocr_par' dir='ltr' id='par_1_2' title="bbox 437 321 1557 372">
     <span class='ocr_line' id='line_1_2' title="bbox 437 321 1557 372; baseline -0.004 -10"><span class='ocrx_word' id='word_1_2' title='bbox 437 325 513 372; x_wconf 92' lang='lat'><strong>708</strong></span> <span class='ocrx_word' id='word_1_3' title='bbox 871 324 1010 360; x_wconf 77' lang='lat' dir='ltr'><strong>EPIST.</strong></span> <span class='ocrx_word' id='word_1_4' title='bbox 1038 323 1084 359; x_wconf 91' lang='lat' dir='ltr'><strong>P.</strong></span> <span class='ocrx_word' id='word_1_5' title='bbox 1112 321 1386 369; x_wconf 81' lang='lat' dir='ltr'><strong>NADAL-590</strong></span> <span class='ocrx_word' id='word_1_6' title='bbox 1411 330 1465 359; x_wconf 78' lang='lat' dir='ltr'><strong>m·</strong></span> <span class='ocrx_word' id='word_1_7' title='bbox 1490 329 1557 368; x_wconf 88' lang='lat'><strong>591</strong></span> 
     </span>
    </p>
   </div>
   <div class='ocr_carea' id='block_1_3' title="bbox 816 495 1604 617">
    <p class='ocr_par' dir='ltr' id='par_1_3' title="bbox 816 495 1604 617">
     <span class='ocr_line' id='line_1_3' title="bbox 1154 495 1281 536; baseline -0.008 0"><span class='ocrx_word' id='word_1_8' title='bbox 1154 495 1281 536; x_wconf 65' lang='lat'><strong>590</strong></span> 
     </span>
     <span class='ocr_line' id='line_1_4' title="bbox 816 579 1604 617; baseline -0.001 -1"><span class='ocrx_word' id='word_1_9' title='bbox 816 580 861 616; x_wconf 89' lang='lat' dir='ltr'><strong>P.</strong></span> <span class='ocrx_word' id='word_1_10' title='bbox 880 579 1202 616; x_wconf 88' lang='lat' dir='ltr'><strong>EVERARDUS</strong></span> <span class='ocrx_word' id='word_1_11' title='bbox 1221 579 1604 617; x_wconf 86' lang='lat' dir='ltr'><strong>MERCURIANUS</strong></span> 
     </span>
    </p>
   </div>
   <div class='ocr_carea' id='block_1_4' title="bbox 726 658 1691 702">
    <p class='ocr_par' dir='ltr' id='par_1_4' title="bbox 726 658 1691 702">
     <span class='ocr_line' id='line_1_5' title="bbox 726 658 1691 702; baseline 0 0"><span class='ocrx_word' id='word_1_12' title='bbox 726 659 937 702; x_wconf 91' lang='lat' dir='ltr'><strong>PATRI</strong></span> <span class='ocrx_word' id='word_1_13' title='bbox 976 658 1408 702; x_wconf 87' lang='lat' dir='ltr'><strong>HIERONYMO</strong></span> <span class='ocrx_word' id='word_1_14' title='bbox 1447 658 1691 702; x_wconf 90' lang='lat' dir='ltr'>NADAL</span> 
     </span>
    </p>
   </div>
   <div class='ocr_carea' id='block_1_5' title="bbox 912 746 1506 794">
    <p class='ocr_par' dir='ltr' id='par_1_5' title="bbox 912 746 1506 794">
     <span class='ocr_line' id='line_1_6' title="bbox 912 746 1506 794; baseline 0 -11"><span class='ocrx_word' id='word_1_15' title='bbox 912 755 1074 794; x_wconf 74' lang='lat' dir='ltr'><strong>ROMAE,</strong></span> <span class='ocrx_word' id='word_1_16' title='bbox 1092 756 1138 793; x_wconf 89' lang='lat'><strong>29</strong></span> <span class='ocrx_word' id='word_1_17' title='bbox 1155 755 1350 790; x_wconf 78' lang='lat' dir='ltr'>JANUARH</span> <span class='ocrx_word' id='word_1_18' title='bbox 1370 747 1462 793; x_wconf 85' lang='lat'>1576</span> <span class='ocrx_word' id='word_1_19' title='bbox 1479 746 1506 783; x_wconf 85' lang='lat'><strong>¹.</strong></span> 
     </span>
    </p>
   </div>
   <div class='ocr_carea' id='block_1_6' title="bbox 388 823 2037 931">
    <p class='ocr_par' dir='ltr' id='par_1_6' title="bbox 388 823 2037 931">
     <span class='ocr_line' id='line_1_7' title="bbox 388 823 2037 873; baseline 0.001 -11"><span class='ocrx_word' id='word_1_20' title='bbox 388 825 577 863; x_wconf 84' lang='lat' dir='ltr'><em>Natalem</em></span> <span class='ocrx_word' id='word_1_21' title='bbox 606 826 795 861; x_wconf 81' lang='lat' dir='ltr'><strong>animum</strong></span> <span class='ocrx_word' id='word_1_22' title='bbox 827 823 1018 871; x_wconf 86' lang='lat' dir='ltr'><strong>adjecisse</strong></span> <span class='ocrx_word' id='word_1_23' title='bbox 1047 825 1101 860; x_wconf 86' lang='lat' dir='ltr'><strong>ad</strong></span> <span class='ocrx_word' id='word_1_24' title='bbox 1127 826 1436 871; x_wconf 76' lang='lat' dir='ltr'><em>procurandam</em></span> <span class='ocrx_word' id='word_1_25' title='bbox 1464 825 1698 873; x_wconf 80' lang='lat' dir='ltr'><strong><em>imaginum</em></strong></span> <span class='ocrx_word' id='word_1_26' title='bbox 1727 825 2037 872; x_wconf 75' lang='lat' dir='ltr'><strong><em>impressionem</em></strong></span> 
     </span>
     <span class='ocr_line' id='line_1_8' title="bbox 1126 884 1296 931; baseline 0.006 -12"><span class='ocrx_word' id='word_1_27' title='bbox 1126 884 1296 931; x_wconf 81' lang='lat' dir='ltr'><strong>gaudet.</strong></span> 
     </span>
    </p>
   </div>
   <div class='ocr_carea' id='block_1_7' title="bbox 388 967 2058 1643">
    <p class='ocr_par' dir='ltr' id='par_1_7' title="bbox 388 967 2058 1643">
     <span class='ocr_line' id='line_1_9' title="bbox 480 967 2035 1026; baseline -0.001 -12"><span class='ocrx_word' id='word_1_28' title='bbox 480 971 696 1026; x_wconf 84' lang='lat' dir='ltr'>Magnam</span> <span class='ocrx_word' id='word_1_29' title='bbox 734 983 791 1014; x_wconf 85' lang='lat' dir='ltr'><strong>ex</strong></span> <span class='ocrx_word' id='word_1_30' title='bbox 827 969 881 1012; x_wconf 91' lang='lat' dir='ltr'><strong>R.</strong></span> <span class='ocrx_word' id='word_1_31' title='bbox 919 969 974 1012; x_wconf 89' lang='lat' dir='ltr'><strong>T.</strong></span> <span class='ocrx_word' id='word_1_32' title='bbox 1010 967 1151 1013; x_wconf 87' lang='lat' dir='ltr'><strong>literis</strong></span> <span class='ocrx_word' id='word_1_33' title='bbox 1180 967 1337 1024; x_wconf 91' lang='lat' dir='ltr'><strong>accepi</strong></span> <span class='ocrx_word' id='word_1_34' title='bbox 1359 967 1406 1010; x_wconf 90' lang='lat' dir='ltr'><strong>in</strong></span> <span class='ocrx_word' id='word_1_35' title='bbox 1435 967 1632 1012; x_wconf 88' lang='lat' dir='ltr'><strong>Domino</strong></span> <span class='ocrx_word' id='word_1_36' title='bbox 1653 968 2035 1023; x_wconf 55' lang='lat' dir='ltr'><strong>consolationem„</strong></span> 
     </span>
     <span class='ocr_line' id='line_1_10' title="bbox 389 1044 2038 1103; baseline 0 -12"><span class='ocrx_word' id='word_1_37' title='bbox 389 1053 486 1091; x_wconf 89' lang='lat' dir='ltr'><strong>tum</strong></span> <span class='ocrx_word' id='word_1_38' title='bbox 509 1053 695 1103; x_wconf 85' lang='lat' dir='ltr'><strong>propter</strong></span> <span class='ocrx_word' id='word_1_39' title='bbox 718 1047 772 1089; x_wconf 88' lang='lat' dir='ltr'><strong>R.</strong></span> <span class='ocrx_word' id='word_1_40' title='bbox 815 1046 864 1089; x_wconf 92' lang='lat' dir='ltr'><strong>T.</strong></span> <span class='ocrx_word' id='word_1_41' title='bbox 906 1044 1234 1098; x_wconf 87' lang='lat' dir='ltr'><strong>ualetudinem,</strong></span> <span class='ocrx_word' id='word_1_42' title='bbox 1270 1059 1407 1100; x_wconf 91' lang='lat' dir='ltr'><strong>quam</strong></span> <span class='ocrx_word' id='word_1_43' title='bbox 1435 1044 1593 1088; x_wconf 86' lang='lat' dir='ltr'>scribit</span> <span class='ocrx_word' id='word_1_44' title='bbox 1628 1045 1764 1102; x_wconf 87' lang='lat' dir='ltr'><strong>paulo</strong></span> <span class='ocrx_word' id='word_1_45' title='bbox 1786 1045 2038 1092; x_wconf 77' lang='lat' dir='ltr'><strong>firmiorem</strong></span> 
     </span>
     <span class='ocr_line' id='line_1_11' title="bbox 389 1121 2058 1180; baseline -0.001 -12"><span class='ocrx_word' id='word_1_46' title='bbox 389 1139 491 1169; x_wconf 89' lang='lat' dir='ltr'><strong>esse</strong></span> <span class='ocrx_word' id='word_1_47' title='bbox 529 1138 664 1180; x_wconf 89' lang='lat' dir='ltr'><strong>quam</strong></span> <span class='ocrx_word' id='word_1_48' title='bbox 707 1137 828 1166; x_wconf 86' lang='lat' dir='ltr'><strong>anno</strong></span> <span class='ocrx_word' id='word_1_49' title='bbox 855 1121 1104 1179; x_wconf 85' lang='lat' dir='ltr'><strong>superiore,</strong></span> <span class='ocrx_word' id='word_1_50' title='bbox 1134 1121 1244 1164; x_wconf 87' lang='lat' dir='ltr'><strong>item</strong></span> <span class='ocrx_word' id='word_1_51' title='bbox 1274 1129 1457 1178; x_wconf 88' lang='lat' dir='ltr'><strong>propter</strong></span> <span class='ocrx_word' id='word_1_52' title='bbox 1490 1121 1637 1166; x_wconf 88' lang='lat' dir='ltr'><strong>Patris</strong></span> <span class='ocrx_word' id='word_1_53' title='bbox 1665 1121 1836 1166; x_wconf 89' lang='lat' dir='ltr'><strong>Rotarii</strong></span> <span class='ocrx_word' id='word_1_54' title='bbox 1858 1137 2030 1166; x_wconf 90' lang='lat' dir='ltr'><strong>conua-</strong></span> <span class='ocrx_word' id='word_1_55' title='bbox 2055 1145 2058 1148; x_wconf 47' lang='lat'><em>⁴</em></span> 
     </span>
     <span class='ocr_line' id='line_1_12' title="bbox 389 1199 2038 1257; baseline -0.001 -12"><span class='ocrx_word' id='word_1_56' title='bbox 389 1201 671 1254; x_wconf 90' lang='lat' dir='ltr'><strong>lescentiam,</strong></span> <span class='ocrx_word' id='word_1_57' title='bbox 698 1208 795 1244; x_wconf 88' lang='lat' dir='ltr'><strong>tum</strong></span> <span class='ocrx_word' id='word_1_58' title='bbox 817 1199 968 1252; x_wconf 87' lang='lat' dir='ltr'><strong>etiam,</strong></span> <span class='ocrx_word' id='word_1_59' title='bbox 988 1199 1095 1255; x_wconf 89' lang='lat' dir='ltr'><strong>quia</strong></span> <span class='ocrx_word' id='word_1_60' title='bbox 1111 1199 1246 1243; x_wconf 92' lang='lat' dir='ltr'><strong>uideo</strong></span> <span class='ocrx_word' id='word_1_61' title='bbox 1269 1214 1368 1245; x_wconf 90' lang='lat' dir='ltr'><strong>eam</strong></span> <span class='ocrx_word' id='word_1_62' title='bbox 1390 1199 1590 1244; x_wconf 90' lang='lat' dir='ltr'><strong>animum</strong></span> <span class='ocrx_word' id='word_1_63' title='bbox 1608 1199 1826 1244; x_wconf 88' lang='lat' dir='ltr'><strong>adiecisse</strong></span> <span class='ocrx_word' id='word_1_64' title='bbox 1848 1201 1904 1243; x_wconf 86' lang='lat' dir='ltr'><strong>ad</strong></span> <span class='ocrx_word' id='word_1_65' title='bbox 1921 1215 2038 1257; x_wconf 73' lang='lat' dir='ltr'><strong>pro·</strong></span> 
     </span>
     <span class='ocr_line' id='line_1_13' title="bbox 389 1276 2027 1335; baseline 0 -13"><span class='ocrx_word' id='word_1_66' title='bbox 389 1279 638 1322; x_wconf 85' lang='lat' dir='ltr'>curandam</span> <span class='ocrx_word' id='word_1_67' title='bbox 670 1277 849 1321; x_wconf 87' lang='lat' dir='ltr'><strong>illarum</strong></span> <span class='ocrx_word' id='word_1_68' title='bbox 880 1276 1132 1333; x_wconf 82' lang='lat' dir='ltr'>imaginum</span> <span class='ocrx_word' id='word_1_69' title='bbox 1154 1276 1515 1333; x_wconf 84' lang='lat' dir='ltr'><strong>impressionem,</strong></span> <span class='ocrx_word' id='word_1_70' title='bbox 1540 1277 1678 1333; x_wconf 91' lang='lat' dir='ltr'><strong>idque</strong></span> <span class='ocrx_word' id='word_1_71' title='bbox 1698 1291 1790 1320; x_wconf 90' lang='lat' dir='ltr'><strong>non</strong></span> <span class='ocrx_word' id='word_1_72' title='bbox 1813 1284 1904 1321; x_wconf 87' lang='lat' dir='ltr'><strong>tam</strong></span> <span class='ocrx_word' id='word_1_73' title='bbox 1921 1292 2027 1335; x_wconf 88' lang='lat' dir='ltr'><strong>pro-</strong></span> 
     </span>
     <span class='ocr_line' id='line_1_14' title="bbox 389 1353 2027 1412; baseline -0.001 -13"><span class='ocrx_word' id='word_1_74' title='bbox 389 1363 490 1412; x_wconf 89' lang='lat' dir='ltr'><strong>pter</strong></span> <span class='ocrx_word' id='word_1_75' title='bbox 505 1354 844 1399; x_wconf 84' lang='lat' dir='ltr'><strong>inclinationem</strong></span> <span class='ocrx_word' id='word_1_76' title='bbox 854 1353 1050 1410; x_wconf 85' lang='lat' dir='ltr'><strong>aliquam</strong></span> <span class='ocrx_word' id='word_1_77' title='bbox 1067 1368 1212 1406; x_wconf 86' lang='lat' dir='ltr'><strong>suam,</strong></span> <span class='ocrx_word' id='word_1_78' title='bbox 1235 1368 1370 1409; x_wconf 90' lang='lat' dir='ltr'><strong>quam</strong></span> <span class='ocrx_word' id='word_1_79' title='bbox 1386 1354 1539 1411; x_wconf 91' lang='lat' dir='ltr'><strong>potius</strong></span> <span class='ocrx_word' id='word_1_80' title='bbox 1555 1353 1712 1398; x_wconf 86' lang='lat' dir='ltr'><strong>scribit</strong></span> <span class='ocrx_word' id='word_1_81' title='bbox 1727 1353 1775 1397; x_wconf 90' lang='lat' dir='ltr'><strong>in</strong></span> <span class='ocrx_word' id='word_1_82' title='bbox 1791 1368 1841 1398; x_wconf 92' lang='lat' dir='ltr'><strong>se</strong></span> <span class='ocrx_word' id='word_1_83' title='bbox 1857 1355 2027 1398; x_wconf 89' lang='lat' dir='ltr'><strong>nullam</strong></span> 
     </span>
     <span class='ocr_line' id='line_1_15' title="bbox 388 1423 2025 1488; baseline -0.002 -11"><span class='ocrx_word' id='word_1_84' title='bbox 388 1447 507 1486; x_wconf 87' lang='lat' dir='ltr'><strong>esse,</strong></span> <span class='ocrx_word' id='word_1_85' title='bbox 533 1446 669 1488; x_wconf 89' lang='lat' dir='ltr'><strong>quam</strong></span> <span class='ocrx_word' id='word_1_86' title='bbox 690 1438 873 1488; x_wconf 87' lang='lat' dir='ltr'><strong>propter</strong></span> <span class='ocrx_word' id='word_1_87' title='bbox 894 1431 1111 1475; x_wconf 90' lang='lat' dir='ltr'><strong>maiorem</strong></span> <span class='ocrx_word' id='word_1_88' title='bbox 1140 1430 1226 1475; x_wconf 91' lang='lat' dir='ltr'><strong>Dei</strong></span> <span class='ocrx_word' id='word_1_89' title='bbox 1248 1431 1455 1488; x_wconf 83' lang='lat' dir='ltr'><strong>gloriam,</strong></span> <span class='ocrx_word' id='word_1_90' title='bbox 1480 1431 1538 1475; x_wconf 92' lang='lat' dir='ltr'><strong>ad</strong></span> <span class='ocrx_word' id='word_1_91' title='bbox 1560 1445 1695 1488; x_wconf 87' lang='lat' dir='ltr'><strong>quam</strong></span> <span class='ocrx_word' id='word_1_92' title='bbox 1723 1446 1777 1476; x_wconf 88' lang='lat' dir='ltr'><strong>ea</strong></span> <span class='ocrx_word' id='word_1_93' title='bbox 1804 1446 1876 1475; x_wconf 89' lang='lat' dir='ltr'><strong>res</strong></span> <span class='ocrx_word' id='word_1_94' title='bbox 1894 1423 2025 1475; x_wconf 39' lang='lat' dir='ltr'><strong>&#39;uide—</strong></span> 
     </span>
     <span class='ocr_line' id='line_1_16' title="bbox 388 1507 2025 1565; baseline 0 -12"><span class='ocrx_word' id='word_1_95' title='bbox 388 1518 463 1553; x_wconf 93' lang='lat' dir='ltr'><strong>tur</strong></span> <span class='ocrx_word' id='word_1_96' title='bbox 486 1510 814 1553; x_wconf 86' lang='lat' dir='ltr'><strong>redundatura.</strong></span> <span class='ocrx_word' id='word_1_97' title='bbox 839 1510 996 1564; x_wconf 88' lang='lat' dir='ltr'><strong>Itaque</strong></span> <span class='ocrx_word' id='word_1_98' title='bbox 1018 1507 1189 1565; x_wconf 83' lang='lat' dir='ltr'><strong>gratias</strong></span> <span class='ocrx_word' id='word_1_99' title='bbox 1211 1523 1301 1565; x_wconf 86' lang='lat' dir='ltr'><strong>ago</strong></span> <span class='ocrx_word' id='word_1_100' title='bbox 1322 1507 1520 1552; x_wconf 91' lang='lat' dir='ltr'><strong>Domino</strong></span> <span class='ocrx_word' id='word_1_101' title='bbox 1540 1510 1655 1562; x_wconf 93' lang='lat' dir='ltr'><strong>Deo,</strong></span> <span class='ocrx_word' id='word_1_102' title='bbox 1677 1509 1799 1564; x_wconf 91' lang='lat' dir='ltr'><strong>quod</strong></span> <span class='ocrx_word' id='word_1_103' title='bbox 1815 1507 1877 1552; x_wconf 87' lang='lat' dir='ltr'><strong>ita</strong></span> <span class='ocrx_word' id='word_1_104' title='bbox 1895 1510 1949 1552; x_wconf 93' lang='lat' dir='ltr'><strong>R.</strong></span> <span class='ocrx_word' id='word_1_105' title='bbox 1970 1510 2025 1553; x_wconf 88' lang='lat' dir='ltr'><strong>T.</strong></span> 
     </span>
     <span class='ocr_line' id='line_1_17' title="bbox 390 1585 2037 1643; baseline 0 -12"><span class='ocrx_word' id='word_1_106' title='bbox 390 1596 436 1631; x_wconf 93' lang='lat' dir='ltr'><strong>et</strong></span> <span class='ocrx_word' id='word_1_107' title='bbox 457 1602 529 1631; x_wconf 91' lang='lat' dir='ltr'><strong>me</strong></span> <span class='ocrx_word' id='word_1_108' title='bbox 551 1587 707 1630; x_wconf 86' lang='lat' dir='ltr'><strong>eadem</strong></span> <span class='ocrx_word' id='word_1_109' title='bbox 730 1601 866 1642; x_wconf 88' lang='lat' dir='ltr'><strong>opera</strong></span> <span class='ocrx_word' id='word_1_110' title='bbox 888 1586 1166 1639; x_wconf 87' lang='lat' dir='ltr'><strong>consoletur,</strong></span> <span class='ocrx_word' id='word_1_111' title='bbox 1192 1600 1217 1629; x_wconf 92' lang='lat' dir='ltr'><strong>a</strong></span> <span class='ocrx_word' id='word_1_112' title='bbox 1240 1600 1331 1641; x_wconf 90' lang='lat' dir='ltr'><strong>quo</strong></span> <span class='ocrx_word' id='word_1_113' title='bbox 1348 1586 1551 1642; x_wconf 90' lang='lat' dir='ltr'><strong>impense</strong></span> <span class='ocrx_word' id='word_1_114' title='bbox 1566 1600 1730 1643; x_wconf 90' lang='lat' dir='ltr'><strong>precor</strong></span> <span class='ocrx_word' id='word_1_115' title='bbox 1746 1593 1797 1630; x_wconf 89' lang='lat' dir='ltr'><strong>ut</strong></span> <span class='ocrx_word' id='word_1_116' title='bbox 1814 1586 1934 1629; x_wconf 91' lang='lat' dir='ltr'><strong>illam</strong></span> <span class='ocrx_word' id='word_1_117' title='bbox 1951 1585 2037 1631; x_wconf 79' lang='lat' dir='ltr'><strong>diu</strong></span> 
     </span>
    </p>
   </div>
   <div class='ocr_carea' id='block_1_8' title="bbox 389 1657 2119 1719">
    <p class='ocr_par' dir='ltr' id='par_1_8' title="bbox 389 1657 2119 1719">
     <span class='ocr_line' id='line_1_18' title="bbox 389 1657 2119 1719; baseline -0.001 -10"><span class='ocrx_word' id='word_1_118' title='bbox 389 1664 522 1709; x_wconf 87' lang='lat' dir='ltr'><strong>nobis</strong></span> <span class='ocrx_word' id='word_1_119' title='bbox 542 1664 814 1708; x_wconf 90' lang='lat' dir='ltr'><strong>incolumem</strong></span> <span class='ocrx_word' id='word_1_120' title='bbox 851 1670 1020 1716; x_wconf 88' lang='lat' dir='ltr'><strong>seruet,</strong></span> <span class='ocrx_word' id='word_1_121' title='bbox 1060 1670 1106 1707; x_wconf 91' lang='lat' dir='ltr'><strong>et</strong></span> <span class='ocrx_word' id='word_1_122' title='bbox 1145 1662 1216 1706; x_wconf 89' lang='lat' dir='ltr'><strong>sui</strong></span> <span class='ocrx_word' id='word_1_123' title='bbox 1255 1663 1480 1706; x_wconf 88' lang='lat' dir='ltr'><strong>Paracleti</strong></span> <span class='ocrx_word' id='word_1_124' title='bbox 1517 1663 1650 1707; x_wconf 90' lang='lat' dir='ltr'><strong>donis</strong></span> <span class='ocrx_word' id='word_1_125' title='bbox 1686 1663 1734 1707; x_wconf 92' lang='lat' dir='ltr'><strong>in</strong></span> <span class='ocrx_word' id='word_1_126' title='bbox 1764 1663 1860 1707; x_wconf 89' lang='lat' dir='ltr'><strong>dies</strong></span> <span class='ocrx_word' id='word_1_127' title='bbox 1883 1663 2038 1719; x_wconf 73' lang='lat' dir='ltr'><strong>magis</strong></span> <span class='ocrx_word' id='word_1_128' title='bbox 2114 1657 2119 1662; x_wconf 62' lang='grc'>’</span> 
     </span>
    </p>
   </div>
   <div class='ocr_carea' id='block_1_9' title="bbox 391 1740 1505 1799">
    <p class='ocr_par' dir='ltr' id='par_1_9' title="bbox 391 1740 1505 1799">
     <span class='ocr_line' id='line_1_19' title="bbox 391 1740 1505 1799; baseline -0.001 -15"><span class='ocrx_word' id='word_1_129' title='bbox 391 1741 630 1799; x_wconf 86' lang='lat' dir='ltr'><strong>magisque</strong></span> <span class='ocrx_word' id='word_1_130' title='bbox 651 1747 836 1786; x_wconf 91' lang='lat' dir='ltr'><strong>recreet.</strong></span> <span class='ocrx_word' id='word_1_131' title='bbox 857 1742 1041 1793; x_wconf 87' lang='lat' dir='ltr'><strong>Romae,</strong></span> <span class='ocrx_word' id='word_1_132' title='bbox 1068 1753 1125 1798; x_wconf 81' lang='lat'><strong>29</strong></span> <span class='ocrx_word' id='word_1_133' title='bbox 1146 1740 1350 1798; x_wconf 86' lang='lat' dir='ltr'><strong>Januarii</strong></span> <span class='ocrx_word' id='word_1_134' title='bbox 1379 1740 1505 1795; x_wconf 86' lang='lat'><strong>1576.</strong></span> 
     </span>
    </p>
   </div>
   <div class='ocr_carea' id='block_1_10' title="bbox 1152 1905 1267 1946">
    <p class='ocr_par' dir='ltr' id='par_1_10' title="bbox 1152 1905 1267 1946">
     <span class='ocr_line' id='line_1_20' title="bbox 1152 1905 1267 1946; baseline -0.009 0"><span class='ocrx_word' id='word_1_135' title='bbox 1152 1905 1267 1946; x_wconf 72' lang='lat'><strong>591</strong></span> 
     </span>
    </p>
   </div>
   <div class='ocr_carea' id='block_1_11' title="bbox 721 1988 1695 2128">
    <p class='ocr_par' dir='ltr' id='par_1_11' title="bbox 721 1988 1695 2128">
     <span class='ocr_line' id='line_1_21' title="bbox 841 1988 1581 2040; baseline 0.001 -2"><span class='ocrx_word' id='word_1_136' title='bbox 841 1997 893 2039; x_wconf 90' lang='grc' dir='ltr'><strong>Ρ.</strong></span> <span class='ocrx_word' id='word_1_137' title='bbox 920 1996 1332 2040; x_wconf 86' lang='lat' dir='ltr'><strong>HIERONYMUS</strong></span> <span class='ocrx_word' id='word_1_138' title='bbox 1361 1988 1581 2039; x_wconf 85' lang='lat' dir='ltr'><strong>NADAL</strong></span> 
     </span>
     <span class='ocr_line' id='line_1_22' title="bbox 721 2089 1695 2128; baseline 0.003 -3"><span class='ocrx_word' id='word_1_139' title='bbox 721 2090 902 2126; x_wconf 90' lang='lat' dir='ltr'><strong>PATRI</strong></span> <span class='ocrx_word' id='word_1_140' title='bbox 927 2089 1259 2127; x_wconf 89' lang='lat' dir='ltr'><strong>EVERARDO</strong></span> <span class='ocrx_word' id='word_1_141' title='bbox 1286 2089 1695 2128; x_wconf 91' lang='lat' dir='ltr'><strong>MERCURIANO</strong></span> 
     </span>
    </p>
   </div>
   <div class='ocr_carea' id='block_1_12' title="bbox 908 2179 1505 2225">
    <p class='ocr_par' dir='ltr' id='par_1_12' title="bbox 908 2179 1505 2225">
     <span class='ocr_line' id='line_1_23' title="bbox 908 2179 1505 2225; baseline -0.003 -9"><span class='ocrx_word' id='word_1_142' title='bbox 908 2189 1063 2225; x_wconf 72' lang='grc' dir='ltr'><strong>ΗΑιΑΕ,</strong></span> <span class='ocrx_word' id='word_1_143' title='bbox 1084 2179 1128 2215; x_wconf 89' lang='lat'><strong>31</strong></span> <span class='ocrx_word' id='word_1_144' title='bbox 1154 2188 1348 2224; x_wconf 79' lang='lat' dir='ltr'><strong>JANUARn</strong></span> <span class='ocrx_word' id='word_1_145' title='bbox 1369 2179 1459 2225; x_wconf 85' lang='lat'><strong>1576</strong></span> <span class='ocrx_word' id='word_1_146' title='bbox 1477 2182 1505 2214; x_wconf 83' lang='lat'><strong>2.</strong></span> 
     </span>
    </p>
   </div>
   <div class='ocr_carea' id='block_1_13' title="bbox 661 2261 1753 2311">
    <p class='ocr_par' dir='ltr' id='par_1_13' title="bbox 661 2261 1753 2311">
     <span class='ocr_line' id='line_1_24' title="bbox 661 2261 1753 2311; baseline 0.001 -13"><span class='ocrx_word' id='word_1_147' title='bbox 661 2263 722 2298; x_wconf 88' lang='lat' dir='ltr'><strong>De</strong></span> <span class='ocrx_word' id='word_1_148' title='bbox 741 2263 913 2298; x_wconf 77' lang='lat' dir='ltr'><strong>editione</strong></span> <span class='ocrx_word' id='word_1_149' title='bbox 931 2263 1164 2311; x_wconf 83' lang='lat' dir='ltr'><strong>imaginum</strong></span> <span class='ocrx_word' id='word_1_150' title='bbox 1182 2263 1290 2298; x_wconf 84' lang='lat' dir='ltr'><strong>vitae</strong></span> <span class='ocrx_word' id='word_1_151' title='bbox 1311 2261 1463 2299; x_wconf 77' lang='lat' dir='ltr'><strong>Christi</strong></span> <span class='ocrx_word' id='word_1_152' title='bbox 1473 2263 1753 2310; x_wconf 75' lang='lat' dir='ltr'><strong>procuranda.</strong></span> 
     </span>
    </p>
   </div>
   <div class='ocr_carea' id='block_1_14' title="bbox 386 2357 2031 2876">
    <p class='ocr_par' dir='ltr' id='par_1_14' title="bbox 386 2357 2031 2876">
     <span class='ocr_line' id='line_1_25' title="bbox 477 2357 2031 2417; baseline 0 -15"><span class='ocrx_word' id='word_1_153' title='bbox 477 2359 507 2417; x_wconf 51' lang='grc' dir='ltr'><strong>ἦ·</strong></span> <span class='ocrx_word' id='word_1_154' title='bbox 570 2359 711 2403; x_wconf 87' lang='lat' dir='ltr'><strong>Molto</strong></span> <span class='ocrx_word' id='word_1_155' title='bbox 735 2359 847 2401; x_wconf 93' lang='lat' dir='ltr'><strong>Rdo.</strong></span> <span class='ocrx_word' id='word_1_156' title='bbox 887 2360 938 2402; x_wconf 88' lang='lat' dir='ltr'><strong>P.</strong></span> <span class='ocrx_word' id='word_1_157' title='bbox 972 2360 1030 2402; x_wconf 91' lang='lat' dir='ltr'><strong>N.</strong></span> <span class='ocrx_word' id='word_1_158' title='bbox 1063 2358 1110 2401; x_wconf 91' lang='lat' dir='ltr'><strong>in</strong></span> <span class='ocrx_word' id='word_1_159' title='bbox 1138 2358 1223 2402; x_wconf 91' lang='lat' dir='ltr'><strong>X.⁰</strong></span> <span class='ocrx_word' id='word_1_160' title='bbox 1248 2360 1344 2402; x_wconf 87' lang='lat' dir='ltr'><strong>Pax</strong></span> <span class='ocrx_word' id='word_1_161' title='bbox 1373 2357 1449 2402; x_wconf 86' lang='lat' dir='ltr'><strong>X.i</strong></span> <span class='ocrx_word' id='word_1_162' title='bbox 1476 2359 1570 2403; x_wconf 92' lang='lat' dir='ltr'><strong>Son</strong></span> <span class='ocrx_word' id='word_1_163' title='bbox 1598 2365 1717 2402; x_wconf 84' lang='lat' dir='ltr'><strong>stato</strong></span> <span class='ocrx_word' id='word_1_164' title='bbox 1739 2358 1876 2415; x_wconf 86' lang='lat' dir='ltr'><strong>&#39;quasi</strong></span> <span class='ocrx_word' id='word_1_165' title='bbox 1905 2366 2031 2402; x_wconf 81' lang='lat' dir='ltr'><strong>tutto</strong></span> 
     </span>
     <span class='ocr_line' id='line_1_26' title="bbox 388 2434 2021 2492; baseline 0.001 -13"><span class='ocrx_word' id='word_1_166' title='bbox 388 2444 551 2492; x_wconf 90' lang='lat' dir='ltr'><strong>questo</strong></span> <span class='ocrx_word' id='word_1_167' title='bbox 574 2450 696 2480; x_wconf 87' lang='lat' dir='ltr'><strong>mese</strong></span> <span class='ocrx_word' id='word_1_168' title='bbox 721 2434 974 2490; x_wconf 88' lang='lat' dir='ltr'><strong>indisposto</strong></span> <span class='ocrx_word' id='word_1_169' title='bbox 995 2440 1127 2478; x_wconf 74' lang='lat' dir='ltr'><strong>extra</strong></span> <span class='ocrx_word' id='word_1_170' title='bbox 1155 2436 1363 2478; x_wconf 79' lang='lat' dir='ltr'><strong>ordinem</strong></span> <span class='ocrx_word' id='word_1_171' title='bbox 1391 2436 1448 2479; x_wconf 91' lang='lat' dir='ltr'><strong>de</strong></span> <span class='ocrx_word' id='word_1_172' title='bbox 1475 2451 1537 2478; x_wconf 91' lang='lat' dir='ltr'><strong>vn</strong></span> <span class='ocrx_word' id='word_1_173' title='bbox 1558 2435 1912 2480; x_wconf 87' lang='lat' dir='ltr'><strong>extraordinario</strong></span> <span class='ocrx_word' id='word_1_174' title='bbox 1943 2451 2021 2480; x_wconf 90' lang='lat' dir='ltr'><strong>ca-</strong></span> 
     </span>
     <span class='ocr_line' id='line_1_27' title="bbox 386 2512 2018 2557; baseline -0.001 -1"><span class='ocrx_word' id='word_1_175' title='bbox 386 2515 553 2556; x_wconf 86' lang='lat' dir='ltr'><strong>tarrho.</strong></span> <span class='ocrx_word' id='word_1_176' title='bbox 586 2514 690 2557; x_wconf 90' lang='lat' dir='ltr'><strong>Non</strong></span> <span class='ocrx_word' id='word_1_177' title='bbox 717 2518 787 2555; x_wconf 84' lang='lat' dir='ltr'><strong>sto</strong></span> <span class='ocrx_word' id='word_1_178' title='bbox 825 2525 989 2555; x_wconf 90' lang='lat' dir='ltr'><strong>ancora</strong></span> <span class='ocrx_word' id='word_1_179' title='bbox 1025 2513 1166 2555; x_wconf 90' lang='lat' dir='ltr'><strong>molto</strong></span> <span class='ocrx_word' id='word_1_180' title='bbox 1187 2513 1318 2556; x_wconf 89' lang='lat' dir='ltr'><strong>bene.</strong></span> <span class='ocrx_word' id='word_1_181' title='bbox 1350 2512 1623 2555; x_wconf 81' lang='lat' dir='ltr'><strong>Benedictus</strong></span> <span class='ocrx_word' id='word_1_182' title='bbox 1652 2513 1895 2556; x_wconf 80' lang='lat' dir='ltr'><strong>Dominus.</strong></span> <span class='ocrx_word' id='word_1_183' title='bbox 1924 2513 2018 2557; x_wconf 90' lang='lat' dir='ltr'><strong>Son</strong></span> 
     </span>
     <span class='ocr_line' id='line_1_28' title="bbox 386 2589 2011 2646; baseline -0.001 -13"><span class='ocrx_word' id='word_1_184' title='bbox 386 2594 538 2633; x_wconf 76' lang='lat' dir='ltr'><strong>tamen</strong></span> <span class='ocrx_word' id='word_1_185' title='bbox 560 2597 678 2633; x_wconf 88' lang='lat' dir='ltr'><strong>stato</strong></span> <span class='ocrx_word' id='word_1_186' title='bbox 694 2589 814 2633; x_wconf 89' lang='lat' dir='ltr'><strong>nella</strong></span> <span class='ocrx_word' id='word_1_187' title='bbox 836 2589 1193 2646; x_wconf 85' lang='lat' dir='ltr'><strong>congregatione</strong></span> <span class='ocrx_word' id='word_1_188' title='bbox 1214 2589 1261 2632; x_wconf 90' lang='lat' dir='ltr'><strong>in</strong></span> <span class='ocrx_word' id='word_1_189' title='bbox 1284 2591 1456 2646; x_wconf 89' lang='lat' dir='ltr'><strong>Ispruc,</strong></span> <span class='ocrx_word' id='word_1_190' title='bbox 1481 2590 1599 2633; x_wconf 91' lang='lat' dir='ltr'><strong>doue</strong></span> <span class='ocrx_word' id='word_1_191' title='bbox 1620 2591 1680 2633; x_wconf 91' lang='lat' dir='ltr'><strong>ho</strong></span> <span class='ocrx_word' id='word_1_192' title='bbox 1701 2589 1816 2632; x_wconf 85' lang='lat' dir='ltr'><strong>viste</strong></span> <span class='ocrx_word' id='word_1_193' title='bbox 1843 2590 1885 2633; x_wconf 89' lang='lat' dir='ltr'><strong>le</strong></span> <span class='ocrx_word' id='word_1_194' title='bbox 1907 2604 2011 2634; x_wconf 91' lang='lat' dir='ltr'><strong>cen-</strong></span> 
     </span>
     <span class='ocr_line' id='line_1_29' title="bbox 386 2666 2017 2723; baseline -0.001 -13"><span class='ocrx_word' id='word_1_195' title='bbox 386 2682 492 2711; x_wconf 88' lang='lat' dir='ltr'><strong>sure</strong></span> <span class='ocrx_word' id='word_1_196' title='bbox 513 2666 620 2711; x_wconf 90' lang='lat' dir='ltr'><strong>delli</strong></span> <span class='ocrx_word' id='word_1_197' title='bbox 644 2668 697 2710; x_wconf 91' lang='lat' dir='ltr'><strong>P.</strong></span> <span class='ocrx_word' id='word_1_198' title='bbox 730 2667 893 2709; x_wconf 89' lang='lat' dir='ltr'><strong>Torres</strong></span> <span class='ocrx_word' id='word_1_199' title='bbox 925 2674 970 2711; x_wconf 88' lang='lat' dir='ltr'><strong>et</strong></span> <span class='ocrx_word' id='word_1_200' title='bbox 1006 2666 1234 2723; x_wconf 87' lang='lat' dir='ltr'><strong>Gregorio</strong></span> <span class='ocrx_word' id='word_1_201' title='bbox 1273 2667 1305 2718; x_wconf 76' lang='lat'><strong>³,</strong></span> <span class='ocrx_word' id='word_1_202' title='bbox 1347 2673 1393 2710; x_wconf 90' lang='lat' dir='ltr'><strong>et</strong></span> <span class='ocrx_word' id='word_1_203' title='bbox 1431 2671 1629 2709; x_wconf 86' lang='lat' dir='ltr'><strong>tratanto</strong></span> <span class='ocrx_word' id='word_1_204' title='bbox 1665 2666 1735 2709; x_wconf 93' lang='lat' dir='ltr'><strong>col</strong></span> <span class='ocrx_word' id='word_1_205' title='bbox 1765 2668 1817 2709; x_wconf 91' lang='lat' dir='ltr'><strong>P.</strong></span> <span class='ocrx_word' id='word_1_206' title='bbox 1852 2667 2017 2711; x_wconf 87' lang='lat' dir='ltr'><strong>Torres</strong></span> 
     </span>
     <span class='ocr_line' id='line_1_30' title="bbox 386 2741 2027 2799; baseline 0 -13"><span class='ocrx_word' id='word_1_207' title='bbox 386 2744 541 2786; x_wconf 85' lang='lat' dir='ltr'><strong>hanno</strong></span> <span class='ocrx_word' id='word_1_208' title='bbox 565 2744 676 2786; x_wconf 79' lang='lat' dir='ltr'><strong>satta</strong></span> <span class='ocrx_word' id='word_1_209' title='bbox 698 2741 948 2798; x_wconf 84' lang='lat' dir='ltr'><strong>diligentia,</strong></span> <span class='ocrx_word' id='word_1_210' title='bbox 974 2758 1047 2786; x_wconf 85' lang='lat' dir='ltr'><strong>rna</strong></span> <span class='ocrx_word' id='word_1_211' title='bbox 1078 2757 1170 2785; x_wconf 92' lang='lat' dir='ltr'><strong>non</strong></span> <span class='ocrx_word' id='word_1_212' title='bbox 1202 2742 1262 2786; x_wconf 92' lang='lat' dir='ltr'><strong>mi</strong></span> <span class='ocrx_word' id='word_1_213' title='bbox 1294 2743 1496 2785; x_wconf 89' lang='lat' dir='ltr'><strong>daranno</strong></span> <span class='ocrx_word' id='word_1_214' title='bbox 1526 2748 1686 2799; x_wconf 87' lang='lat' dir='ltr'><strong>troppo</strong></span> <span class='ocrx_word' id='word_1_215' title='bbox 1722 2743 2027 2799; x_wconf 83' lang='lat' dir='ltr'><strong>occupatione</strong></span> 
     </span>
     <span class='ocr_line' id='line_1_31' title="bbox 386 2818 2029 2876; baseline -0.001 -13"><span class='ocrx_word' id='word_1_216' title='bbox 386 2834 474 2863; x_wconf 93' lang='lat' dir='ltr'><strong>con</strong></span> <span class='ocrx_word' id='word_1_217' title='bbox 496 2821 539 2863; x_wconf 88' lang='lat' dir='ltr'><strong>la</strong></span> <span class='ocrx_word' id='word_1_218' title='bbox 561 2819 712 2876; x_wconf 86' lang='lat' dir='ltr'><strong>gratia</strong></span> <span class='ocrx_word' id='word_1_219' title='bbox 732 2819 805 2862; x_wconf 91' lang='lat' dir='ltr'><strong>del</strong></span> <span class='ocrx_word' id='word_1_220' title='bbox 827 2818 1009 2875; x_wconf 88' lang='lat' dir='ltr'><strong>Signor.</strong></span> <span class='ocrx_word' id='word_1_221' title='bbox 1035 2819 1317 2864; x_wconf 88' lang='lat' dir='ltr'><strong>Desideraua</strong></span> <span class='ocrx_word' id='word_1_222' title='bbox 1333 2820 1418 2862; x_wconf 94' lang='lat' dir='ltr'><strong>che</strong></span> <span class='ocrx_word' id='word_1_223' title='bbox 1436 2819 1466 2862; x_wconf 89' lang='lat' dir='ltr'><strong>il</strong></span> <span class='ocrx_word' id='word_1_224' title='bbox 1485 2821 1538 2863; x_wconf 94' lang='lat' dir='ltr'><strong>P.</strong></span> <span class='ocrx_word' id='word_1_225' title='bbox 1561 2819 1714 2863; x_wconf 86' lang='lat' dir='ltr'><strong>Pietro</strong></span> <span class='ocrx_word' id='word_1_226' title='bbox 1732 2826 1777 2865; x_wconf 90' lang='lat' dir='ltr'><strong>et</strong></span> <span class='ocrx_word' id='word_1_227' title='bbox 1795 2821 1847 2864; x_wconf 91' lang='lat' dir='ltr'><strong>P.</strong></span> <span class='ocrx_word' id='word_1_228' title='bbox 1870 2821 2029 2863; x_wconf 44' lang='lat' dir='ltr'><strong>Theo*</strong></span> 
     </span>
    </p>
   </div>
   <div class='ocr_carea' id='block_1_15' title="bbox 393 2914 674 2919">
    <p class='ocr_par' dir='ltr' id='par_1_15' title="bbox 393 2914 674 2919">
     <span class='ocr_line' id='line_1_32' title="bbox 393 2914 674 2919; baseline 0 0"><span class='ocrx_word' id='word_1_229' title='bbox 393 2914 674 2919; x_wconf 95' lang='lat' dir='ltr'><strong> </strong></span> 
     </span>
    </p>
   </div>
   <div class='ocr_carea' id='block_1_16' title="bbox 385 2959 2019 3186">
    <p class='ocr_par' dir='ltr' id='par_1_16' title="bbox 385 2959 2019 3068">
     <span class='ocr_line' id='line_1_33' title="bbox 460 2959 2019 3007; baseline 0.002 -12"><span class='ocrx_word' id='word_1_230' title='bbox 460 2961 468 2980; x_wconf 81' lang='lat'>¹</span> <span class='ocrx_word' id='word_1_231' title='bbox 521 2962 580 2996; x_wconf 86' lang='lat' dir='ltr'><strong>Ex</strong></span> <span class='ocrx_word' id='word_1_232' title='bbox 611 2962 798 3007; x_wconf 85' lang='lat' dir='ltr'><strong>Regesto,</strong></span> <span class='ocrx_word' id='word_1_233' title='bbox 827 2959 926 2995; x_wconf 88' lang='lat' dir='ltr'><strong>Cod.</strong></span> <span class='ocrx_word' id='word_1_234' title='bbox 957 2971 1000 3006; x_wconf 81' lang='lat'><strong>33</strong></span> <span class='ocrx_word' id='word_1_235' title='bbox 1016 2961 1075 3007; x_wconf 86' lang='lat' dir='ltr'><strong>j),</strong></span> <span class='ocrx_word' id='word_1_236' title='bbox 1100 2961 1167 2997; x_wconf 83' lang='lat' dir='ltr'><strong>fol.</strong></span> <span class='ocrx_word' id='word_1_237' title='bbox 1197 2960 1256 3006; x_wconf 90' lang='lat'><strong>37.</strong></span> <span class='ocrx_word' id='word_1_238' title='bbox 1282 2961 1327 2996; x_wconf 88' lang='lat' dir='ltr'><strong>In</strong></span> <span class='ocrx_word' id='word_1_239' title='bbox 1351 2961 1539 3007; x_wconf 86' lang='lat' dir='ltr'><strong>margine:</strong></span> <span class='ocrx_word' id='word_1_240' title='bbox 1565 2961 1712 2997; x_wconf 84' lang='lat' dir='ltr'><strong>Halae.</strong></span> <span class='ocrx_word' id='word_1_241' title='bbox 1736 2963 1787 2997; x_wconf 90' lang='lat' dir='ltr'><strong>P.</strong></span> <span class='ocrx_word' id='word_1_242' title='bbox 1811 2961 2019 2999; x_wconf 68' lang='lat' dir='ltr'><strong>Natalem.</strong></span> 
     </span>
     <span class='ocr_line' id='line_1_34' title="bbox 385 3020 1162 3068; baseline 0.003 -13"><span class='ocrx_word' id='word_1_243' title='bbox 385 3020 485 3056; x_wconf 91' lang='lat' dir='ltr'><strong>Vide</strong></span> <span class='ocrx_word' id='word_1_244' title='bbox 505 3021 620 3068; x_wconf 88' lang='lat' dir='ltr'><strong>epist.</strong></span> <span class='ocrx_word' id='word_1_245' title='bbox 643 3021 723 3067; x_wconf 85' lang='lat'><strong>589,</strong></span> <span class='ocrx_word' id='word_1_246' title='bbox 744 3020 808 3056; x_wconf 93' lang='lat' dir='ltr'><strong>cui</strong></span> <span class='ocrx_word' id='word_1_247' title='bbox 825 3021 920 3056; x_wconf 91' lang='lat' dir='ltr'><strong>haec</strong></span> <span class='ocrx_word' id='word_1_248' title='bbox 938 3021 1162 3068; x_wconf 91' lang='lat' dir='ltr'><strong>respondet.</strong></span> 
     </span>
    </p>

    <p class='ocr_par' dir='ltr' id='par_1_17' title="bbox 455 3079 1796 3127">
     <span class='ocr_line' id='line_1_35' title="bbox 455 3079 1796 3127; baseline 0.001 -12"><span class='ocrx_word' id='word_1_249' title='bbox 455 3082 468 3101; x_wconf 73' lang='lat'><strong>²</strong></span> <span class='ocrx_word' id='word_1_250' title='bbox 520 3081 578 3115; x_wconf 83' lang='lat' dir='ltr'><strong>Ex</strong></span> <span class='ocrx_word' id='word_1_251' title='bbox 597 3080 853 3127; x_wconf 86' lang='lat' dir='ltr'><strong>autographo,</strong></span> <span class='ocrx_word' id='word_1_252' title='bbox 872 3079 912 3115; x_wconf 92' lang='lat' dir='ltr'><strong>in</strong></span> <span class='ocrx_word' id='word_1_253' title='bbox 930 3080 1060 3126; x_wconf 80' lang='lat' dir='ltr'><strong>Epist.</strong></span> <span class='ocrx_word' id='word_1_254' title='bbox 1080 3081 1237 3125; x_wconf 82' lang='lat' dir='ltr'><strong>Natal.,</strong></span> <span class='ocrx_word' id='word_1_255' title='bbox 1256 3081 1306 3125; x_wconf 88' lang='grc' dir='ltr'><strong>ΙΙ,</strong></span> <span class='ocrx_word' id='word_1_256' title='bbox 1327 3080 1473 3127; x_wconf 90' lang='lat' dir='ltr'><strong>duplici</strong></span> <span class='ocrx_word' id='word_1_257' title='bbox 1491 3079 1573 3127; x_wconf 86' lang='lat' dir='ltr'><strong>fol.,</strong></span> <span class='ocrx_word' id='word_1_258' title='bbox 1595 3079 1664 3126; x_wconf 88' lang='lat'><strong>239</strong></span> <span class='ocrx_word' id='word_1_259' title='bbox 1683 3080 1796 3125; x_wconf 85' lang='lat'><strong>(166).</strong></span> 
     </span>
    </p>

    <p class='ocr_par' dir='ltr' id='par_1_18' title="bbox 455 3137 1125 3186">
     <span class='ocr_line' id='line_1_36' title="bbox 455 3137 1125 3186; baseline 0.004 -13"><span class='ocrx_word' id='word_1_260' title='bbox 455 3139 470 3159; x_wconf 75' lang='lat'>⁵</span> <span class='ocrx_word' id='word_1_261' title='bbox 520 3138 621 3174; x_wconf 84' lang='lat' dir='ltr'><strong>Vide</strong></span> <span class='ocrx_word' id='word_1_262' title='bbox 642 3139 757 3186; x_wconf 86' lang='lat' dir='ltr'><strong>epist.</strong></span> <span class='ocrx_word' id='word_1_263' title='bbox 777 3137 861 3183; x_wconf 83' lang='lat'><strong>5843</strong></span> <span class='ocrx_word' id='word_1_264' title='bbox 882 3137 964 3183; x_wconf 77' lang='lat'>5863</span> <span class='ocrx_word' id='word_1_265' title='bbox 987 3144 1024 3174; x_wconf 77' lang='lat' dir='ltr'><strong>et</strong></span> <span class='ocrx_word' id='word_1_266' title='bbox 1043 3139 1125 3186; x_wconf 84' lang='lat'><strong>589.</strong></span> 
     </span>
    </p>
   </div>
  </div>
 </body>
</html>
