2228 3548
390 317 460 362 324
906 314 1044 348 EPIST.
1071 311 1116 346 P.
1144 309 1413 356 Naxon-455

344 421 430 463 che
450 416 496 460 di
516 429 669 459 nuouo
691 417 750 458 ha
772 416 885 458 fatto
907 414 938 456 il
966 427 1097 470 papa,
1122 412 1241 456 doue
1269 412 1609 468 generalmente
1637 412 1675 456 si
1697 411 1742 455 fa
1771 409 1975 468 prohibi-

346 495 468 539 tione
488 494 574 537 che
595 506 687 535 non
709 491 747 534 si
769 490 932 535 debbia
952 496 1131 535 entrare
1151 488 1198 531 in
1221 487 1352 532 simili
1374 487 1532 545 luoghi
1548 488 1764 546 religiosi,
1784 495 1830 533 et
1852 488 1973 531 forse

344 571 382 615 si
403 570 619 614 mandara
641 568 718 624 qui
740 582 831 610 una
853 566 982 623 copia
1005 565 1050 609 di
1071 566 1196 609 detto
1217 566 1373 610 breue.
1828 559 1831 562 ’

432 660 475 702 4.
541 647 853 702 Quantunque
881 645 939 688 V.
966 645 1019 687 R.
1045 643 1112 687 sia
1133 644 1263 686 fuora
1284 642 1401 687 delle
1422 642 1513 687 due
1542 642 1767 699 prouintie
1799 642 1845 685 di
1867 643 1969 686 Au-

344 725 452 769 stria
474 730 519 769 et
540 721 745 779 superior
763 720 1023 774 Germania,
1043 721 1214 764 hauera
1227 734 1314 777 pur
1329 720 1372 763 13
1388 733 1498 763 cura
1518 719 1564 762 di
1586 719 1751 776 quelle,
1769 726 1815 764 et
1830 720 1874 762 la
1895 734 1968 763 es—

345 801 561 846 sercitara
582 799 628 842 in
651 799 800 855 quello
828 800 912 842 che
940 799 1068 854 potra
1095 798 1415 851 buonamente‚
1450 803 1495 841 et
1531 796 1666 841 credo
1697 797 1863 840 andara
1894 796 1976 852 qui⁷

344 880 388 922 la
409 883 592 935 patente
614 891 693 933 per
714 876 756 919 le
778 874 1012 932 prouincie
1033 874 1080 917 di
1101 873 1290 918 Francia
1312 881 1357 917 et
1385 872 1632 929 Aquitania
1656 879 1693 916 ἃ.
1724 874 1765 916 Y
1793 887 1973 930 avnque

347 959 443 1001 este
463 969 520 999 en
543 953 750 1006 Francia,
776 960 915 1009 tenga
943 966 1051 995 cura
1079 952 1136 996 de
1166 951 1427 1004 Germania,
1458 966 1488 1008 y
1515 950 1783 1004 escriuanle,
1817 966 1846 1007 y
1876 965 1972 994 res-

347 1033 513 1089 ponda,
536 1033 668 1075 hasta
688 1044 778 1086 que
801 1044 879 1079 sea
899 1029 1098 1072 acabada
1118 1029 1161 1072 la
1188 1028 1320 1072 visita
1347 1029 1420 1072 del
1448 1028 1570 1072 todo.
1602 1028 1688 1071 Del
1724 1034 1912 1072 mettere
1943 1028 1972 1070 il

347 1108 543 1166 collegio
564 1109 620 1152 de
641 1107 772 1164 Spira
794 1107 912 1150 nella
933 1105 1167 1163 prouincia
1188 1106 1260 1150 del
1289 1107 1464 1158 Rhen0,
1489 1111 1534 1149 et
1556 1105 1707 1161 quello
1728 1105 1785 1148 de
1806 1104 1975 1148 Herbi-

346 1186 439 1244 poli
461 1186 579 1231 nella
601 1183 803 1241 superior
831 1182 1091 1237 Germania,
1114 1183 1160 1225 in
1183 1197 1288 1226 caso
1310 1185 1394 1227 che
1417 1182 1523 1225 tutti
1544 1181 1651 1225 duoi
1672 1181 1710 1225 si
1732 1181 1972 1235 accestino,

348 1263 392 1306 io
420 1262 481 1305 mi
509 1262 690 1307 rimetto
717 1276 743 1305 a
771 1261 828 1304 V.
854 1261 908 1303 R.
942 1261 1123 1316 quando
1149 1261 1320 1304 hauera
1348 1259 1531 1302 uisitato
1567 1259 1611 1302 la
1631 1258 1880 1321 prouincia.
1899 1259 1973 1302 del

349 1341 526 1383 Rheno,
553 1339 601 1383 S’
625 1339 651 1382 e
674 1337 791 1381 uista
819 1338 862 1380 la
890 1338 1051 1381 lettera
1076 1336 1150 1380 del
1179 1338 1231 1380 P.
1266 1337 1468 1380 Lorenzo
1499 1337 1528 1389 ¹,
1559 1342 1605 1381 et
1633 1335 1782 1391 quello
1819 1337 1904 1380 che
1935 1335 1973 1379 si

347 1416 497 1461 scriue
517 1415 563 1458 di
586 1417 737 1471 Praga
758 1429 888 1470 sopra
916 1413 947 1456 il
967 1414 1120 1456 dottor
1141 1413 1405 1469 Wolfango,
1431 1420 1476 1456 et
1498 1419 1668 1468 quanto
1689 1427 1821 1470 sopra
1843 1411 1888 1455 di
1910 1412 1974 1455 lui

348 1492 495 1536 scriue
517 1493 574 1536 V.
602 1493 656 1535 R.
682 1492 725 1535 al
745 1492 870 1534 detto
894 1492 946 1533 P.
973 1491 1193 1543 Lorenzo;
1219 1496 1265 1533 et
1293 1504 1342 1534 se
1371 1490 1588 1534 accadera
1620 1489 1791 1533 scriuer
1822 1503 1928 1533 cosa
1952 1489 1975 1517 '⁹

347 1570 511 1614 alcuna
532 1569 574 1612 al
596 1567 844 1624 prouincial
866 1567 909 1609 d'
937 1566 1139 1620 Austria,
1165 1566 1202 1610 si
1224 1566 1427 1610 scriuira.
1455 1568 1572 1611 Pare
1592 1567 1681 1610 ben
1703 1565 1735 1609 il
1763 1573 1898 1618 resto,
1928 1565 1973 1608 in

349 1646 480 1690 fuora
502 1646 558 1689 de
580 1646 687 1688 dare
709 1645 781 1688 all’
801 1643 1094 1688 arciuescouo
1111 1644 1236 1688 detto
1252 1644 1516 1700 Wolfango,
1536 1658 1629 1687 non
1649 1644 1680 1686 li
1696 1642 1978 1701 sciogliendo

348 1723 380 1766 11
405 1722 514 1775 uoti,
539 1723 706 1778 perche
726 1736 833 1777 pare
855 1735 960 1765 cosa
981 1720 1233 1777 periculosa
1254 1727 1443 1765 mettere
1465 1720 1510 1763 in
1527 1720 1713 1764 seruitio
1729 1721 1773 1763 d’
1795 1736 1856 1764 un
1873 1735 1974 1777 per-

350 1800 444 1843 lato
466 1799 599 1843 simili
620 1812 826 1855 persone,
859 1800 943 1841 che
970 1812 1062 1841 non
1090 1799 1347 1854 procedono
1375 1799 1492 1841 bene
1519 1796 1566 1841 in
1594 1798 1970 1855 congregatione,

353 1877 564 1920 restando
586 1889 673 1919 con
694 1874 725 1917 li
747 1874 857 1927 uoti,
882 1882 927 1918 et
949 1881 1409 1931 consequentemente
1434 1882 1555 1918 sotto
1581 1875 1623 1918 13
1654 1888 1763 1918 cura
1795 1875 1868 1918 del
1899 1889 1973 1917 su-

353 1953 503 2010 perior
538 1953 655 1996 della
683 1952 980 2009 Compagnia3
1012 1954 1176 2008 perche
1206 1953 1395 1997 facendo
1423 1953 1614 2008 qualche
1641 1966 1746 1996 cosa
1773 1953 1859 1996 che
1881 1966 1973 1995 non

350 2030 437 2074 stia
458 2031 592 2083 bene,
617 2030 806 2073 sarebbe
829 2043 960 2085 sopra
981 2030 1023 2074 13
1045 2028 1322 2074 conscientie
1342 2035 1511 2083 nostre;
1536 2035 1581 2072 et
1603 2044 1710 2085 pare
1727 2043 1887 2073 manco
1902 2028 1975 2071 in-

349 2105 653 2151 conueniente
675 2106 866 2150 sarebbe
887 2107 1068 2161 quando
1090 2105 1223 2149 simili
1240 2120 1433 2162 persone
1449 2105 1487 2149 si
1504 2105 1804 2162 applicassino
1822 2107 1865 2149 al
1881 2120 1977 2149 ser-

349 2183 463 2227 uitio
486 2182 531 2226 di
553 2183 745 2238 qualche
765 2182 953 2238 perlato,
979 2182 1222 2227 licenciarli
1244 2183 1300 2228 de
1329 2183 1371 2226 la
1393 2182 1692 2240 Compagnia‚
1718 2183 1843 2227 accio
1864 2183 1977 2226 fussi

349 2261 392 2303 al
414 2274 497 2303 suo
518 2266 670 2312 conto,
695 2265 741 2303 et
763 2272 854 2301 non
876 2259 918 2301 al
940 2266 1112 2313 nostro,
1137 2259 1168 2302 il
1189 2261 1307 2304 bene
1329 2275 1356 2303 o
1377 2260 1495 2303 male
1515 2261 1599 2303 che
1621 2259 1859 2303 facessino.

440 2346 477 2391 5.
541 2337 589 2380 S’
620 2336 646 2379 ἑ
674 2334 791 2379 uista
819 2335 862 2377 la
890 2336 1082 2379 formula
1109 2337 1182 2381 del
1218 2343 1444 2380 contratto
1472 2338 1557 2381 che
1593 2336 1631 2379 si
1660 2337 1757 2382 fece
1785 2337 1859 2380 col
1895 2351 1978 2382 ue-

342 2427 490 2457 scouo
506 2412 552 2456 di
569 2410 821 2465 Olomutio,
835 2418 880 2455 et
902 2413 1081 2468 quando
1099 2414 1128 2455 l’
1147 2415 1394 2458 haueremo
1410 2414 1499 2457 ben
1517 2414 1817 2467 considerato,
1837 2414 1876 2456 si
1891 2428 1975 2470 po-

351 2493 420 2534 tra
441 2489 609 2546 meglio
629 2488 725 2533 dire
747 2489 852 2544 quel
873 2491 956 2532 che
979 2490 1019 2532 ci
1041 2493 1214 2546 parera,
1236 2498 1281 2535 et
1298 2491 1506 2534 scriuersi
1528 2506 1554 2535 a
1575 2492 1636 2535 V.
1663 2493 1738 2544 R.,
1762 2498 1808 2534 et
1829 2492 1975 2534 anche

350 2568 393 2611 al
413 2566 682 2623 prouintiale
703 2566 747 2608 d’
772 2566 973 2611 Austria.
999 2568 1033 2610 Il
1055 2582 1251 2612 vescouo
1267 2583 1375 2624 pare
1392 2567 1546 2611 mostri
1567 2568 1705 2611 molto
1722 2560 1873 2611 buona
1890 2581 1973 2610 uo-

351 2645 491 2698 lonta3
517 2644 758 2688 uederemo
779 2657 828 2686 se
850 2650 1010 2699 questa
1030 2644 1068 2687 si
1090 2647 1307 2688 mostrara
1333 2645 1457 2702 negli
1493 2644 1634 2689 effetti
1661 2645 1778 2688 della
1809 2645 1975 2688 funda-

352 2721 475 2765 tione
497 2719 708 2776 compita.
736 2721 824 2764 Per
846 2720 1005 2764 adesso
1027 2736 1133 2777 pare
1155 2722 1241 2765 stia
1260 2723 1378 2767 bene
1400 2724 1485 2766 che
1513 2721 1543 2764 li
1565 2721 1790 2778 seminarij
1815 2729 1860 2767 et
1881 2723 1978 2765 col—

353 2797 459 2854 legij
484 2798 540 2841 de
561 2795 813 2840 conuictori
835 2811 926 2839 non
957 2798 1321 2843 contribuiscano
1348 2800 1434 2844 alle
1461 2813 1590 2856 spese
1621 2799 1694 2842 del
1730 2798 1977 2853 visitatore3

423 2941 444 2961 a
482 2935 595 2981 Quae
613 2938 829 2980 sequuntur
846 2945 968 2981 usque
987 2934 1034 2970 ad
1052 2937 1116 2972 del
1134 2937 1223 2972 todo
1244 2936 1339 2972 incl.
1360 2942 1450 2974 sunt
1468 2936 1598 2973 addita
1617 2937 1718 2974 inter
1736 2949 1872 2974 versus
1890 2937 1981 2973 Bor-

353 2991 442 3038 giae
461 2993 671 3028 manu.-b
686 2991 871 3039 Sequitur
890 2993 1021 3029 simile
1039 2995 1288 3032 obliteratum
1307 3008 1329 3032 a
1346 2997 1435 3033 libr.
1475 3021 1479 3024 -

427 3119 437 3138 ¹
489 3117 654 3164 Magius,
673 3116 921 3164 provincialis
941 3118 1143 3156 Austriae.
