2228 3548
396 303 461 342 142
905 294 1042 330 prsr.
1070 292 1114 328 P.
1143 290 1412 339 Nixon-398

344 405 485 455 parte,
500 398 556 440 ne
574 413 599 440 a
616 397 743 449 altra,
763 411 813 441 se
830 411 921 439 non
938 410 964 439 a
981 395 1130 451 quello
1146 395 1232 438 che
1248 396 1408 451 patera
1424 409 1504 452 per
1520 394 1566 438 di
1583 409 1672 452 qua
1688 397 1823 441 esser’
1843 411 1974 454 mag-

343 475 443 532 gior
464 474 656 519 seruicio
679 475 735 519 de
758 473 844 517 Dio
866 480 911 518 et
938 471 1178 527 necessita,
1203 478 1249 515 et
1270 486 1350 528 per
1371 471 1594 530 maggior’
1620 481 1833 518 aumento
1854 474 1972 519 della

343 551 638 609 Compagnia:
663 551 833 595 hauero
855 555 1006 593 tamen
1028 564 1107 606 per
1130 549 1297 606 meglio
1325 550 1476 606 quello
1499 551 1582 595 che
1603 554 1762 608 patera
1783 566 1810 596 a
1831 553 1888 597 V.
1912 554 1965 596 P.

428 642 471 684 4.
536 631 606 672 De
627 629 776 684 quello
793 628 837 671 di
856 627 1002 684 Spira,
1022 626 1099 684 gia
1114 629 1176 670 ho
1199 626 1356 671 scritto
1373 642 1399 671 a
1416 629 1474 690 V.
1497 629 1550 671 P.
1570 630 1655 672 che
1671 628 1733 672 mi
1748 644 1856 686 pare
1872 644 1967 673 non

339 707 376 751 si
398 708 515 751 deue
536 709 743 761 acettar’,
778 720 915 750 senza
942 690 1181 750 6666116151
1207 704 1351 762 prima
1382 706 1532 762 quello
1563 707 1609 749 d'
1638 706 1891 764 Herbipoli,
1922 706 1968 750 di

338 786 454 828 doue
476 785 507 827 il
529 784 796 829 cancellario
819 784 862 827 fa
881 789 1005 828 tanta
1021 783 1225 827 instanza
1243 785 1327 827 che
1344 784 1369 827 6
1387 783 1677 828 confussione
1698 790 1868 838 nostra,
1888 799 1970 841 per

337 864 379 906 la
395 863 548 919 parola
565 864 649 906 che
666 861 695 904 il
716 863 767 905 P.
789 861 988 915 Canisio,
1008 861 1054 904 in
1071 876 1206 904 nome
1223 862 1280 906 de
1302 862 1360 905 V.
1383 863 1457 915 P.,
1476 863 1536 906 ha
1557 862 1664 905 dato
1680 862 1722 906 al
1738 876 1937 906 vescouo
1958 863 1968 884 ¹

337 941 382 984 di
419 941 568 997 quella
604 939 757 983 chiesa
784 946 829 983 et
857 938 982 992 citta;
1017 946 1063 984 et
1090 954 1116 982 a
1144 939 1308 995 grand'
1338 938 1554 983 instantia
1582 939 1855 984 dimandano
1886 941 1972 984 6116

337 1019 455 1061 116(16
477 1013 571 1061 uno
591 1018 647 1061 de
669 1017 810 1060 nostri
832 1031 913 1073 per
934 1017 1090 1061 ueder’
1114 1015 1145 1058 li
1166 1015 1346 1060 edificii.
1372 1016 1431 1060 Di
1460 1018 1595 1061 modo
1624 1018 1697 1061 ch’
1728 1016 1772 1061 io
1799 1031 1891 1061 non
1912 1032 1964 1061 so

337 1109 465 1140 come
487 1095 636 1151 quello
657 1095 703 1138 di
726 1094 858 1151 Spira
879 1093 917 1138 si
939 1093 1061 1151 possi
1082 1095 1315 1147 accettar’,
1342 1095 1398 1137 ne
1424 1095 1545 1139 uedo
1562 1095 1698 1138 etiam
1716 1096 1801 1138 che
1818 1095 1969 1151 quello

337 1175 393 1218 de
415 1172 650 1229 Herbipoli
673 1172 898 1229 possiamo
926 1171 1140 1229 compire,
1166 1186 1215 1216 se
1236 1171 1313 1229 gia
1333 1187 1422 1215 non
1455 1173 1695 1217 mandamo
1722 1173 1765 1216 16
1792 1173 1834 1217 61
1861 1173 1964 1217 Set-

336 1247 507 1295 tembre
528 1250 559 1292 il
585 1253 633 1294 P.
660 1250 901 1307 Gregorio.
928 1238 965 1294 E
989 1256 1160 1293 uenuta
1180 1250 1223 1294 16
1245 1249 1421 1294 1111111116
1442 1251 1517 1293 (161
1539 1249 1798 1307 Quirinoto:
1824 1250 1967 1307 hoggi

336 1343 408 1373 me
435 1329 464 1371 l'
495 1330 554 1371 ha
581 1328 686 1371 data
712 1328 744 1370 il
771 1327 1020 1372 cardinale:
1050 1327 1094 1370 la
1122 1328 1380 1381 uederemo,
1407 1334 1495 1372 etc.
1522 1329 1714 1384 Questo,
1747 1316 1916 1384 quanto
1938 1342 1966 1371 a

337 1406 486 1462 quella
507 1406 563 1450 (16
587 1418 657 1460 27.
1103 1390 1108 1396 ¹

426 1493 467 1538 5.
532 1484 716 1540 Quanto
739 1467 811 1527 all’
837 1483 966 1537 altra,
991 1483 1152 1540 poiche
1174 1484 1230 1528 V.
1259 1485 1313 1527 P.
1339 1482 1488 1528 scriue
1507 1484 1666 1533 hauer'
1690 1482 1880 1540 pigliato
1900 1481 1965 1525 ri-

335 1561 562 1605 solutione
585 1561 630 1603 di
653 1562 855 1605 mandar’
886 1576 912 1604 a
935 1563 1070 1605 Mtro.
1097 1562 1272 1620 Jacobo
1300 1576 1326 1604 a
1349 1561 1505 1620 Parigi
1532 1562 1566 1615 ²,
1591 1561 1634 1604 io
1656 1576 1747 1605 non
1769 1562 1830 1604 ho
1851 1561 1966 1605 altro

335 1638 553 1696 giudicio,
579 1654 740 1683 senon
762 1641 845 1682 che
863 1639 1013 1695 quello
1034 1640 1060 1682 e
1082 1639 1299 1696 miglior',
1325 1645 1370 1683 et
1399 1642 1550 1682 tamen
1578 1654 1670 1682 non
1698 1638 1890 1682 lasciero
1923 1637 1968 1681 di

336 1723 618 1773 rapresentar
635 1731 661 1759 a
684 1717 741 1761 V.
769 1718 821 1760 P.
848 1717 997 1772 quello
1015 1718 1100 1761 che
1115 1718 1175 1759 m’
1195 1731 1395 1762 occorre.
1418 1715 1588 1770 Primo,
1609 1718 1694 1760 che
1712 1716 1794 1760 far’
1813 1722 1966 1760 muta-

337 1793 447 1837 tioni
468 1793 515 1837 in
538 1808 692 1838 mezzo
713 1794 785 1837 (161
807 1808 957 1849 611150,
976 1795 1002 1838 e
1024 1793 1213 1852 pigliato
1236 1809 1315 1852 per
1335 1794 1475 1838 molto
1495 1795 1628 1848 male,
1654 1801 1700 1839 et
1721 1794 1795 1837 dal
1816 1793 1964 1837 cardi-

335 1872 451 1925 nale,
478 1878 522 1916 et
545 1872 602 1915 da
625 1871 744 1915 tutti.
772 1871 840 1914 2.⁰
863 1872 897 1914 Il
927 1872 1124 1928 pericolo
1151 1874 1237 1918 che
1264 1872 1401 1930 quelli
1422 1871 1556 1930 pochi
1584 1871 1777 1916 scholari
1798 1873 1884 1936 che
1904 1872 1964 1915 ha

336 1950 469 1993 Mtro.
491 1950 678 2007 Jacobo,
703 1963 795 1992 non
817 1963 865 1992 se
886 1964 943 1993 ne
966 1949 1133 1994 uadino
1155 1965 1243 1994 con
1266 1951 1309 1994 16
1329 1949 1595 1994 mutatione.
1623 1948 1691 2006 3.⁰
1713 1937 1812 1994 C'he
1834 1963 1910 1994 era
1931 1948 1962 1992 il

333 2026 524 2084 disegno
546 2028 631 2071 che
651 2026 716 2069 lui
737 2026 867 2070 finise
888 2027 919 2069 il
941 2042 1086 2082 corso,
1112 2036 1157 2073 et
1177 2029 1207 2071 l'
1238 2042 1357 2072 anno
1379 2030 1463 2072 6116
1483 2027 1616 2073 viene
1638 2042 1728 2072 non
1752 2026 1790 2070 si
1813 2027 1963 2072 facese

334 2105 448 2148 altro
472 2118 617 2158 corso,
643 2104 854 2148 accioche
875 2106 904 2147 l'
929 2106 1043 2149 altro
1071 2121 1190 2150 anno
1217 2105 1526 2150 incominciasi
1553 2105 1617 2149 lui
1648 2120 1735 2149 con
1755 2120 1819 2149 un
1848 2119 1963 2163 gran

334 2196 525 2226 numero
548 2182 604 2225 (16
626 2181 834 2235 scholari,
860 2183 902 2225 d’
927 2183 957 2225 il
980 2186 1064 2228 che
1085 2184 1149 2227 lui
1177 2191 1307 2228 staua
1333 2184 1473 2228 molto
1499 2190 1730 2228 contento.
1762 2184 1842 2238 4.ο
1872 2181 1961 2227 Gia

333 2261 418 2304 che
440 2260 498 2303 V.
526 2261 578 2303 P.
606 2259 759 2316 uoglia
780 2261 967 2304 mandar
989 2270 1149 2317 questo
1165 2262 1336 2320 Jacobo
1358 2277 1385 2306 a
1408 2261 1612 2319 Pariggi,
1637 2276 1717 2318 per
1738 2262 1878 2305 amor’
1903 2260 1961 2305 de

333 2336 437 2389 Dio,
462 2336 503 2379 ci
525 2336 677 2380 mandi
699 2351 804 2380 cosa
825 2338 975 2382 buona
995 2354 1074 2395 per
1096 2339 1297 2396 Dilinga,
1322 2339 1489 2396 perche
1510 2339 1554 2383 io
1585 2338 1646 2382 mi
1668 2338 1844 2383 ricordo
1866 2337 1912 2381 di
1939 2344 1960 2366 ⁸

333 2413 516 2459 Simone
536 2414 780 2467 leodiense,
805 2423 851 2458 et
872 2416 928 2459 de
951 2417 1148 2462 Roberto
1171 2418 1203 2460 ³:
1224 2417 1255 2460 11
1272 2416 1416 2474 primo
1432 2432 1525 2461 non
1542 2417 1678 2462 credo
1694 2417 1780 2460 che
1796 2415 1862 2459 sia
1876 2429 1958 2472 per

334 2491 481 2547 questi
502 2491 641 2548 paesi,
667 2498 712 2536 et
733 2492 821 2536 ben
843 2493 886 2535 lo
908 2493 1122 2538 dimostra
1144 2496 1201 2539 V.
1229 2496 1282 2539 P.
1308 2494 1558 2539 dubitando
1573 2496 1659 2540 che
1674 2507 1804 2551 possa
1822 2491 1954 2538 finire

403 2611 424 2632 a
472 2604 596 2652 Supra
614 2616 721 2640 vers.
744 2601 917 2641 additum
935 2617 957 2641 a
974 2606 1061 2643 libr.
1087 2619 1156 2655 pro
1174 2608 1240 2644 che
1258 2607 1482 2644 obliterato.

405 2708 415 2728 ¹
466 2706 683 2742 Fridericus
708 2706 993 2754 WViespergius.
1023 2709 1123 2745 Vide
1149 2709 1269 2757 epist.
1300 2708 1384 2757 373,
1409 2722 1451 2745 n.
1490 2716 1523 2754 1;
1555 2706 1639 2756 390,
1672 2720 1712 2745 n.
1752 2717 1788 2754 23
1821 2712 1862 2745 et
1892 2720 1958 2757 ap·

332 2764 451 2812 pend.
476 2765 543 2812 VI,
564 2765 654 2812 VII,
673 2765 789 2801 XVII
807 2771 847 2802 et
865 2767 955 2802 XX.

400 2827 415 2846 ²
465 2824 565 2860 Vide
583 2825 698 2872 epist.
718 2824 801 2870 388,
819 2837 862 2861 n.
889 2835 920 2861 1.
941 2826 1119 2864 Canisius
1138 2828 1318 2875 Borgiae,
1335 2826 1358 2863 6
1377 2827 1471 2875 Julii
1491 2827 1597 2875 1566,
1624 2828 1721 2864 haec
1738 2827 1787 2864 de
1811 2828 1966 2875 Jacobo

329 2882 497 2930 scripsit:
518 2883 695 2920 «Adesso
712 2883 821 2920 detto
839 2885 882 2920 P.
903 2885 1016 2922 Natal
1035 2892 1094 2923 sta
1112 2887 1346 2935 negotiando
1363 2899 1432 2935 per
1448 2887 1608 2924 mandat
1633 2892 1765 2935 presto
1789 2899 1812 2924 a
1836 2887 1961 2925 Parisi

331 2943 388 2979 M.
411 2942 598 2979 Giacomo
618 2943 869 2980 Valentiano.
886 2971 895 2980 .
911 2958 947 2980 .»

398 3001 414 3023 ³
463 3003 610 3047 Simon,
628 3003 853 3051 leodiensis,
871 3016 893 3040 a
916 3005 1134 3044 SACCHINO
1152 3009 1247 3055 (loc.
1275 3008 1366 3055 cit.,
1386 3008 1458 3045 lib.
1482 3009 1533 3055 V,
1557 3020 1600 3045 n.
1624 3008 1686 3054 98)
1705 3009 1887 3051 Emrius,
1907 3008 1957 3044 ab

330 3061 547 3098 AGRICOLA
565 3067 694 3098 autem
711 3063 829 3108 (Dee.
852 3063 922 3109 III,
941 3077 983 3100 n.
1010 3068 1092 3112 171)
1116 3067 1327 3105 Demesius
1343 3074 1605 3116 nuncupatur.
1626 3069 1822 3104 Robertus
1840 3067 1955 3105 Giru-

329 3121 418 3169 lius,
437 3122 500 3158 vel
518 3122 718 3169 Byrulius.
741 3122 840 3158 Vide
859 3122 942 3170 ejus
961 3137 1137 3173 examen,
1160 3128 1289 3174 Epist.
1315 3128 1471 3175 NataL,
1490 3128 1543 3176 11,
1562 3129 1643 3174 581.
