2228 3548
376 292 445 338 568
474 261 477 264 Α
746 275 751 281 ’
893 291 1033 326 ΕΡιετ.
1061 289 1106 324 Ρ.
1134 287 1407 333 Naum-512

1093 388 1210 428 5192

766 476 819 518 P.
856 452 1275 518 HIERONYMUS
1307 473 1528 517 NADAL

659 549 905 588 SANCTO
941 547 1294 587 FRANCISCO
1331 549 1409 584 DE
1442 547 1639 596 BORJA

851 623 1039 661 LovAnn,
1059 623 1080 660 5
1098 623 1246 650 MARTu
1273 613 1364 660 1568
1386 617 1416 650 ¹.

315 693 354 718 1.
379 682 486 718 Socii
503 694 549 718 ex
568 682 777 729 Hispania
795 681 1067 729 Antverpiam
1086 681 1215 716 missi:
1234 681 1282 716 de
1301 680 1393 716 ΡΡ.
1426 680 1604 717 Henrico
1622 679 1816 726 Dionysio
1832 682 1869 717 et
1898 681 1966 716 do·

362 746 467 778 ctore
486 742 751 778 Astensi.—2.
777 741 838 777 De
857 741 1024 789 collegio
1043 735 1344 786 leodiensi—3.
1367 740 1429 776 De
1447 740 1616 788 collegio
1629 741 1862 788 pauperum
1879 740 1967 788 vin-

334 820 336 822 ·
362 802 695 846 dobonensi.——4.
725 801 787 837 De
811 812 887 836 sua
913 801 958 836 in
988 799 1175 836 Galliam
1194 799 1556 848 profectione.—5.
1577 799 1638 835 De
1665 798 1767 835 libro
1796 799 1968 835 doctoris

369 861 512 897 Torres
529 862 577 897 de
595 861 859 897 hierarchicis
877 859 1221 896 ordinationibus:
1239 860 1287 896 de
1306 860 1525 907 appendice
1543 859 1609 895 illi
1625 859 1824 895 addendo.

412 935 448 966 1.
509 923 642 980 Jhus.
670 922 817 965 Molto
840 921 957 965 Rdo.
985 923 1038 965 P.
1067 921 1126 964 N.
1153 919 1200 963 in
1224 919 1424 964 Christo.
1454 921 1550 963 Pax
1569 918 1757 973 Christi,
1777 925 1868 964 etc.
1894 919 1971 963 Ho

318 999 547 1045 riceuutta
570 999 720 1055 quella
750 999 870 1044 della
900 1000 957 1042 P.
1002 1000 1057 1042 V.
1082 998 1186 1041 dell'
1215 997 1371 1041 vltimo
1395 997 1441 1041 di
1469 998 1703 1051 Gennaro,
1727 1003 1773 1041 et
1802 995 1868 1040 sia
1890 1010 1971 1053 per

319 1091 474 1121 amore
497 1077 570 1121 del
592 1076 792 1134 Signore
815 1077 858 1119 13
881 1077 1035 1120 buona
1057 1075 1321 1133 prouisione
1342 1077 1429 1119 che
1450 1076 1493 1119 13
1516 1077 1571 1119 P.
1596 1076 1656 1120 V.
1688 1089 1747 1118 ne
1769 1076 1830 1118 ha
1854 1075 1969 1118 satta

320 1154 427 1199 delli
449 1153 523 1197 doi
549 1153 684 1197 Padri
706 1153 951 1210 spagnuoli
974 1154 988 1174 ²
1020 1167 1102 1210 per
1129 1154 1357 1198 Anuersa:
1377 1167 1492 1196 sono
1510 1152 1723 1209 aspettati
1739 1166 1829 1196 con
1851 1166 1968 1209 gran
2040 1142 2045 1146 ¹

320 1231 546 1275 desiderio
567 1232 627 1274 (13
649 1230 790 1287 quelli
827 1230 1000 1287 signori
1036 1231 1157 1274 della
1194 1230 1393 1275 natione.
1436 1231 1624 1287 Quanto
1647 1231 1690 1274 al
1711 1230 1912 1274 mandar’
1936 1230 1968 1273 il

323 1311 378 1353 P.
406 1308 609 1353 Henrico
641 1307 863 1366 Dionysio
891 1308 938 1351 in
971 1307 1178 1362 Polonia,
1210 1307 1273 1352 lui
1301 1307 1484 1365 predica
1511 1315 1672 1364 questa
1708 1307 1968 1368 quadrage—

318 1386 433 1430 sima
450 1386 495 1429 in
508 1385 736 1440 Traiecto,
756 1399 835 1442 per
852 1386 1043 1430 hauerlo
1060 1385 1324 1429 dimandato
1342 1399 1431 1429 con
1442 1383 1746 1443 grandissima
1762 1384 1970 1429 instanza

318 1464 350 1506 il
386 1477 588 1508 veseouo
625 1462 670 1505 di
709 1462 890 1519 Lieggi.
933 1463 994 1507 Se
1032 1462 1070 1506 si
1107 1464 1272 1519 puotr&
1310 1463 1396 1506 far'
1436 1462 1467 1505 il
1495 1461 1674 1506 cambio
1710 1461 1757 1505 di
1793 1461 1857 1506 lui
1879 1462 1970 1505 co'l

318 1543 378 1586 D.
410 1542 611 1585 Astense
639 1541 654 1561 ⁵
679 1541 1075 1583 commodamente
1105 1554 1132 1583 0
1161 1555 1269 1594 non,
1301 1539 1345 1583 io
1373 1541 1418 1583 lo
1448 1539 1709 1583 consultare
1735 1554 1793 1583 οο
1810 1540 1843 1582 ’l
1864 1553 1971 1596 pro-

320 1618 514 1662 uinciale
536 1618 569 1671 ⁴3
594 1617 626 1660 il
647 1618 781 1673 quale
803 1617 826 1661 ὲ
850 1603 1016 1660 anctore
1040 1618 1209 1661 andato
1238 1633 1264 1661 3
1285 1617 1522 1674 predicare
1551 1617 1599 1660 in
1631 1618 1784 1661 Gante
1807 1623 1970 1674 questa

320 1695 688 1752 quadragesima.
731 1695 787 1738 Et
811 1694 988 1738 benehe
1011 1696 1053 1738 la
1085 1697 1137 1738 P.
1171 1696 1229 1739 V.
1261 1695 1306 1738 lo
1329 1695 1491 1740 rimete
1517 1710 1544 1738 a
1573 1709 1661 1748 me,
1687 1693 1748 1737 mi
1769 1694 1968 1737 sforzarc')

320 1772 658 1817 nientedimeno
696 1786 778 1828 per
816 1772 1009 1816 ritrouar
1047 1773 1241 1830 qualche
1278 1773 1431 1817 modo.
1474 1773 1597 1818 Vero
1625 1773 1648 1816 ὲ
1675 1774 1760 1818 che
1787 1785 1967 1828 sempre

322 1850 499 1905 dubito,
525 1864 606 1906 per
628 1849 659 1892 il
695 1863 895 1893 vescouo
918 1850 963 1893 di
1000 1849 1183 1907 Lieggi,
1236 1851 1279 1894 al
1309 1851 1443 1906 quale
1465 1850 1512 1893 in
1539 1856 1701 1906 questo
1727 1848 1966 1906 procincto

320 1927 366 1970 di
391 1928 582 1971 fundare
605 1942 665 1970 vn
688 1927 880 1983 collegio
914 1927 1011 1971 cosi
1034 1928 1211 1984 grande
1233 1941 1363 1971 come
1396 1927 1562 1983 quello,
1601 1941 1692 1970 non
1714 1941 1823 1983 pare
1852 1940 1965 1970 con—

320 2005 542 2049 uerrebbe
564 2004 675 2048 dare
697 2003 1082 2049 discontentezza.

409 2093 451 2125 2.
516 2082 551 2124 Il
571 2080 867 2138 prouinciale,
888 2082 1081 2125 essendo
1105 2081 1334 2126 chiamato
1357 2082 1431 2125 dal
1454 2095 1656 2126 vescouo
1678 2080 1724 2124 di
1746 2080 1912 2138 Lieggi
1931 2082 1963 2138 ⁵,

319 2172 400 2216 per
421 2165 613 2202 trattare
637 2158 711 2201 del
732 2158 835 2202 1000
858 2159 977 2204 doue
1007 2158 1042 2203 s’
1067 2160 1129 2203 ha
1157 2160 1215 2203 da
1245 2159 1462 2204 edificare
1490 2158 1521 2202 il
1543 2158 1753 2216 collegio,
1785 2157 1827 2202 ci
1848 2158 1967 2202 ando

318 2235 470 2280 subito
492 2236 612 2292 dopo
632 2236 675 2279 13
698 2236 1063 2292 congregatione
1086 2238 1198 2281 satta
1220 2236 1298 2293 qui
1320 2236 1367 2279 in
1390 2235 1599 2280 Louanio
1622 2237 1655 2289 ⁶,
1681 2243 1726 2280 et
1742 2235 1773 2278 li
1795 2235 1845 2280 fu
1861 2236 1968 2279 data

317 2313 531 2357 elettione
567 2313 641 2357 dal
678 2327 906 2368 veseouo,
938 2314 984 2357 di
1016 2314 1194 2371 pigliar'
1227 2315 1328 2358 loco
1356 2315 1475 2359 doue
1509 2314 1676 2367 uolese3
1709 2320 1755 2358 et
1783 2314 1844 2356 ha
1867 2319 1966 2356 tro-

320 2397 426 2434 uata
449 2405 617 2434 ancora
645 2396 667 2419 ⁸
700 2390 732 2433 il
767 2405 970 2435 vescouo
1007 2399 1132 2437 certa
1169 2392 1340 2436 intrata
1377 2393 1547 2446 buona,
1588 2391 1633 2434 di
1671 2405 1844 2445 nuouo,
1884 2405 1967 2447 per

319 2474 468 2513 morte
488 2469 532 2511 d'
558 2467 590 2511 11
605 2466 851 2526 preposito.
880 2470 1020 2513 Restc‘)
1042 2471 1132 2513 co'l
1155 2483 1356 2514 vescouo
1378 2469 1423 2512 di
1445 2469 1666 2513 ritornare
1687 2469 1746 2512 da
1764 2467 1828 2511 lui
1845 2468 1964 2524 dopo
2005 2451 2009 2458 Δ

390 2623 411 2644 ⁸
449 2625 471 2652 2
490 2617 610 2652 verba
628 2627 737 2664 seqq.
759 2615 911 2652 Natalis
931 2629 1048 2654 manu
1067 2623 1159 2654 sunt
1178 2617 1311 2654 addita
1329 2618 1369 2654 in
1387 2619 1523 2664 marg.'

393 2747 401 2767 ¹
455 2747 513 2782 Ex
544 2748 775 2795 archetypo,
805 2759 827 2783 a
858 2748 1038 2794 Jimenez
1070 2755 1248 2792 exarato,
1280 2755 1320 2785 et
1350 2749 1501 2785 Natalis
1531 2759 1647 2784 manu
1672 2747 1907 2795 subscripto,
1927 2748 1968 2784 in

322 2806 454 2852 Epist.
482 2807 644 2852 Natal.‚
678 2806 730 2855 ΙΙ,
769 2806 917 2854 duplici
947 2809 1030 2855 fol.‚
1063 2810 1129 2855 196
1155 2808 1273 2855 (439).
1307 2808 1409 2845 Vide
1433 2808 1549 2855 epist.
1577 2807 1661 2854 508,
1691 2807 1754 2844 cui
1783 2808 1881 2844 haec
1910 2819 1970 2844 re-

320 2865 501 2912 spondet.

392 2927 405 2946 Ξ
458 2924 632 2962 Didaeus
649 2925 701 2962 de
719 2926 866 2962 Acosta
885 2932 924 2962 et
943 2928 1118 2972 Joannes
1138 2927 1287 2974 Javier.
1309 2927 1413 2963 Vide
1431 2927 1547 2975 epist.
1568 2935 1638 2972 505
1658 2931 1698 2962 et
1715 2926 1798 2971 508.

392 2984 406 3004 ³
457 2985 630 3029 Joannes
650 2986 822 3031 Jacobus
840 2982 1024 3022 Astensis
1041 2987 1214 3032 (Asten).
1236 2986 1401 3035 Saepius
1419 2986 1468 3023 de
1486 2986 1553 3022 illo
1569 2986 1717 3022 dictum
1735 2990 1809 3022 est.

391 3043 406 3064 ⁴
457 3044 687 3080 Franciscus
711 3044 914 3080 Costerus.

391 3103 406 3123 ⁵
455 3102 653 3139 Gerardus
673 3115 749 3139 van
767 3103 1009 3140 Groesbeck.
1343 3107 1358 3128 ⁶
1408 3105 1509 3141 Vide
1528 3105 1643 3153 epist.
1663 3113 1748 3151 510,
1767 3115 1806 3140 n.
1829 3111 1863 3138 1.
