2228 3548
401 291 475 329 720
926 279 1066 314 prsr.
1092 278 1138 313 P.
1166 277 1437 314 NADAL-602

352 400 454 428 rum
473 383 726 426 animarum
744 380 977 425 auxilium.
995 379 1202 424 Salutem
1220 379 1355 423 simul
1369 393 1528 436 precor
1546 380 1758 426 Patribus
1776 382 1996 428 assisten-

354 462 475 504 tibus
497 466 543 504 et
568 458 691 502 Patri
713 455 975 510 secretario,
1006 462 1052 500 et
1080 455 1292 500 omnibus
1318 456 1532 501 Patribus
1553 463 1599 501 et
1628 458 1859 504 fratribus.
1894 461 1993 504 Ha-

353 540 459 583 beat
479 551 552 580 me
575 538 629 580 Ρ.
656 537 710 578 T.
737 533 1233 579 commendatissimum
1262 535 1383 590 apud
1410 536 1559 579 Deum
1581 534 1627 578 in
1656 535 1751 579 suis
1778 536 1925 581 missis
1947 545 1997 583 et

353 614 648 659 orationibus.
675 613 798 657 Idem
820 625 945 664 cura,
972 613 1125 665 Pater,
1149 613 1339 657 obsecro
1360 620 1421 667 te,
1446 629 1527 671 per
1549 613 1674 658 alios.
1701 614 1862 668 Halae,
1886 615 1992 658 vlti-

353 691 569 750 moJunii
597 691 724 746 1576.
751 691 809 734 D.
831 691 885 733 Ρ.
912 690 970 733 V.
997 704 1133 734 seruo
1155 688 1203 732 in
1225 691 1327 744 X.⁰,

1439 775 1469 832 †
1501 775 1688 819 NADAL.
1726 776 1757 833 †

444 924 689 980 Inscriptio
713 924 762 966 in
784 926 952 979 quarta
967 923 1167 980 pagina:
1190 923 1220 980 ἦ·
1250 923 1514 967 Admodum
1547 924 1662 968 Rdo.
1683 923 1731 968 in
1753 926 1874 981 Xpo.
1903 927 1997 969 Pa-

355 1002 411 1044 tri
439 1002 497 1045 N.
531 1003 585 1045 P.
618 1000 850 1043 Euerardo
889 999 1191 1053 Mercuriano,
1226 1000 1483 1057 praeposito
1522 1001 1725 1058 generali
1754 1002 1998 1047 Societatis

346 1081 474 1137 Jesu.
501 1080 686 1122 Romae.
712 1077 820 1120 Alia
847 1091 1007 1119 manu:
1042 1077 1168 1132 1576.
1195 1077 1330 1121 Hala.
1357 1079 1410 1121 P.
1437 1077 1628 1123 Natalis.
1660 1078 1831 1123 Vltimo
1847 1079 1992 1138 Junii.

353 1157 513 1214 Sigilli
535 1156 798 1213 vestigium.

1099 1285 1228 1326 6⁰2

770 1369 815 1405 P.
842 1340 1162 1406 EVERARDUS
1189 1369 1573 1408 MERCURIANUS

686 1449 896 1492 PATRI
944 1448 1371 1492 HIERONYMO
1419 1449 1663 1494 NADAL

906 1545 1067 1582 ROMAE,
1095 1545 1141 1572 20
1166 1545 1269 1580 jum
1297 1537 1388 1582 1576
1415 1539 1441 1572 ¹.

351 1617 513 1663 Scripta
531 1615 708 1661 Natalis,
727 1615 890 1661 aliaque
908 1615 956 1650 ab
973 1615 1058 1661 ipso
1075 1618 1249 1659 servata,
1269 1616 1497 1663 praeposito
1516 1617 1707 1664 generali
1731 1620 1991 1657 reservanda.

443 1702 534 1745 Per
550 1698 788 1743 occasione
805 1699 862 1741 de
879 1698 990 1743 certi
1008 1698 1152 1742 scritti
1174 1698 1249 1743 del
1271 1701 1324 1742 P.
1347 1699 1624 1754 Maldonato,
1645 1702 1730 1746 che
1752 1701 1795 1745 io
1811 1704 1994 1747 haueuo

354 1785 400 1824 et
419 1779 464 1822 la
485 1779 540 1821 R.
566 1778 624 1821 V.
650 1791 723 1820 me
744 1775 775 1818 li
797 1776 1008 1819 dimando
1037 1775 1298 1833 partendosi
1320 1775 1365 1819 di
1387 1790 1492 1832 qua,
1518 1784 1565 1822 et
1585 1777 1632 1820 d’
1655 1779 1757 1822 altri
1779 1779 1824 1822 di
1846 1781 1904 1824 N.
1932 1783 1985 1824 P.

354 1857 538 1912 Laynez
559 1860 605 1898 et
625 1853 700 1898 del
722 1854 775 1897 P.
803 1853 967 1906 Olaue,
993 1854 1078 1897 che
1100 1854 1297 1897 anchora
1318 1852 1532 1898 dimando
1548 1854 1721 1899 licenza
1737 1856 1795 1900 da
1811 1863 1989 1913 portar-

353 1932 485 1990 segli,
511 1933 573 1974 m’
597 1932 623 1975 e
644 1944 777 1988 parso
798 1930 1030 1974 ricordarli
1053 1932 1138 1975 che
1159 1930 1259 1974 sara
1281 1931 1398 1974 bene
1421 1931 1534 1974 sacci
1557 1932 1652 1977 sare
1673 1931 1775 1976 lista
1796 1934 1853 1978 de
1875 1949 1982 1990 que·

353 2010 412 2054 sti
433 2016 479 2053 et
500 2009 558 2053 de
580 2007 686 2052 tutti
714 2006 779 2064 gli
807 2007 907 2051 altri
930 2007 1073 2050 scritti
1095 2008 1180 2051 che
1202 2009 1247 2050 n'
1271 2008 1346 2062 ha,
1372 2007 1466 2052 cosi
1490 2008 1608 2062 suoi,
1634 2023 1763 2054 come
1793 2011 1837 2053 d'
1867 2011 1985 2066 altri,

352 2095 400 2130 et
419 2088 476 2130 de
498 2085 600 2129 libri
631 2091 758 2129 tanto
786 2084 949 2141 portati
978 2084 1024 2127 di
1052 2099 1158 2140 qua,
1194 2091 1365 2141 quanto
1396 2086 1643 2142 compara—ti
1674 2086 1719 2130 di
1755 2087 1799 2132 la
1830 2102 1916 2132 con
1947 2090 1992 2133 le

352 2163 572 2209 lemosine
593 2164 679 2207 che
700 2161 745 2205 di
768 2176 857 2217 qua
879 2176 957 2217 per
980 2162 1058 2205 tal'
1083 2162 1255 2215 effetto,
1280 2168 1326 2205 et
1344 2176 1429 2205 con
1446 2162 1699 2209 intentione
1716 2166 1801 2208 che
1822 2167 1989 2211 haues-

353 2255 456 2286 sero
478 2241 661 2284 tandem
684 2254 710 2283 a
731 2238 903 2283 seruire
925 2253 1004 2294 per
1026 2240 1184 2292 Roma,
1209 2253 1258 2282 se
1279 2238 1342 2296 gli
1366 2253 1479 2283 sono
1502 2240 1729 2295 mandate3
1749 2249 1796 2285 et
1813 2249 1988 2287 restan-

352 2318 451 2362 dosi
473 2333 559 2362 con
582 2332 672 2361 una
694 2315 825 2373 copia
846 2316 890 2358 di
918 2317 1042 2361 detta
1062 2315 1181 2368 lista,
1205 2330 1279 2359 me
1300 2332 1359 2361 ne
1380 2317 1533 2361 mandi
1555 2320 1633 2360 un’
1657 2318 1784 2363 altra.
1812 2322 1989 2364 Perche

352 2410 403 2440 se
424 2396 513 2439 ben
536 2409 667 2451 spero
690 2395 775 2437 che
795 2394 854 2437 N.
882 2393 1076 2449 Signore
1097 2393 1140 2437 le
1161 2393 1269 2437 dara
1291 2393 1434 2450 lunga
1456 2393 1551 2438 uita
1571 2409 1653 2450 per
1674 2410 1757 2439 sua
1779 2397 1990 2454 maggior

354 2472 499 2529 gloria
535 2479 582 2515 et
610 2470 757 2514 utilita
788 2470 907 2513 della
938 2469 1238 2527 Compagnia,
1274 2476 1320 2514 et
1351 2485 1443 2522 non
1475 2471 1633 2515 dubito
1665 2473 1750 2516 che
1786 2475 1988 2530 sapendo

353 2556 516 2606 questo
551 2549 582 2592 il
610 2555 780 2594 rettore
808 2547 881 2591 del
910 2547 1104 2604 collegio
1132 2554 1176 2592 et
1214 2547 1246 2589 il
1283 2547 1560 2603 prouinciale
1596 2549 1714 2593 della
1749 2550 1985 2605 prouincia

352 2627 472 2669 doue
492 2627 536 2670 la
558 2628 615 2670 V.
642 2627 696 2669 R.
723 2626 748 2668 e
769 2638 798 2667 o
819 2626 919 2667 sara
941 2624 1125 2679 quando
1147 2623 1235 2668 Dio
1258 2625 1305 2669 S.
1332 2626 1391 2668 N.
1412 2624 1663 2681 disponessi
1679 2625 1725 2668 di
1746 2626 1819 2680 lei,
1841 2627 1984 2684 ripor-

351 2704 556 2746 rebbono
574 2702 684 2759 ogni
702 2715 808 2745 cosa
823 2700 957 2743 insin'
978 2716 1003 2744 a
1020 2701 1101 2744 dar
1124 2700 1250 2744 auiso
1272 2716 1298 2744 a
1320 2700 1393 2744 chi
1415 2699 1487 2744 all'
1511 2702 1622 2745 hora
1643 2704 1743 2746 sara
1764 2704 1831 2746 lor
1848 2718 1986 2761 supe-

352 2779 486 2833 riore,
518 2778 714 2823 tuttauia
742 2778 907 2834 perche
936 2792 1022 2820 con
1053 2778 1096 2821 le
1124 2776 1364 2820 mutationi
1392 2777 1508 2821 delle
1544 2792 1737 2834 persone
1767 2782 1987 2836 potrebbe

354 2856 511 2901 uenire
531 2872 558 2900 a
580 2870 639 2899 no
661 2853 832 2912 sapersi
855 2861 1031 2908 questo,
1057 2868 1084 2897 o
1102 2867 1213 2896 uero
1229 2869 1256 2897 a
1271 2854 1514 2908 scordarsi,
1535 2854 1660 2898 accio
1676 2856 1722 2899 di
1743 2864 1904 2912 questo
1921 2857 1987 2901 sia

352 2933 545 2987 qualche
573 2930 788 2976 memoria
816 2936 862 2973 et
890 2930 1138 2984 chiarezza,
1179 2936 1224 2975 et
1259 2930 1302 2973 la
1340 2932 1400 2975 V.
1448 2932 1502 2974 R.
1535 2931 1644 2976 resti
1670 2932 1908 2978 sodisfatta
1939 2941 1986 2978 et

421 3098 432 3118 ¹
482 3098 541 3133 Ex
560 3098 748 3144 Regesto,
772 3095 867 3132 Cod.
892 3105 933 3141 33
943 3095 968 3141 j
971 3095 1000 3143 ),
1021 3095 1088 3132 fol.
1107 3095 1167 3141 46.
1187 3096 1232 3132 In
1250 3096 1438 3143 margine:
1460 3097 1508 3132 P.
1528 3097 1693 3135 Natale.
