2228 3548
381 277 428 322 46
895 273 1036 309 Emsr.
1062 271 1108 307 P.
1134 271 1405 309 NADAL-366

333 378 487 435 perga)
510 377 557 420 in
578 377 680 420 loco
702 376 775 421 del
797 375 949 418 dottor
969 373 1153 418 Giouan
1182 387 1369 418 morauo
1401 375 1431 427 ¹,
1461 373 1493 417 il
1519 373 1625 430 qual
1655 373 1693 417 si
1724 373 1889 418 manda
1915 373 1962 417 in

335 456 500 498 Plozca
522 455 536 475 ⁵
560 454 605 497 di
624 452 827 497 Polonia.
848 454 1018 495 Mastro
1039 449 1197 495 Simon
1212 457 1407 507 pruteno
1424 452 1555 495 uerra
1571 465 1598 494 a
1618 452 1777 505 Roma,
1796 453 1962 508 perche

334 530 609 574 intendiamo
638 530 731 573 cosi
753 529 784 571 li
812 527 1034 572 conuiene
1066 541 1147 584 per
1176 541 1261 571 suo
1291 527 1431 572 aiuto.
1467 528 1646 584 Questo
1677 528 1834 573 ordine
1864 530 1904 573 s'
1936 530 1961 572 e

334 609 439 651 dato
461 608 503 650 al
525 608 650 650 detto
674 609 725 650 Ρ.
752 604 939 650 Sunier:
965 619 1016 649 se
1043 604 1158 648 altro
1185 618 1271 661 pur
1291 604 1463 661 paressi
1484 619 1512 648 a
1531 605 1588 649 V.
1615 606 1690 660 R.‚
1710 607 1839 662 potra
1858 620 1960 650 mu—

334 692 403 727 tar
425 684 615 739 qualche
637 697 743 726 cosa
771 681 817 724 di
844 687 1007 738 questo
1034 680 1228 738 disegno
1267 681 1402 738 dopoi
1439 682 1523 725 che
1559 683 1728 726 hauera
1763 682 1891 727 udito
1919 683 1961 726 al

334 762 387 805 P.
414 759 595 806 Sunier.

423 849 464 892 5.
529 838 579 880 In
603 837 767 880 Plozca
789 835 903 879 oltre
925 834 955 878 il
979 836 1130 878 dottor
1151 835 1334 879 Giouan
1355 835 1394 878 si
1415 834 1563 880 scriue
1584 835 1627 878 al
1648 834 1891 892 prouintial
1916 835 1963 879 di

334 913 522 958 Austria
550 913 702 956 mandi
740 927 820 969 per
849 913 1011 956 adesso
1039 926 1103 956 un
1130 915 1240 969 paro
1270 913 1328 956 de
1354 912 1526 966 mastri,
1561 912 1659 956 cioe
1694 927 1774 970 per
1801 922 1962 969 questo

334 991 538 1048 Maggio,
564 990 688 1034 accio
710 990 748 1033 si
772 989 915 1033 faccia
936 989 1130 1045 qualche
1151 1003 1275 1043 cosa,
1300 996 1347 1034 et
1368 1004 1395 1033 a
1415 997 1546 1034 santo
1568 990 1693 1034 Luca
1713 989 1752 1033 si
1773 991 1963 1034 faranno

334 1069 377 1111 le
412 1067 590 1112 lettioni
618 1067 694 1124 piu
723 1066 934 1123 compite.
967 1067 1098 1111 Nelle
1125 1066 1319 1111 orationi
1353 1066 1399 1110 di
1427 1068 1485 1112 V.
1517 1068 1573 1111 R.
1603 1074 1650 1111 et
1682 1067 1788 1111 delli
1822 1067 1959 1111 Padri

334 1146 555 1190 Ledesma
585 1151 630 1189 et
666 1144 886 1188 Ximenez
915 1158 1003 1188 con
1026 1143 1132 1187 tutti
1159 1144 1223 1201 gl'
1255 1143 1356 1188 altri
1391 1145 1478 1189 che
1513 1159 1626 1188 sono
1653 1145 1710 1189 de
1738 1144 1882 1188 nostri
1914 1144 1961 1188 in

337 1224 553 1279 Augusta
575 1222 715 1265 molto
745 1220 806 1263 mi
834 1221 1133 1265 raccomando
1160 1235 1248 1265 con
1278 1228 1397 1265 tutta
1423 1229 1585 1278 questa
1612 1235 1719 1265 casa
1750 1228 1796 1265 et
1823 1221 1962 1265 colle-

335 1299 427 1356 gio.
452 1298 512 1343 Di
534 1300 691 1352 Roma,
716 1298 747 1340 li
771 1310 827 1356 29
848 1298 893 1341 di
917 1300 1070 1342 Marzo
1094 1298 1221 1353 1566.
1242 1300 1314 1343 No
1330 1313 1435 1343 creo
1453 1301 1579 1342 terne
1596 1313 1654 1355 oy
1672 1298 1839 1355 tiempo
1856 1313 1964 1355 para

335 1375 524 1420 escriuir
544 1380 570 1419 a
592 1377 649 1420 V.
677 1377 730 1419 R.
758 1376 814 1418 de
836 1375 895 1418 mi
918 1390 1067 1428 mano,
1092 1390 1123 1432 y
1151 1390 1211 1420 no
1233 1390 1306 1420 me
1327 1376 1436 1420 salta
1463 1376 1666 1430 materia;
1690 1390 1864 1432 porque
1890 1389 1964 1420 me

334 1454 549 1498 consuelo
572 1467 657 1497 con
679 1454 803 1497 darle
824 1461 990 1498 cuenta
1012 1454 1151 1498 delas
1168 1468 1312 1497 cosas.
1334 1454 1455 1497 Ellas
1471 1468 1561 1497 van
1576 1452 1681 1498 bien
1702 1467 1783 1510 por
1799 1454 1844 1497 la
1860 1467 1963 1510 gra·

334 1530 404 1574 cia
425 1531 498 1575 del
521 1531 682 1585 Senor,
706 1545 735 1586 y
757 1531 830 1575 del
852 1530 1003 1588 amigo
1024 1531 1081 1575 de
1104 1530 1364 1588 Rodriguez
1384 1545 1642 1588 esperamos
1671 1537 1708 1573 Β.

425 1609 483 1651 In
510 1609 604 1650 ima
631 1622 714 1650 ora
742 1608 962 1651 secundae
976 1609 1199 1665 paginae,
1222 1608 1409 1651 librarii
1431 1622 1589 1651 manu:
1612 1609 1666 1651 P.
1692 1608 1873 1652 Natale.

1059 1686 1191 1743 Jhus.
1228 1686 1243 1707 ⁵
1420 1742 1422 1744 η

422 1763 465 1806 6.
531 1764 588 1806 V.
615 1764 669 1805 R.
694 1776 786 1804 non
808 1761 918 1805 lasci
939 1762 997 1805 de
1018 1761 1217 1806 scriuere
1238 1777 1265 1806 a
1286 1763 1433 1806 Roma
1453 1762 1570 1806 delle
1591 1776 1696 1806 cose
1722 1762 1780 1806 de
1801 1760 1966 1818 impor-

333 1846 466 1883 tanza
486 1841 573 1884 che
594 1853 784 1895 passano
807 1839 851 1882 di
875 1840 934 1892 la,
960 1839 1081 1895 quali
1104 1854 1197 1883 non
1219 1854 1268 1884 sa
1291 1839 1409 1883 forse
1430 1838 1460 1882 il
1481 1839 1649 1896 legato.
1686 1839 1851 1895 Quelle
1879 1840 1964 1882 che

333 1917 398 1959 lui
419 1931 484 1971 sa,
509 1917 674 1973 perche
696 1917 720 1959 e
745 1915 988 1961 uerisimile
1009 1917 1052 1961 16
1073 1916 1277 1970 scriuira,
1302 1931 1394 1961 non
1411 1917 1452 1961 16
1469 1916 1617 1960 scriua
1633 1917 1691 1960 V.
1712 1918 1787 1970 R.‚
1807 1931 1856 1961 se
1872 1930 1965 1959 non

333 1993 363 2036 11
386 2007 508 2050 pare:
534 2001 580 2036 et
602 1993 784 2049 quando
806 1994 848 2036 13
872 2008 977 2037 cosa
998 1994 1042 2037 lo
1066 1994 1315 2048 ricercassi‚
1339 1995 1468 2051 potra
1491 2008 1620 2038 usare
1648 1994 1809 2037 alcune
1835 1993 1961 2046 cifre,

333 2072 418 2114 che
439 2086 529 2114 non
554 2085 603 2115 se
625 2070 812 2115 intenda
834 2070 960 2114 siano
983 2071 1110 2124 cifre,
1136 2071 1258 2128 quali
1282 2072 1400 2116 forse
1427 2071 1642 2115 mandaro
1669 2084 1757 2114 con
1786 2077 1962 2126 questa.

334 2149 437 2191 Non
462 2146 499 2190 si
521 2147 735 2190 mandino
757 2147 799 2191 16
827 2148 987 2192 lettere
1015 2149 1100 2193 che
1129 2163 1221 2192 non
1252 2148 1508 2205 importano
1539 2149 1679 2191 molto
1708 2162 1787 2204 per
1815 2146 1890 2191 uia
1920 2146 1966 2190 di

333 2224 542 2279 Venetia,
567 2225 733 2281 perche
755 2223 793 2267 si
815 2239 934 2281 paga
956 2225 986 2267 11
1007 2232 1137 2282 porto
1159 2226 1303 2269 molto
1330 2239 1490 2283 grosso
1520 2225 1566 2269 di
1594 2225 1786 2270 Venetia
1819 2214 1845 2269 a
1872 2226 1964 2269 Ro-

332 2316 420 2344 ma.
445 2303 549 2345 Non
571 2300 609 2344 si
630 2300 802 2358 piglino
829 2303 971 2345 anche
994 2302 1142 2346 facilm
1153 2309 1258 2346 ente
1278 2303 1440 2347 lettere
1462 2303 1507 2346 d’
1531 2302 1633 2346 altri
1651 2301 1871 2346 forastieri
1885 2316 1966 2358 per

334 2378 433 2421 altri
454 2378 500 2421 di
522 2379 650 2422 fuora
672 2378 788 2421 della
811 2378 1115 2436 Compagnia3
1141 2381 1324 2436 perche,
1351 2380 1465 2424 oltre
1486 2380 1529 2424 la
1550 2394 1682 2436 spesa
1702 2379 1808 2424 delli
1828 2378 1961 2435 porti,

332 2455 453 2511 quali
475 2455 513 2499 si
532 2462 734 2514 mettono
757 2470 783 2498 a
805 2463 944 2499 conto
967 2457 1084 2500 della
1107 2457 1333 2514 prouintia
1354 2458 1473 2501 doue
1502 2459 1538 2501 s’
1568 2458 1594 2501 ἑ
1623 2457 1735 2500 fatto
1763 2456 1795 2499 il
1826 2455 1960 2512 plico,

405 2605 426 2626 2-
455 2599 564 2634 Haec
581 2598 731 2644 ultima,
749 2598 798 2633 ab
816 2596 892 2633 illis
910 2598 1042 2634 verbis
1060 2598 1122 2635 No
1139 2611 1241 2644 creo,
1260 2605 1352 2636 sunt
1370 2611 1486 2635 manu
1498 2599 1663 2645 Borgiae
1677 2598 1833 2646 scripta.
1849 2598 1964 2636 Clau-

333 2657 457 2692 sulam
474 2662 604 2693 autem
621 2655 887 2704 imperfectam
905 2657 1109 2704 reliquisse
1127 2658 1301 2695 videtur.
1330 2658 1432 2695 Vide
1449 2658 1564 2706 epist.
1585 2657 1669 2703 370,
1688 2670 1726 2694 n.
1750 2666 1766 2693 1
1779 2685 1787 2694 .

406 2787 418 2808 ¹
468 2788 637 2833 Joannes
656 2788 914 2824 Ascherman.
938 2788 1039 2824 Vide
1059 2789 1194 2836 Epist.
1217 2790 1373 2832 Natal„
1392 2790 1449 2825 ΙΙ.

405 2849 419 2868 ²
469 2846 602 2892 Plock,
622 2848 714 2883 urbs
731 2847 930 2891 Poloniae,
948 2847 997 2883 ad
1014 2849 1195 2885 Russiam
1212 2860 1316 2885 nunc
1334 2849 1555 2896 pertinens.

404 2906 419 2927 ³
467 2905 664 2952 Superiori
682 2906 870 2953 epistolae
888 2906 1069 2952 adjuncta
1086 2907 1160 2944 fuit
1177 2909 1300 2944 altera
1312 2907 1468 2944 brevior
1481 2907 1521 2943 in
1535 2907 1679 2944 scheda
1693 2909 1835 2956 soluta,
1849 2908 1961 2955 cujus

331 2963 586 3010 archetypum
617 2969 677 2999 est
706 2963 746 2999 in
779 2963 877 2999 Cod.
914 2964 1036 3009 PLB,
1063 2964 1131 3001 236
1157 2968 1253 3011 (42).
1272 2966 1452 3002 Alterum
1478 2966 1702 3013 exemplum
1728 2967 1895 3003 habetur
1919 2965 1960 3002 in

339 3021 436 3059 Cod.
460 3031 504 3069 33
520 3022 580 3069 f),
606 3023 645 3058 ff.
671 3022 737 3067 86,
762 3022 826 3069 87,
852 3023 916 3059 cui
939 3023 978 3059 in
1002 3024 1177 3071 margine
1200 3026 1301 3061 haec.
1320 3024 1521 3072 inscriptio
1545 3025 1672 3072 posita
1695 3031 1769 3062 est:
1795 3025 1958 3061 Inclusa

332 3082 481 3118 eidem.
504 3081 585 3118 Nos
603 3093 651 3117 ex
669 3081 786 3129 priori
804 3083 984 3130 exemplo
999 3083 1071 3119 hoc
1089 3089 1381 3120 monumentum
1398 3083 1726 3131 deprompsimus.
