<?xml version="1.0" encoding="UTF-8"?>
<!DOCTYPE html PUBLIC "-//W3C//DTD XHTML 1.0 Transitional//EN"
    "http://www.w3.org/TR/xhtml1/DTD/xhtml1-transitional.dtd">
<html xmlns="http://www.w3.org/1999/xhtml" xml:lang="en" lang="en">
 <head>
  <title>
</title>
<meta http-equiv="Content-Type" content="text/html;charset=utf-8" />
  <meta name='ocr-system' content='tesseract 3.04.00' />
  <meta name='ocr-capabilities' content='ocr_page ocr_carea ocr_par ocr_line ocrx_word'/>
</head>
<body>
  <div class='ocr_page' id='page_1' title='image "./epistolaephieron03nadauoft_0023.png"; bbox 0 0 2228 3548; ppageno 0'>
   <div class='ocr_carea' id='block_1_1' title="bbox 0 0 734 95">
    <p class='ocr_par' dir='ltr' id='par_1_1' title="bbox 0 0 734 95">
     <span class='ocr_line' id='line_1_1' title="bbox 0 0 734 95; baseline 0 3453"><span class='ocrx_word' id='word_1_1' title='bbox 0 0 734 95; x_wconf 95' lang='lat' dir='ltr'> </span> 
     </span>
    </p>
   </div>
   <div class='ocr_carea' id='block_1_2' title="bbox 0 2011 17 2583">
    <p class='ocr_par' dir='ltr' id='par_1_2' title="bbox 0 2011 17 2583">
     <span class='ocr_line' id='line_1_2' title="bbox 0 2011 5 2020; baseline 0 0"><span class='ocrx_word' id='word_1_2' title='bbox 0 2011 5 2020; x_wconf 78' lang='grc'><strong>.</strong></span> 
     </span>
     <span class='ocr_line' id='line_1_3' title="bbox 0 2135 8 2151; baseline 0 0"><span class='ocrx_word' id='word_1_3' title='bbox 0 2135 8 2151; x_wconf 64' lang='lat'><em>3</em></span> 
     </span>
     <span class='ocr_line' id='line_1_4' title="bbox 0 2271 10 2301; baseline 0 0"><span class='ocrx_word' id='word_1_4' title='bbox 0 2271 10 2301; x_wconf 63' lang='lat' dir='ltr'>&#39;t</span> 
     </span>
     <span class='ocr_line' id='line_1_5' title="bbox 0 2371 5 2415; baseline 0 0"><span class='ocrx_word' id='word_1_5' title='bbox 0 2371 5 2415; x_wconf 69' lang='lat'><em>÷</em></span> 
     </span>
     <span class='ocr_line' id='line_1_6' title="bbox 0 2420 7 2441; baseline 0 -3"><span class='ocrx_word' id='word_1_6' title='bbox 0 2420 7 2441; x_wconf 64' lang='grc' dir='ltr'>Ξ,</span> 
     </span>
     <span class='ocr_line' id='line_1_7' title="bbox 0 2505 17 2583; baseline 0 -17"><span class='ocrx_word' id='word_1_7' title='bbox 0 2505 17 2583; x_wconf 64' lang='lat' dir='ltr'><strong>f</strong></span> 
     </span>
    </p>
   </div>
   <div class='ocr_carea' id='block_1_3' title="bbox 0 2626 38 3548">
    <p class='ocr_par' dir='ltr' id='par_1_3' title="bbox 0 2626 38 3548">
     <span class='ocr_line' id='line_1_8' title="bbox 0 2626 38 3548; baseline 0 0"><span class='ocrx_word' id='word_1_8' title='bbox 0 2626 38 3548; x_wconf 95' lang='lat' dir='ltr'> </span> 
     </span>
    </p>
   </div>
   <div class='ocr_carea' id='block_1_4' title="bbox 660 301 1783 346">
    <p class='ocr_par' dir='ltr' id='par_1_4' title="bbox 660 301 1783 346">
     <span class='ocr_line' id='line_1_9' title="bbox 660 301 1783 346; baseline 0.002 -8"><span class='ocrx_word' id='word_1_9' title='bbox 660 301 918 346; x_wconf 69' lang='lat' dir='ltr'>Pnoqnmuu</span> <span class='ocrx_word' id='word_1_10' title='bbox 942 309 1084 338; x_wconf 70' lang='lat' dir='ltr'>1·ssan</span> <span class='ocrx_word' id='word_1_11' title='bbox 1109 309 1337 339; x_wconf 77' lang='lat' dir='ltr'>vounnms</span> <span class='ocrx_word' id='word_1_12' title='bbox 1696 312 1783 340; x_wconf 86' lang='lat' dir='ltr'>xvn</span> 
     </span>
    </p>
   </div>
   <div class='ocr_carea' id='block_1_5' title="bbox 180 403 1828 3138">
    <p class='ocr_par' dir='ltr' id='par_1_5' title="bbox 181 403 1828 2137">
     <span class='ocr_line' id='line_1_10' title="bbox 182 403 1828 464; baseline 0.001 -14"><span class='ocrx_word' id='word_1_13' title='bbox 182 405 351 464; x_wconf 88' lang='lat' dir='ltr'>quibus</span> <span class='ocrx_word' id='word_1_14' title='bbox 364 405 480 451; x_wconf 89' lang='lat' dir='ltr'>haec</span> <span class='ocrx_word' id='word_1_15' title='bbox 501 418 748 462; x_wconf 84' lang='lat' dir='ltr'>excerpere</span> <span class='ocrx_word' id='word_1_16' title='bbox 770 403 982 448; x_wconf 89' lang='lat' dir='ltr'>sufficiat:</span> <span class='ocrx_word' id='word_1_17' title='bbox 1014 404 1276 449; x_wconf 89' lang='lat' dir='ltr'>«Possiamo</span> <span class='ocrx_word' id='word_1_18' title='bbox 1297 406 1502 450; x_wconf 89' lang='lat' dir='ltr'>anchora</span> <span class='ocrx_word' id='word_1_19' title='bbox 1522 411 1568 450; x_wconf 87' lang='lat' dir='ltr'>et</span> <span class='ocrx_word' id='word_1_20' title='bbox 1584 405 1828 451; x_wconf 90' lang='lat' dir='ltr'>debbiamo</span> 
     </span>
     <span class='ocr_line' id='line_1_11' title="bbox 184 487 1827 547; baseline -0.001 -12"><span class='ocrx_word' id='word_1_21' title='bbox 184 490 254 535; x_wconf 92' lang='lat' dir='ltr'>dir</span> <span class='ocrx_word' id='word_1_22' title='bbox 281 497 460 547; x_wconf 90' lang='lat' dir='ltr'>questo,</span> <span class='ocrx_word' id='word_1_23' title='bbox 500 491 586 534; x_wconf 91' lang='lat' dir='ltr'>che</span> <span class='ocrx_word' id='word_1_24' title='bbox 624 489 834 534; x_wconf 91' lang='lat' dir='ltr'>uediamo</span> <span class='ocrx_word' id='word_1_25' title='bbox 863 504 945 546; x_wconf 90' lang='lat' dir='ltr'>per</span> <span class='ocrx_word' id='word_1_26' title='bbox 979 487 1232 546; x_wconf 89' lang='lat' dir='ltr'>sperienza;</span> <span class='ocrx_word' id='word_1_27' title='bbox 1268 490 1354 534; x_wconf 91' lang='lat' dir='ltr'>che</span> <span class='ocrx_word' id='word_1_28' title='bbox 1390 490 1416 533; x_wconf 80' lang='grc' dir='ltr'>ἑ</span> <span class='ocrx_word' id='word_1_29' title='bbox 1453 489 1712 534; x_wconf 91' lang='lat' dir='ltr'>necessario</span> <span class='ocrx_word' id='word_1_30' title='bbox 1740 504 1827 534; x_wconf 92' lang='lat' dir='ltr'>con</span> 
     </span>
     <span class='ocr_line' id='line_1_12' title="bbox 186 570 1828 631; baseline 0.001 -13"><span class='ocrx_word' id='word_1_31' title='bbox 186 581 347 631; x_wconf 87' lang='lat' dir='ltr'>queste</span> <span class='ocrx_word' id='word_1_32' title='bbox 372 572 548 617; x_wconf 92' lang='lat' dir='ltr'>nationi</span> <span class='ocrx_word' id='word_1_33' title='bbox 569 571 689 617; x_wconf 89' lang='lat' dir='ltr'>usar’</span> <span class='ocrx_word' id='word_1_34' title='bbox 712 573 769 617; x_wconf 92' lang='lat' dir='ltr'>de</span> <span class='ocrx_word' id='word_1_35' title='bbox 797 587 910 630; x_wconf 88' lang='lat' dir='ltr'>gran</span> <span class='ocrx_word' id='word_1_36' title='bbox 940 570 1252 617; x_wconf 87' lang='lat' dir='ltr'>moderatione</span> <span class='ocrx_word' id='word_1_37' title='bbox 1279 579 1325 617; x_wconf 89' lang='lat' dir='ltr'>et</span> <span class='ocrx_word' id='word_1_38' title='bbox 1344 571 1665 630; x_wconf 70' lang='lat' dir='ltr'>longanimita,</span> <span class='ocrx_word' id='word_1_39' title='bbox 1689 572 1720 615; x_wconf 92' lang='lat' dir='ltr'>il</span> <span class='ocrx_word' id='word_1_40' title='bbox 1742 575 1828 619; x_wconf 89' lang='lat' dir='ltr'>che</span> 
     </span>
     <span class='ocr_line' id='line_1_13' title="bbox 187 655 1828 714; baseline 0.001 -13"><span class='ocrx_word' id='word_1_41' title='bbox 187 656 511 714; x_wconf 89' lang='lat' dir='ltr'>specialmente</span> <span class='ocrx_word' id='word_1_42' title='bbox 538 656 576 700; x_wconf 94' lang='lat' dir='ltr'>si</span> <span class='ocrx_word' id='word_1_43' title='bbox 604 655 813 701; x_wconf 89' lang='lat' dir='ltr'>desidera</span> <span class='ocrx_word' id='word_1_44' title='bbox 834 655 901 700; x_wconf 90' lang='lat' dir='ltr'>sia</span> <span class='ocrx_word' id='word_1_45' title='bbox 921 669 1164 713; x_wconf 90' lang='lat' dir='ltr'>persuasso</span> <span class='ocrx_word' id='word_1_46' title='bbox 1185 669 1212 699; x_wconf 91' lang='lat' dir='ltr'>a</span> <span class='ocrx_word' id='word_1_47' title='bbox 1240 655 1362 710; x_wconf 92' lang='lat' dir='ltr'>tutti,</span> <span class='ocrx_word' id='word_1_48' title='bbox 1387 657 1557 713; x_wconf 77' lang='lat' dir='ltr'>perche</span> <span class='ocrx_word' id='word_1_49' title='bbox 1578 656 1828 703; x_wconf 89' lang='lat' dir='ltr'>realmente</span> 
     </span>
     <span class='ocr_line' id='line_1_14' title="bbox 187 738 1827 798; baseline 0 -13"><span class='ocrx_word' id='word_1_50' title='bbox 187 755 303 785; x_wconf 92' lang='lat' dir='ltr'>sono</span> <span class='ocrx_word' id='word_1_51' title='bbox 320 740 483 798; x_wconf 89' lang='lat' dir='ltr'>grandi</span> <span class='ocrx_word' id='word_1_52' title='bbox 511 739 736 784; x_wconf 74' lang='lat' dir='ltr'>necessita</span> <span class='ocrx_word' id='word_1_53' title='bbox 765 746 811 784; x_wconf 93' lang='lat' dir='ltr'>et</span> <span class='ocrx_word' id='word_1_54' title='bbox 837 738 1062 784; x_wconf 90' lang='lat' dir='ltr'>accidenti</span> <span class='ocrx_word' id='word_1_55' title='bbox 1089 754 1170 796; x_wconf 92' lang='lat' dir='ltr'>per</span> <span class='ocrx_word' id='word_1_56' title='bbox 1197 746 1358 795; x_wconf 83' lang='lat' dir='ltr'>queste</span> <span class='ocrx_word' id='word_1_57' title='bbox 1384 740 1551 793; x_wconf 85' lang='lat' dir='ltr'>bande,</span> <span class='ocrx_word' id='word_1_58' title='bbox 1577 741 1663 785; x_wconf 91' lang='lat' dir='ltr'>che</span> <span class='ocrx_word' id='word_1_59' title='bbox 1685 741 1827 785; x_wconf 85' lang='lat' dir='ltr'>fanno</span> 
     </span>
     <span class='ocr_line' id='line_1_15' title="bbox 186 823 1827 883; baseline 0 -15"><span class='ocrx_word' id='word_1_60' title='bbox 186 825 273 869; x_wconf 91' lang='lat' dir='ltr'>alla</span> <span class='ocrx_word' id='word_1_61' title='bbox 288 839 483 883; x_wconf 89' lang='lat' dir='ltr'>persona</span> <span class='ocrx_word' id='word_1_62' title='bbox 499 823 698 868; x_wconf 90' lang='lat' dir='ltr'>mouersi</span> <span class='ocrx_word' id='word_1_63' title='bbox 714 838 741 867; x_wconf 92' lang='lat' dir='ltr'>a</span> <span class='ocrx_word' id='word_1_64' title='bbox 756 823 1089 880; x_wconf 83' lang='lat' dir='ltr'>compassione,</span> <span class='ocrx_word' id='word_1_65' title='bbox 1110 831 1156 867; x_wconf 88' lang='lat' dir='ltr'>et</span> <span class='ocrx_word' id='word_1_66' title='bbox 1176 825 1335 868; x_wconf 88' lang='lat' dir='ltr'>hauer’</span> <span class='ocrx_word' id='word_1_67' title='bbox 1358 823 1405 867; x_wconf 93' lang='lat' dir='ltr'>di</span> <span class='ocrx_word' id='word_1_68' title='bbox 1422 826 1597 868; x_wconf 89' lang='lat' dir='ltr'>cercar’</span> <span class='ocrx_word' id='word_1_69' title='bbox 1616 824 1827 882; x_wconf 91' lang='lat' dir='ltr'>spedien-</span> 
     </span>
     <span class='ocr_line' id='line_1_16' title="bbox 185 890 1826 966; baseline 0 -14"><span class='ocrx_word' id='word_1_70' title='bbox 185 909 234 962; x_wconf 87' lang='lat' dir='ltr'>ti,</span> <span class='ocrx_word' id='word_1_71' title='bbox 270 923 357 952; x_wconf 92' lang='lat' dir='ltr'>con</span> <span class='ocrx_word' id='word_1_72' title='bbox 379 909 555 966; x_wconf 88' lang='lat' dir='ltr'>grande</span> <span class='ocrx_word' id='word_1_73' title='bbox 583 906 757 951; x_wconf 74' lang='lat' dir='ltr'>charita</span> <span class='ocrx_word' id='word_1_74' title='bbox 786 913 834 951; x_wconf 91' lang='lat' dir='ltr'>et</span> <span class='ocrx_word' id='word_1_75' title='bbox 860 906 1212 952; x_wconf 86' lang='lat' dir='ltr'>mansuetudine</span> <span class='ocrx_word' id='word_1_76' title='bbox 1239 907 1315 951; x_wconf 89' lang='lat' dir='ltr'>nel</span> <span class='ocrx_word' id='word_1_77' title='bbox 1342 906 1555 964; x_wconf 91' lang='lat' dir='ltr'>Signore,</span> <span class='ocrx_word' id='word_1_78' title='bbox 1595 890 1726 953; x_wconf 84' lang='lat' dir='ltr'>come</span> <span class='ocrx_word' id='word_1_79' title='bbox 1762 909 1826 952; x_wconf 92' lang='lat' dir='ltr'>ho</span> 
     </span>
     <span class='ocr_line' id='line_1_17' title="bbox 182 987 1823 1050; baseline 0 -14"><span class='ocrx_word' id='word_1_80' title='bbox 182 994 334 1038; x_wconf 85' lang='lat' dir='ltr'>detto»</span> <span class='ocrx_word' id='word_1_81' title='bbox 357 987 479 1050; x_wconf 76' lang='lat'>(139,</span> <span class='ocrx_word' id='word_1_82' title='bbox 501 992 600 1046; x_wconf 87' lang='lat'>146,</span> <span class='ocrx_word' id='word_1_83' title='bbox 637 990 752 1047; x_wconf 85' lang='lat'>147).</span> <span class='ocrx_word' id='word_1_84' title='bbox 777 989 1106 1035; x_wconf 90' lang='lat' dir='ltr'>Monachiense</span> <span class='ocrx_word' id='word_1_85' title='bbox 1132 990 1377 1046; x_wconf 86' lang='lat' dir='ltr'>collegium</span> <span class='ocrx_word' id='word_1_86' title='bbox 1399 991 1580 1044; x_wconf 88' lang='lat' dir='ltr'>lustrat,</span> <span class='ocrx_word' id='word_1_87' title='bbox 1612 991 1823 1048; x_wconf 90' lang='lat' dir='ltr'>augusti-</span> 
     </span>
     <span class='ocr_line' id='line_1_18' title="bbox 181 1072 1824 1127; baseline 0 -8"><span class='ocrx_word' id='word_1_88' title='bbox 181 1075 345 1120; x_wconf 89' lang='lat' dir='ltr'>nianos</span> <span class='ocrx_word' id='word_1_89' title='bbox 371 1076 534 1120; x_wconf 87' lang='lat' dir='ltr'>fratres</span> <span class='ocrx_word' id='word_1_90' title='bbox 556 1073 643 1118; x_wconf 91' lang='lat' dir='ltr'>sibi</span> <span class='ocrx_word' id='word_1_91' title='bbox 664 1080 711 1118; x_wconf 93' lang='lat' dir='ltr'>et</span> <span class='ocrx_word' id='word_1_92' title='bbox 734 1072 957 1119; x_wconf 90' lang='lat' dir='ltr'>Societati</span> <span class='ocrx_word' id='word_1_93' title='bbox 979 1073 1232 1118; x_wconf 90' lang='lat' dir='ltr'>benevolos</span> <span class='ocrx_word' id='word_1_94' title='bbox 1255 1073 1420 1127; x_wconf 88' lang='lat' dir='ltr'>reddit,</span> <span class='ocrx_word' id='word_1_95' title='bbox 1442 1073 1642 1118; x_wconf 90' lang='lat' dir='ltr'>novitios</span> <span class='ocrx_word' id='word_1_96' title='bbox 1664 1075 1722 1118; x_wconf 87' lang='lat' dir='ltr'>ab</span> <span class='ocrx_word' id='word_1_97' title='bbox 1743 1074 1824 1119; x_wconf 91' lang='lat' dir='ltr'>iis-</span> 
     </span>
     <span class='ocr_line' id='line_1_19' title="bbox 183 1156 1818 1216; baseline -0.001 -11"><span class='ocrx_word' id='word_1_98' title='bbox 183 1161 288 1205; x_wconf 89' lang='lat' dir='ltr'>dem</span> <span class='ocrx_word' id='word_1_99' title='bbox 313 1165 548 1216; x_wconf 88' lang='lat' dir='ltr'>segregat,</span> <span class='ocrx_word' id='word_1_100' title='bbox 572 1156 856 1215; x_wconf 89' lang='lat' dir='ltr'>disciplinam</span> <span class='ocrx_word' id='word_1_101' title='bbox 889 1156 1148 1214; x_wconf 86' lang='lat' dir='ltr'>religiosam</span> <span class='ocrx_word' id='word_1_102' title='bbox 1176 1157 1388 1214; x_wconf 88' lang='lat' dir='ltr'>provehit</span> <span class='ocrx_word' id='word_1_103' title='bbox 1419 1159 1537 1215; x_wconf 87' lang='lat'>(166,</span> <span class='ocrx_word' id='word_1_104' title='bbox 1564 1159 1662 1212; x_wconf 89' lang='lat'>181,</span> <span class='ocrx_word' id='word_1_105' title='bbox 1706 1159 1818 1216; x_wconf 87' lang='lat'>182).</span> 
     </span>
     <span class='ocr_line' id='line_1_20' title="bbox 184 1241 1823 1301; baseline 0.002 -15"><span class='ocrx_word' id='word_1_106' title='bbox 184 1242 569 1301; x_wconf 84' lang='lat' dir='ltr'>Ingolstadienses</span> <span class='ocrx_word' id='word_1_107' title='bbox 590 1242 866 1295; x_wconf 90' lang='lat' dir='ltr'>consolatur,</span> <span class='ocrx_word' id='word_1_108' title='bbox 901 1241 1147 1299; x_wconf 89' lang='lat' dir='ltr'>collegium</span> <span class='ocrx_word' id='word_1_109' title='bbox 1176 1241 1372 1295; x_wconf 90' lang='lat' dir='ltr'>ordinat,</span> <span class='ocrx_word' id='word_1_110' title='bbox 1392 1241 1646 1287; x_wconf 89' lang='lat' dir='ltr'>libertatem</span> <span class='ocrx_word' id='word_1_111' title='bbox 1664 1243 1823 1289; x_wconf 88' lang='lat' dir='ltr'>Socie-</span> 
     </span>
     <span class='ocr_line' id='line_1_21' title="bbox 185 1324 1823 1385; baseline 0 -14"><span class='ocrx_word' id='word_1_112' title='bbox 185 1327 291 1371; x_wconf 87' lang='lat' dir='ltr'>tatis</span> <span class='ocrx_word' id='word_1_113' title='bbox 312 1327 435 1384; x_wconf 89' lang='lat' dir='ltr'>apud</span> <span class='ocrx_word' id='word_1_114' title='bbox 455 1325 648 1370; x_wconf 91' lang='lat' dir='ltr'>Eckium</span> <span class='ocrx_word' id='word_1_115' title='bbox 669 1324 874 1371; x_wconf 89' lang='lat' dir='ltr'>defendit</span> <span class='ocrx_word' id='word_1_116' title='bbox 895 1326 1014 1383; x_wconf 85' lang='lat'>(183,</span> <span class='ocrx_word' id='word_1_117' title='bbox 1041 1326 1139 1381; x_wconf 90' lang='lat'>184,</span> <span class='ocrx_word' id='word_1_118' title='bbox 1172 1327 1284 1385; x_wconf 89' lang='lat'>189).</span> <span class='ocrx_word' id='word_1_119' title='bbox 1304 1328 1557 1370; x_wconf 88' lang='lat' dir='ltr'>Doctorum</span> <span class='ocrx_word' id='word_1_120' title='bbox 1576 1327 1756 1372; x_wconf 87' lang='lat' dir='ltr'>Peltani</span> <span class='ocrx_word' id='word_1_121' title='bbox 1778 1335 1823 1373; x_wconf 89' lang='lat' dir='ltr'>et</span> 
     </span>
     <span class='ocr_line' id='line_1_22' title="bbox 183 1408 1821 1468; baseline -0.001 -13"><span class='ocrx_word' id='word_1_122' title='bbox 183 1409 337 1455; x_wconf 88' lang='lat' dir='ltr'>Pisani</span> <span class='ocrx_word' id='word_1_123' title='bbox 357 1409 609 1453; x_wconf 92' lang='lat' dir='ltr'>discordiae</span> <span class='ocrx_word' id='word_1_124' title='bbox 630 1408 830 1454; x_wconf 90' lang='lat' dir='ltr'>remedia</span> <span class='ocrx_word' id='word_1_125' title='bbox 846 1408 1036 1454; x_wconf 87' lang='lat' dir='ltr'>adhibet</span> <span class='ocrx_word' id='word_1_126' title='bbox 1069 1409 1208 1467; x_wconf 87' lang='lat'>(298).</span> <span class='ocrx_word' id='word_1_127' title='bbox 1243 1409 1542 1466; x_wconf 88' lang='lat' dir='ltr'>Dilinganum</span> <span class='ocrx_word' id='word_1_128' title='bbox 1575 1410 1821 1468; x_wconf 89' lang='lat' dir='ltr'>collegium</span> 
     </span>
     <span class='ocr_line' id='line_1_23' title="bbox 182 1492 1823 1552; baseline 0.001 -14"><span class='ocrx_word' id='word_1_129' title='bbox 182 1493 380 1552; x_wconf 89' lang='lat' dir='ltr'>inspicit,</span> <span class='ocrx_word' id='word_1_130' title='bbox 422 1492 702 1537; x_wconf 85' lang='lat' dir='ltr'>fundationis</span> <span class='ocrx_word' id='word_1_131' title='bbox 729 1493 1083 1538; x_wconf 87' lang='lat' dir='ltr'>instrumentum</span> <span class='ocrx_word' id='word_1_132' title='bbox 1117 1494 1175 1537; x_wconf 93' lang='lat' dir='ltr'>ad</span> <span class='ocrx_word' id='word_1_133' title='bbox 1211 1500 1409 1538; x_wconf 90' lang='lat' dir='ltr'>mentem</span> <span class='ocrx_word' id='word_1_134' title='bbox 1444 1494 1823 1539; x_wconf 89' lang='lat' dir='ltr'>constitutionum</span> 
     </span>
     <span class='ocr_line' id='line_1_24' title="bbox 181 1577 1823 1636; baseline -0.001 -12"><span class='ocrx_word' id='word_1_135' title='bbox 181 1577 424 1624; x_wconf 89' lang='lat' dir='ltr'>Societatis</span> <span class='ocrx_word' id='word_1_136' title='bbox 450 1577 684 1622; x_wconf 84' lang='lat' dir='ltr'>reformari</span> <span class='ocrx_word' id='word_1_137' title='bbox 714 1578 943 1635; x_wconf 89' lang='lat'>(185-187,</span> <span class='ocrx_word' id='word_1_138' title='bbox 984 1589 1082 1636; x_wconf 85' lang='lat'>197,</span> <span class='ocrx_word' id='word_1_139' title='bbox 1120 1578 1352 1635; x_wconf 87' lang='lat'>327-330),</span> <span class='ocrx_word' id='word_1_140' title='bbox 1386 1585 1433 1623; x_wconf 91' lang='lat' dir='ltr'>et</span> <span class='ocrx_word' id='word_1_141' title='bbox 1464 1579 1708 1635; x_wconf 85' lang='lat' dir='ltr'>Augustae</span> <span class='ocrx_word' id='word_1_142' title='bbox 1740 1579 1823 1623; x_wconf 91' lang='lat' dir='ltr'>ali—</span> 
     </span>
     <span class='ocr_line' id='line_1_25' title="bbox 181 1660 1821 1719; baseline -0.001 -13"><span class='ocrx_word' id='word_1_143' title='bbox 181 1663 305 1718; x_wconf 92' lang='lat' dir='ltr'>quod</span> <span class='ocrx_word' id='word_1_144' title='bbox 332 1660 512 1719; x_wconf 87' lang='lat' dir='ltr'>collegii</span> <span class='ocrx_word' id='word_1_145' title='bbox 541 1660 814 1719; x_wconf 91' lang='lat' dir='ltr'>principium</span> <span class='ocrx_word' id='word_1_146' title='bbox 842 1660 940 1705; x_wconf 89' lang='lat' dir='ltr'>fieri</span> <span class='ocrx_word' id='word_1_147' title='bbox 971 1668 1103 1705; x_wconf 92' lang='lat' dir='ltr'>curat</span> <span class='ocrx_word' id='word_1_148' title='bbox 1132 1661 1362 1719; x_wconf 88' lang='lat'>(187-189‚</span> <span class='ocrx_word' id='word_1_149' title='bbox 1399 1662 1500 1718; x_wconf 87' lang='lat'>246,</span> <span class='ocrx_word' id='word_1_150' title='bbox 1545 1662 1659 1718; x_wconf 86' lang='lat'>301).</span> <span class='ocrx_word' id='word_1_151' title='bbox 1704 1663 1821 1707; x_wconf 89' lang='lat' dir='ltr'>Cum</span> 
     </span>
     <span class='ocr_line' id='line_1_26' title="bbox 182 1744 1824 1803; baseline 0.001 -15"><span class='ocrx_word' id='word_1_152' title='bbox 182 1760 293 1790; x_wconf 87' lang='lat' dir='ltr'>vero</span> <span class='ocrx_word' id='word_1_153' title='bbox 324 1744 568 1803; x_wconf 88' lang='lat' dir='ltr'>collegium</span> <span class='ocrx_word' id='word_1_154' title='bbox 603 1744 878 1803; x_wconf 87' lang='lat' dir='ltr'>Oenipontis</span> <span class='ocrx_word' id='word_1_155' title='bbox 909 1759 1000 1788; x_wconf 92' lang='lat' dir='ltr'>non</span> <span class='ocrx_word' id='word_1_156' title='bbox 1032 1745 1151 1789; x_wconf 91' lang='lat' dir='ltr'>bene</span> <span class='ocrx_word' id='word_1_157' title='bbox 1183 1745 1467 1802; x_wconf 88' lang='lat' dir='ltr'>procederet,</span> <span class='ocrx_word' id='word_1_158' title='bbox 1503 1753 1599 1790; x_wconf 91' lang='lat' dir='ltr'>tum</span> <span class='ocrx_word' id='word_1_159' title='bbox 1632 1746 1824 1791; x_wconf 87' lang='lat' dir='ltr'>rectoris</span> 
     </span>
     <span class='ocr_line' id='line_1_27' title="bbox 184 1827 1824 1883; baseline 0 -9"><span class='ocrx_word' id='word_1_160' title='bbox 184 1828 339 1883; x_wconf 89' lang='lat' dir='ltr'>Dirsii,</span> <span class='ocrx_word' id='word_1_161' title='bbox 365 1835 461 1872; x_wconf 89' lang='lat' dir='ltr'>tum</span> <span class='ocrx_word' id='word_1_162' title='bbox 484 1827 677 1872; x_wconf 87' lang='lat' dir='ltr'>ministri</span> <span class='ocrx_word' id='word_1_163' title='bbox 701 1828 883 1874; x_wconf 91' lang='lat' dir='ltr'>Hoffaei</span> <span class='ocrx_word' id='word_1_164' title='bbox 910 1843 1066 1882; x_wconf 90' lang='lat' dir='ltr'>causa,</span> <span class='ocrx_word' id='word_1_165' title='bbox 1096 1829 1290 1872; x_wconf 91' lang='lat' dir='ltr'>multum</span> <span class='ocrx_word' id='word_1_166' title='bbox 1322 1828 1386 1872; x_wconf 93' lang='lat' dir='ltr'>ibi</span> <span class='ocrx_word' id='word_1_167' title='bbox 1418 1829 1634 1874; x_wconf 88' lang='lat' dir='ltr'>insudare</span> <span class='ocrx_word' id='word_1_168' title='bbox 1664 1829 1824 1874; x_wconf 88' lang='lat' dir='ltr'>debuit</span> 
     </span>
     <span class='ocr_line' id='line_1_28' title="bbox 184 1911 1824 1971; baseline 0 -14"><span class='ocrx_word' id='word_1_169' title='bbox 184 1913 376 1966; x_wconf 90' lang='lat' dir='ltr'>Natalis,</span> <span class='ocrx_word' id='word_1_170' title='bbox 410 1919 462 1956; x_wconf 92' lang='lat' dir='ltr'>ut</span> <span class='ocrx_word' id='word_1_171' title='bbox 492 1926 640 1956; x_wconf 92' lang='lat' dir='ltr'>novus</span> <span class='ocrx_word' id='word_1_172' title='bbox 670 1919 820 1956; x_wconf 88' lang='lat' dir='ltr'>rector</span> <span class='ocrx_word' id='word_1_173' title='bbox 841 1911 1105 1969; x_wconf 88' lang='lat' dir='ltr'>eligeretur,</span> <span class='ocrx_word' id='word_1_174' title='bbox 1131 1918 1177 1957; x_wconf 90' lang='lat' dir='ltr'>et</span> <span class='ocrx_word' id='word_1_175' title='bbox 1199 1912 1313 1958; x_wconf 86' lang='lat' dir='ltr'>aliae</span> <span class='ocrx_word' id='word_1_176' title='bbox 1335 1927 1408 1957; x_wconf 89' lang='lat' dir='ltr'>res</span> <span class='ocrx_word' id='word_1_177' title='bbox 1429 1914 1612 1971; x_wconf 86' lang='lat' dir='ltr'>collegii</span> <span class='ocrx_word' id='word_1_178' title='bbox 1635 1914 1693 1958; x_wconf 89' lang='lat' dir='ltr'>ad</span> <span class='ocrx_word' id='word_1_179' title='bbox 1715 1928 1824 1958; x_wconf 92' lang='lat' dir='ltr'>nor-</span> 
     </span>
     <span class='ocr_line' id='line_1_29' title="bbox 184 1995 1825 2053; baseline -0.001 -12"><span class='ocrx_word' id='word_1_180' title='bbox 184 2012 303 2041; x_wconf 90' lang='lat' dir='ltr'>mam</span> <span class='ocrx_word' id='word_1_181' title='bbox 326 2003 583 2040; x_wconf 90' lang='lat' dir='ltr'>nostrarum</span> <span class='ocrx_word' id='word_1_182' title='bbox 610 1995 967 2049; x_wconf 90' lang='lat' dir='ltr'>institutionum,</span> <span class='ocrx_word' id='word_1_183' title='bbox 1002 1995 1102 2040; x_wconf 89' lang='lat' dir='ltr'>sine</span> <span class='ocrx_word' id='word_1_184' title='bbox 1129 1995 1390 2053; x_wconf 87' lang='lat' dir='ltr'>reginarum</span> <span class='ocrx_word' id='word_1_185' title='bbox 1419 1997 1671 2042; x_wconf 88' lang='lat' dir='ltr'>offensione</span> <span class='ocrx_word' id='word_1_186' title='bbox 1700 1997 1825 2042; x_wconf 92' lang='lat' dir='ltr'>ordi-</span> 
     </span>
     <span class='ocr_line' id='line_1_30' title="bbox 183 2079 1177 2137; baseline -0.003 -12"><span class='ocrx_word' id='word_1_187' title='bbox 183 2086 401 2126; x_wconf 88' lang='lat' dir='ltr'>narentur</span> <span class='ocrx_word' id='word_1_188' title='bbox 423 2080 656 2137; x_wconf 88' lang='lat'>(274-277,</span> <span class='ocrx_word' id='word_1_189' title='bbox 683 2090 785 2137; x_wconf 89' lang='lat'>279,</span> <span class='ocrx_word' id='word_1_190' title='bbox 812 2080 915 2134; x_wconf 87' lang='lat'>285,</span> <span class='ocrx_word' id='word_1_191' title='bbox 942 2091 1044 2137; x_wconf 85' lang='lat'>291,</span> <span class='ocrx_word' id='word_1_192' title='bbox 1070 2079 1177 2136; x_wconf 94' lang='lat' dir='ltr'>etc.)</span> 
     </span>
    </p>

    <p class='ocr_par' dir='ltr' id='par_1_6' title="bbox 180 2162 1828 3138">
     <span class='ocr_line' id='line_1_31' title="bbox 271 2162 1823 2222; baseline -0.001 -13"><span class='ocrx_word' id='word_1_193' title='bbox 271 2165 529 2209; x_wconf 79' lang='lat' dir='ltr'>AUSTmAE</span> <span class='ocrx_word' id='word_1_194' title='bbox 552 2176 613 2206; x_wconf 83' lang='lat' dir='ltr'>ET</span> <span class='ocrx_word' id='word_1_195' title='bbox 637 2164 898 2206; x_wconf 76' lang='grc' dir='ltr'><strong>ΒΟΗΕΜΙΑΕ</strong></span> <span class='ocrx_word' id='word_1_196' title='bbox 935 2162 1146 2220; x_wconf 90' lang='lat' dir='ltr'>collegia,</span> <span class='ocrx_word' id='word_1_197' title='bbox 1179 2178 1206 2207; x_wconf 90' lang='lat' dir='ltr'>a</span> <span class='ocrx_word' id='word_1_198' title='bbox 1232 2163 1307 2209; x_wconf 88' lang='lat' dir='ltr'>die</span> <span class='ocrx_word' id='word_1_199' title='bbox 1336 2175 1391 2218; x_wconf 91' lang='lat'>27</span> <span class='ocrx_word' id='word_1_200' title='bbox 1414 2163 1523 2222; x_wconf 89' lang='lat' dir='ltr'>Julii</span> <span class='ocrx_word' id='word_1_201' title='bbox 1553 2164 1610 2207; x_wconf 92' lang='lat' dir='ltr'>ad</span> <span class='ocrx_word' id='word_1_202' title='bbox 1638 2164 1823 2208; x_wconf 90' lang='lat' dir='ltr'>ultimos</span> 
     </span>
     <span class='ocr_line' id='line_1_32' title="bbox 180 2245 1818 2305; baseline -0.001 -13"><span class='ocrx_word' id='word_1_203' title='bbox 180 2248 278 2292; x_wconf 92' lang='lat' dir='ltr'>dies</span> <span class='ocrx_word' id='word_1_204' title='bbox 299 2246 580 2304; x_wconf 87' lang='lat' dir='ltr'>Septembris</span> <span class='ocrx_word' id='word_1_205' title='bbox 601 2245 762 2289; x_wconf 91' lang='lat' dir='ltr'>eodem</span> <span class='ocrx_word' id='word_1_206' title='bbox 784 2260 906 2289; x_wconf 91' lang='lat' dir='ltr'>anno</span> <span class='ocrx_word' id='word_1_207' title='bbox 936 2246 1048 2301; x_wconf 84' lang='lat'>1566</span> <span class='ocrx_word' id='word_1_208' title='bbox 1075 2246 1229 2291; x_wconf 89' lang='lat' dir='ltr'>invisit</span> <span class='ocrx_word' id='word_1_209' title='bbox 1250 2247 1426 2292; x_wconf 89' lang='lat' dir='ltr'>Natalis</span> <span class='ocrx_word' id='word_1_210' title='bbox 1449 2248 1682 2305; x_wconf 84' lang='lat'>(236-238,</span> <span class='ocrx_word' id='word_1_211' title='bbox 1715 2257 1818 2302; x_wconf 87' lang='lat'>255,</span> 
     </span>
     <span class='ocr_line' id='line_1_33' title="bbox 182 2316 1823 2389; baseline -0.002 -12"><span class='ocrx_word' id='word_1_212' title='bbox 182 2332 301 2389; x_wconf 88' lang='lat'>256);</span> <span class='ocrx_word' id='word_1_213' title='bbox 332 2344 420 2376; x_wconf 89' lang='lat' dir='ltr'>nec</span> <span class='ocrx_word' id='word_1_214' title='bbox 448 2330 546 2374; x_wconf 91' lang='lat' dir='ltr'>sine</span> <span class='ocrx_word' id='word_1_215' title='bbox 573 2329 792 2386; x_wconf 88' lang='lat' dir='ltr'>gravibus</span> <span class='ocrx_word' id='word_1_216' title='bbox 807 2316 1028 2385; x_wconf 78' lang='lat' dir='ltr'>&#39;periculis</span> <span class='ocrx_word' id='word_1_217' title='bbox 1059 2330 1323 2375; x_wconf 89' lang='lat' dir='ltr'>Danuvium</span> <span class='ocrx_word' id='word_1_218' title='bbox 1355 2332 1526 2376; x_wconf 89' lang='lat' dir='ltr'>flumen</span> <span class='ocrx_word' id='word_1_219' title='bbox 1558 2329 1823 2388; x_wconf 90' lang='lat' dir='ltr'>enavigavit</span> 
     </span>
     <span class='ocr_line' id='line_1_34' title="bbox 182 2411 1823 2474; baseline -0.002 -14"><span class='ocrx_word' id='word_1_220' title='bbox 182 2416 302 2474; x_wconf 86' lang='lat'>(198,</span> <span class='ocrx_word' id='word_1_221' title='bbox 328 2425 431 2469; x_wconf 89' lang='lat'>207,</span> <span class='ocrx_word' id='word_1_222' title='bbox 457 2412 575 2470; x_wconf 91' lang='lat'>208),</span> <span class='ocrx_word' id='word_1_223' title='bbox 606 2419 652 2456; x_wconf 94' lang='lat' dir='ltr'>et</span> <span class='ocrx_word' id='word_1_224' title='bbox 674 2426 754 2468; x_wconf 93' lang='lat' dir='ltr'>per</span> <span class='ocrx_word' id='word_1_225' title='bbox 790 2411 1040 2456; x_wconf 87' lang='lat' dir='ltr'>Moraviam</span> <span class='ocrx_word' id='word_1_226' title='bbox 1067 2412 1375 2471; x_wconf 89' lang='lat' dir='ltr'>finitimasque</span> <span class='ocrx_word' id='word_1_227' title='bbox 1403 2413 1632 2471; x_wconf 86' lang='lat' dir='ltr'>regiones,</span> <span class='ocrx_word' id='word_1_228' title='bbox 1666 2412 1823 2456; x_wconf 91' lang='lat' dir='ltr'>militi-</span> 
     </span>
     <span class='ocr_line' id='line_1_35' title="bbox 185 2494 1824 2555; baseline -0.002 -12"><span class='ocrx_word' id='word_1_229' title='bbox 185 2500 273 2543; x_wconf 92' lang='lat' dir='ltr'>bus</span> <span class='ocrx_word' id='word_1_230' title='bbox 293 2511 462 2555; x_wconf 90' lang='lat' dir='ltr'>magna</span> <span class='ocrx_word' id='word_1_231' title='bbox 483 2510 540 2540; x_wconf 89' lang='lat' dir='ltr'>ex</span> <span class='ocrx_word' id='word_1_232' title='bbox 561 2502 691 2552; x_wconf 92' lang='lat' dir='ltr'>parte</span> <span class='ocrx_word' id='word_1_233' title='bbox 712 2494 952 2539; x_wconf 87' lang='lat' dir='ltr'>haereticis</span> <span class='ocrx_word' id='word_1_234' title='bbox 985 2496 1262 2552; x_wconf 84' lang='lat' dir='ltr'>frequentes,</span> <span class='ocrx_word' id='word_1_235' title='bbox 1297 2498 1437 2555; x_wconf 89' lang='lat' dir='ltr'>longa</span> <span class='ocrx_word' id='word_1_236' title='bbox 1458 2497 1622 2542; x_wconf 90' lang='lat' dir='ltr'>itinera</span> <span class='ocrx_word' id='word_1_237' title='bbox 1643 2495 1824 2553; x_wconf 87' lang='lat' dir='ltr'>peregit</span> 
     </span>
     <span class='ocr_line' id='line_1_36' title="bbox 186 2576 1824 2640; baseline -0.002 -14"><span class='ocrx_word' id='word_1_238' title='bbox 186 2582 320 2640; x_wconf 86' lang='lat'>(256).</span> <span class='ocrx_word' id='word_1_239' title='bbox 344 2580 665 2628; x_wconf 90' lang='lat' dir='ltr'>Vindobonam</span> <span class='ocrx_word' id='word_1_240' title='bbox 687 2576 898 2635; x_wconf 90' lang='lat' dir='ltr'>pervenit</span> <span class='ocrx_word' id='word_1_241' title='bbox 918 2578 991 2622; x_wconf 88' lang='lat' dir='ltr'>die</span> <span class='ocrx_word' id='word_1_242' title='bbox 1013 2590 1069 2634; x_wconf 91' lang='lat'>27</span> <span class='ocrx_word' id='word_1_243' title='bbox 1085 2579 1211 2638; x_wconf 91' lang='lat' dir='ltr'>Julii,</span> <span class='ocrx_word' id='word_1_244' title='bbox 1235 2580 1391 2637; x_wconf 89' lang='lat' dir='ltr'>ibique</span> <span class='ocrx_word' id='word_1_245' title='bbox 1419 2588 1640 2625; x_wconf 92' lang='lat' dir='ltr'>consueta</span> <span class='ocrx_word' id='word_1_246' title='bbox 1667 2579 1824 2636; x_wconf 86' lang='lat' dir='ltr'>inspe-</span> 
     </span>
     <span class='ocr_line' id='line_1_37' title="bbox 185 2661 1821 2721; baseline -0.003 -11"><span class='ocrx_word' id='word_1_247' title='bbox 185 2665 348 2710; x_wconf 90' lang='lat' dir='ltr'>ctionis</span> <span class='ocrx_word' id='word_1_248' title='bbox 369 2662 618 2708; x_wconf 90' lang='lat' dir='ltr'>ministeria</span> <span class='ocrx_word' id='word_1_249' title='bbox 633 2661 791 2714; x_wconf 91' lang='lat' dir='ltr'>obivit,</span> <span class='ocrx_word' id='word_1_250' title='bbox 811 2661 1045 2718; x_wconf 89' lang='lat' dir='ltr'>multaque</span> <span class='ocrx_word' id='word_1_251' title='bbox 1061 2663 1291 2719; x_wconf 90' lang='lat' dir='ltr'>praeclare</span> <span class='ocrx_word' id='word_1_252' title='bbox 1308 2663 1548 2708; x_wconf 88' lang='lat' dir='ltr'>constituit</span> <span class='ocrx_word' id='word_1_253' title='bbox 1570 2663 1611 2721; x_wconf 92' lang='lat'>(2</span> <span class='ocrx_word' id='word_1_254' title='bbox 1616 2663 1726 2718; x_wconf 88' lang='lat'>56-2</span> <span class='ocrx_word' id='word_1_255' title='bbox 1731 2663 1821 2719; x_wconf 89' lang='lat'>58),</span> 
     </span>
     <span class='ocr_line' id='line_1_38' title="bbox 184 2745 1823 2805; baseline -0.002 -13"><span class='ocrx_word' id='word_1_256' title='bbox 184 2749 381 2805; x_wconf 89' lang='lat' dir='ltr'>indeque</span> <span class='ocrx_word' id='word_1_257' title='bbox 411 2745 639 2804; x_wconf 88' lang='lat' dir='ltr'>proficisci</span> <span class='ocrx_word' id='word_1_258' title='bbox 669 2751 890 2789; x_wconf 86' lang='lat' dir='ltr'>statuerat</span> <span class='ocrx_word' id='word_1_259' title='bbox 923 2757 974 2789; x_wconf 91' lang='lat'>12</span> <span class='ocrx_word' id='word_1_260' title='bbox 1007 2746 1227 2803; x_wconf 82' lang='lat' dir='ltr'>Augusti3</span> <span class='ocrx_word' id='word_1_261' title='bbox 1261 2747 1342 2791; x_wconf 92' lang='lat' dir='ltr'>sed</span> <span class='ocrx_word' id='word_1_262' title='bbox 1363 2747 1449 2791; x_wconf 88' lang='lat' dir='ltr'>iter</span> <span class='ocrx_word' id='word_1_263' title='bbox 1477 2747 1524 2790; x_wconf 91' lang='lat' dir='ltr'>in</span> <span class='ocrx_word' id='word_1_264' title='bbox 1553 2752 1823 2802; x_wconf 88' lang='lat' dir='ltr'>sequentem</span> 
     </span>
     <span class='ocr_line' id='line_1_39' title="bbox 183 2827 1826 2887; baseline -0.002 -12"><span class='ocrx_word' id='word_1_265' title='bbox 183 2831 303 2877; x_wconf 89' lang='lat' dir='ltr'>diem</span> <span class='ocrx_word' id='word_1_266' title='bbox 320 2830 502 2874; x_wconf 90' lang='lat' dir='ltr'>differre</span> <span class='ocrx_word' id='word_1_267' title='bbox 519 2836 705 2873; x_wconf 92' lang='lat' dir='ltr'>coactus</span> <span class='ocrx_word' id='word_1_268' title='bbox 722 2834 808 2881; x_wconf 90' lang='lat' dir='ltr'>est,</span> <span class='ocrx_word' id='word_1_269' title='bbox 823 2829 880 2871; x_wconf 93' lang='lat' dir='ltr'>ob</span> <span class='ocrx_word' id='word_1_270' title='bbox 898 2827 1181 2884; x_wconf 91' lang='lat' dir='ltr'>imperatoris</span> <span class='ocrx_word' id='word_1_271' title='bbox 1197 2844 1451 2887; x_wconf 89' lang='lat' dir='ltr'>egressum,</span> <span class='ocrx_word' id='word_1_272' title='bbox 1472 2829 1549 2886; x_wconf 92' lang='lat' dir='ltr'>qui</span> <span class='ocrx_word' id='word_1_273' title='bbox 1568 2843 1672 2873; x_wconf 91' lang='lat' dir='ltr'>cum</span> <span class='ocrx_word' id='word_1_274' title='bbox 1690 2843 1826 2875; x_wconf 90' lang='lat' dir='ltr'>exer-</span> 
     </span>
     <span class='ocr_line' id='line_1_40' title="bbox 182 2910 1824 2971; baseline -0.001 -14"><span class='ocrx_word' id='word_1_275' title='bbox 182 2913 277 2958; x_wconf 93' lang='lat' dir='ltr'>citu</span> <span class='ocrx_word' id='word_1_276' title='bbox 307 2914 355 2956; x_wconf 91' lang='lat' dir='ltr'>in</span> <span class='ocrx_word' id='word_1_277' title='bbox 378 2912 665 2970; x_wconf 88' lang='lat' dir='ltr'>Hungariam</span> <span class='ocrx_word' id='word_1_278' title='bbox 689 2925 738 2955; x_wconf 89' lang='lat' dir='ltr'>se</span> <span class='ocrx_word' id='word_1_279' title='bbox 762 2910 1029 2956; x_wconf 85' lang='lat' dir='ltr'>conferebat</span> <span class='ocrx_word' id='word_1_280' title='bbox 1052 2913 1301 2971; x_wconf 89' lang='lat'>(213-215).</span> <span class='ocrx_word' id='word_1_281' title='bbox 1326 2914 1437 2958; x_wconf 92' lang='lat' dir='ltr'>Inde</span> <span class='ocrx_word' id='word_1_282' title='bbox 1460 2912 1718 2957; x_wconf 87' lang='lat' dir='ltr'>Tirnaviam</span> <span class='ocrx_word' id='word_1_283' title='bbox 1742 2927 1824 2970; x_wconf 91' lang='lat' dir='ltr'>pe-</span> 
     </span>
     <span class='ocr_line' id='line_1_41' title="bbox 187 2994 1828 3054; baseline 0 -14"><span class='ocrx_word' id='word_1_284' title='bbox 187 2998 256 3051; x_wconf 92' lang='lat' dir='ltr'>tit,</span> <span class='ocrx_word' id='word_1_285' title='bbox 287 3012 361 3043; x_wconf 91' lang='lat' dir='ltr'>res</span> <span class='ocrx_word' id='word_1_286' title='bbox 388 2995 570 3054; x_wconf 87' lang='lat' dir='ltr'>collegii</span> <span class='ocrx_word' id='word_1_287' title='bbox 598 2995 646 3039; x_wconf 92' lang='lat' dir='ltr'>in</span> <span class='ocrx_word' id='word_1_288' title='bbox 682 2994 887 3039; x_wconf 90' lang='lat' dir='ltr'>ordinem</span> <span class='ocrx_word' id='word_1_289' title='bbox 924 2994 1108 3053; x_wconf 91' lang='lat' dir='ltr'>redigit,</span> <span class='ocrx_word' id='word_1_290' title='bbox 1147 3003 1463 3053; x_wconf 88' lang='lat' dir='ltr'>rectoremque</span> <span class='ocrx_word' id='word_1_291' title='bbox 1492 2999 1679 3042; x_wconf 89' lang='lat' dir='ltr'>Petrum</span> <span class='ocrx_word' id='word_1_292' title='bbox 1703 2998 1828 3040; x_wconf 75' lang='lat' dir='ltr'>Her-</span> 
     </span>
     <span class='ocr_line' id='line_1_42' title="bbox 186 3077 1827 3138; baseline -0.001 -14"><span class='ocrx_word' id='word_1_293' title='bbox 186 3083 315 3136; x_wconf 88' lang='lat' dir='ltr'>nath,</span> <span class='ocrx_word' id='word_1_294' title='bbox 346 3080 556 3124; x_wconf 87' lang='lat' dir='ltr'>Hurtado</span> <span class='ocrx_word' id='word_1_295' title='bbox 591 3079 735 3122; x_wconf 89' lang='lat' dir='ltr'>Perez</span> <span class='ocrx_word' id='word_1_296' title='bbox 772 3077 1025 3133; x_wconf 89' lang='lat' dir='ltr'>substituit,</span> <span class='ocrx_word' id='word_1_297' title='bbox 1065 3080 1285 3138; x_wconf 90' lang='lat' dir='ltr'>huncque</span> <span class='ocrx_word' id='word_1_298' title='bbox 1321 3080 1516 3138; x_wconf 89' lang='lat' dir='ltr'>collegio</span> <span class='ocrx_word' id='word_1_299' title='bbox 1544 3079 1827 3125; x_wconf 88' lang='lat' dir='ltr'>olomucensi</span> 
     </span>
    </p>
   </div>
   <div class='ocr_carea' id='block_1_6' title="bbox 373 3165 894 3203">
    <p class='ocr_par' dir='ltr' id='par_1_7' title="bbox 373 3165 894 3203">
     <span class='ocr_line' id='line_1_43' title="bbox 373 3165 894 3203; baseline -0.008 -5"><span class='ocrx_word' id='word_1_300' title='bbox 373 3168 488 3198; x_wconf 72' lang='lat' dir='ltr'>Emsr.</span> <span class='ocrx_word' id='word_1_301' title='bbox 509 3167 547 3198; x_wconf 86' lang='lat' dir='ltr'>P.</span> <span class='ocrx_word' id='word_1_302' title='bbox 569 3167 705 3203; x_wconf 77' lang='grc' dir='ltr'>ΝΑοΑι,</span> <span class='ocrx_word' id='word_1_303' title='bbox 726 3172 805 3195; x_wconf 70' lang='lat' dir='ltr'>ron.</span> <span class='ocrx_word' id='word_1_304' title='bbox 829 3165 894 3195; x_wconf 92' lang='lat'>111.</span> 
     </span>
    </p>
   </div>
  </div>
 </body>
</html>
