2228 3548
343 36 346 41 .
384 0 966 38 {zm-Www—ffliv
1130 0 1145 9 ²
1171 8 1173 12 v
1212 0 1214 5 ⁸
1244 0 1265 11 ¹*
1296 0 1326 16 .‘

302 46 325 64 ε(
414 51 425 54 ”
734 48 736 51 “

857 296 904 323 zo
927 287 1163 325 Fzssnuffln
1190 288 1282 334 1567
1771 291 1842 340 369

249 391 309 433 sit
324 389 573 434 nobiscum.
594 391 666 433 Da
683 389 939 446 Maguntia,
958 389 1034 433 alli
1052 401 1110 434 20
1126 390 1184 435 de
1200 366 1385 434 Genaro
1403 392 1530 447 1567.
1550 393 1609 436 D.
1631 394 1688 437 V.
1711 395 1786 449 P„
1805 408 1886 452 per

251 466 569 511 commissione
590 467 665 511 del
686 467 833 512 Padre
854 466 1107 522 visitatore,
1130 466 1291 511 inutile
1312 481 1447 512 seruo
1469 468 1517 512 in
1539 469 1739 525 Christo,

1399 547 1644 590 XIMENEZ.

343 622 401 664 In
422 625 589 678 quarta
603 622 816 679 pagina:
848 622 968 666 Ihus.
998 621 1055 665 Al
1084 623 1223 666 molto
1256 622 1374 666 Rdo.
1402 625 1455 667 Ρ.
1480 625 1538 667 Ν.
1566 623 1612 667 in
1634 624 1833 679 Christo,
1858 625 1891 669 il

255 700 309 742 P.
350 699 606 742 Francesco
638 698 683 741 di
723 698 907 755 Borgia‚
941 698 1170 756 preposito
1201 699 1415 756 generale
1453 701 1571 745 della
1607 701 1798 759 Comp.⁸
1833 703 1892 748 de

252 775 413 830 Giesfi,
438 782 526 818 etc.
553 777 711 819 Roma.
742 775 850 819 Alia
871 789 1030 828 manu,
1051 779 1101 819 ut
1122 776 1314 830 videtur,
1338 778 1397 820 P.
1423 778 1610 821 Natalis
1632 791 1647 821 :
1672 793 1715 836 p.
1742 793 1784 823 e.
1811 794 1876 823 m.

251 853 374 896 Alia:
395 852 651 910 Moguntia.
681 854 732 896 Ρ.
759 851 911 909 Diego
933 852 1168 897 Ximenez.
1196 865 1253 897 20
1274 853 1322 897 di
1342 854 1520 898 Genn.⁰
1543 855 1617 910 67.
1645 856 1699 900 C.
1725 856 1886 914 Sigilli

251 931 513 987 vestigium.

1013 1022 1134 1063 464

692 1108 744 1151 Ρ.
779 1107 1195 1153 HIERONYMUS
1226 1109 1446 1153 NADAL

588 1181 829 1220 SANCTO
862 1182 1213 1222 FRANCISCO
1250 1184 1327 1220 DE
1362 1183 1559 1232 BORJA

699 1256 960 1295 mosomus,
981 1257 1028 1284 20
1040 1256 1270 1286 Pannona
1290 1249 1379 1295 1567
1398 1249 1431 1286 ¹.

253 1330 289 1357 ι.
315 1321 366 1356 Ρ.
390 1320 582 1367 Marquez
599 1320 770 1355 Romam
785 1331 877 1355 cum
899 1319 1015 1356 sociis
1033 1321 1237 1367 pervenit:
1259 1322 1307 1358 de
1330 1322 1459 1358 tribus
1481 1323 1741 1371 reginis.—2.
1776 1323 1889 1360 Cura

292 1379 602 1427 provinciarum
619 1377 866 1415 Germaniae
879 1378 1023 1414 Natali
1034 1379 1321 1423 demandatur,
1336 1381 1459 1418 donec
1470 1384 1724 1418 caeterarum
1740 1383 1889 1419 lustra-

297 1440 445 1475 tionem
458 1437 660 1486 perficiat:
677 1436 896 1486 difficultas
914 1439 1162 1486 proponitur
1178 1442 1215 1475 et
1236 1440 1410 1476 solvitur
1426 1441 1475 1476 ab
1492 1441 1681 1489 ipsa-3.
1709 1440 1888 1479 Cuinam

286 1498 524 1546 provinciae
541 1497 757 1546 collegium
773 1497 1042 1544 herbipolense
1059 1499 1367 1535 adscribendum
1384 1500 1448 1544 sit,
1469 1501 1514 1536 in
1530 1504 1717 1549 suspenso
1735 1505 1887 1538 manet:

293 1558 341 1594 de
378 1556 621 1605 Wolfgango
644 1559 681 1592 et
700 1557 969 1604 provincialis
997 1558 1274 1605 aegritudine:
1298 1559 1478 1607 Borgiae
1507 1571 1587 1596 non
1605 1561 1805 1608 probatur
1829 1562 1888 1597 di-

291 1618 429 1654 missio
445 1629 465 1654 e
489 1617 696 1656 Societate,
715 1616 816 1652 votis
839 1616 1041 1652 insolutis:
1066 1618 1244 1654 rationes
1260 1630 1287 1654 a
1304 1618 1449 1655 Natali
1465 1621 1696 1668 propositae
1714 1624 1792 1668 pro
1811 1622 1889 1657 tali

293 1677 630 1720 dimissione—4.
646 1675 708 1712 De
724 1675 885 1724 collegii
901 1676 1162 1712 olomucensis
1179 1677 1447 1715 institutione:
1465 1678 1611 1715 Lanoii
1624 1678 1887 1728 Oenipontem

292 1737 510 1772 translatio
539 1734 793 1781 imperatrici
817 1735 953 1771 minus
974 1739 1102 1783 grata
1127 1737 1316 1773 accidisse
1342 1738 1517 1782 videtur,
1537 1739 1627 1775 licet
1653 1749 1887 1776 consensum

295 1796 384 1843 ipsa
411 1794 638 1841 praebuisse
660 1795 1012 1838 existimetur.—-5.
1044 1794 1212 1831 Nuntiis
1234 1796 1310 1832 sibi
1331 1809 1359 1832 a
1382 1798 1541 1845 Borgia
1564 1799 1697 1834 missis
1716 1800 1887 1847 gaudet:

297 1857 345 1892 de
363 1856 414 1891 P.
439 1855 586 1891 Araoz:
604 1854 771 1901 collegio
788 1865 957 1889 romano
974 1857 1012 1890 et
1024 1855 1260 1901 provinciae
1277 1854 1524 1893 Germaniae
1539 1857 1679 1894 utilem
1688 1857 1787 1906 fore
1804 1863 1888 1906 spe-

296 1918 364 1951 rat
384 1914 616 1951 Carranzae
630 1913 904 1960 praesentiam
922 1914 965 1948 in
991 1913 1199 1950 Urbe.-6.
1227 1914 1290 1950 De
1306 1915 1475 1964 collegio
1500 1915 1712 1965 Dilingae:
1730 1918 1778 1954 de
1800 1919 1887 1955 her-

295 1974 502 2026 lqipolensi:
525 1975 697 2009 mentem
719 1973 895 2020 Borgiae
912 1973 960 2008 de
978 1971 1162 2015 formula
1179 1973 1442 2022 collegiorum
1457 1976 1800 2013 instituendorum
1819 1989 1886 2014 no·

293 2045 398 2070 scere
415 2033 540 2080 cupit:
563 2033 610 2068 de
629 2032 678 2068 P.
695 2032 817 2068 Petro
836 2031 999 2078 Haupt:
1025 2032 1072 2067 de
1087 2031 1281 2078 juvanda
1309 2031 1550 2070 Germania:
1568 2036 1616 2071 de
1640 2036 1886 2073 absolutione

290 2093 598 2129 haereticorum:
612 2092 660 2127 de
668 2091 872 2127 dotatione
882 2090 1024 2126 domus
1034 2091 1383 2138 probationis—7.
1395 2093 1582 2130 Delectus
1594 2095 1886 2131 mittendorum

292 2153 477 2188 Romam:
492 2152 539 2188 de
554 2151 603 2187 P.
620 2151 741 2186 Petro
758 2150 882 2185 Phae:
896 2149 1081 2197 pontifex
1099 2149 1318 2187 Germanis
1325 2151 1460 2199 favet:
1476 2154 1524 2189 de
1541 2154 1675 2189 sodale
1694 2155 1884 2202 Baptista

289 2215 460 2248 sartore:
473 2211 656 2247 sacerdos
671 2211 865 2256 hispanus
887 2209 1138 2245 Vindobonae
1155 2209 1472 2247 desideratur.-
1482 2213 1525 2248 8.
1546 2213 1797 2249 Documenta
1805 2217 1884 2261 pro

292 2271 378 2307 vita
392 2271 434 2306 S.
457 2270 614 2318 Ignatii
626 2268 906 2305 conscribenda
920 2281 946 2304 a
959 2269 1117 2315 Borgia
1130 2269 1408 2315 postulantur:
1426 2270 1673 2308 Germaniae
1687 2273 1883 2321 catalogi:

290 2331 432 2365 domus
445 2329 818 2364 catechumenorum
832 2327 997 2363 Romae:
1022 2327 1297 2373 inquisitionis
1313 2329 1511 2366 tribunal:
1525 2331 1740 2378 collegium
1757 2330 1883 2368 Socie-

293 2389 404 2425 tatis:
423 2388 568 2435 praxis
584 2387 732 2422 orandi
748 2386 793 2422 in
814 2385 1039 2422 Germania
1049 2384 1250 2433 fovenda:
1270 2387 1318 2423 de
1334 2388 1491 2425 doctore
1515 2389 1674 2425 Torres:
1696 2392 1880 2425 votorum

292 2448 493 2484 relaxatio
507 2450 584 2494 pro
601 2447 667 2488 iis,
691 2447 762 2492 qui
783 2446 1065 2481 dimittuntur:
1089 2457 1145 2480 an
1167 2446 1352 2484 catholici
1373 2449 1508 2485 adesse
1526 2450 1682 2496 possint
1707 2450 1883 2496 exequiis

291 2508 692 2549 haereticoram.—9.
725 2505 873 2541 Vinum
902 2516 1011 2551 aqua
1035 2505 1358 2551 temperandum:
1382 2507 1430 2543 de
1453 2508 1699 2555 hipocausto:
1723 2508 1883 2556 dialogi

293 2568 343 2602 P.
364 2566 653 2602 Ribadeneirae
670 2565 718 2600 de
731 2563 927 2612 profugis
943 2575 962 2599 e
982 2563 1195 2599 Societate:
1212 2564 1261 2600 de
1279 2565 1330 2601 P.
1349 2565 1568 2602 Schoritio:
1588 2567 1751 2602 Natalis
1771 2566 1880 2603 Colo-

286 2614 407 2662 'niam
421 2626 542 2673 petit:
565 2623 798 2661 trevirensis
815 2622 1101 2669 archiepiscopi
1118 2621 1262 2658 obitus.

339 2716 376 2748 1.
435 2705 566 2762 Jhus.
593 2702 737 2747 Molto
758 2701 873 2745 Rdo.
900 2701 953 2743 P.
980 2700 1037 2743 N.
1064 2698 1111 2742 in
1139 2699 1337 2745 Christo.
1369 2703 1466 2745 Pax
1494 2702 1682 2756 Christi,
1714 2710 1803 2747 etc.
1829 2705 1879 2748 In

316 2862 328 2885 ¹
378 2862 436 2897 Ex
458 2862 682 2908 archetypo,
713 2871 735 2895 a
765 2859 943 2906 Jimenez
974 2862 1149 2903 exarato,
1176 2862 1217 2892 et
1246 2857 1398 2895 Natalis
1425 2871 1542 2895 manu
1572 2859 1806 2907 subscripto,
1838 2861 1878 2897 in

243 2921 374 2969 Epist.
393 2920 551 2963 Natal.‚
572 2920 624 2963 ΙΙ,
642 2917 884 2966 quadruplici
901 2916 984 2959 fol„
1008 2923 1071 2961 171
1091 2915 1298 2961 (520·523).
1321 2917 1423 2954 Vide
1441 2918 1556 2966 epist.
1582 2926 1667 2964 454,
1687 2926 1770 2966 455,
1790 2920 1876 2967 458,

242 2980 327 3027 461,
344 2984 384 3016 et
400 2980 483 3026 462,
495 2978 637 3026 quibus
650 2979 723 3014 hae
736 2978 894 3014 litterae
906 2974 1162 3022 respondent.
1183 2975 1313 3021 Plura,
1328 2988 1453 3024 eaque
1467 2977 1626 3013 minime
1640 2978 1875 3026 spernenda,

244 3039 477 3075 documenta
493 3038 533 3074 in
549 3038 622 3073 hac
638 3036 802 3084 epistola
824 3047 846 3071 a
870 3034 1000 3071 Natali
1020 3033 1131 3070 nobis
1154 3033 1291 3071 relicta
1313 3041 1418 3079 sunt,
1437 3036 1579 3084 quibus
1607 3037 1815 3074 Societatis
1835 3038 1874 3075 in

247 3097 457 3135 Germania
473 3096 634 3133 historia
650 3095 765 3132 ditari
782 3094 940 3143 poterit.

427 3162 544 3191 Ernst.
566 3161 604 3190 Ρ.
626 3160 759 3194 Naxon..
778 3167 853 3188 rou.
874 3158 934 3187 111.
1491 3150 1495 3153 ⁴
1664 3161 1704 3190 2⁴
