<?xml version="1.0" encoding="UTF-8"?>
<!DOCTYPE html PUBLIC "-//W3C//DTD XHTML 1.0 Transitional//EN"
    "http://www.w3.org/TR/xhtml1/DTD/xhtml1-transitional.dtd">
<html xmlns="http://www.w3.org/1999/xhtml" xml:lang="en" lang="en">
 <head>
  <title>
</title>
<meta http-equiv="Content-Type" content="text/html;charset=utf-8" />
  <meta name='ocr-system' content='tesseract 3.04.00' />
  <meta name='ocr-capabilities' content='ocr_page ocr_carea ocr_par ocr_line ocrx_word'/>
</head>
<body>
  <div class='ocr_page' id='page_1' title='image "./epistolaephieron03nadauoft_0824.png"; bbox 0 0 2228 3548; ppageno 0'>
   <div class='ocr_carea' id='block_1_1' title="bbox 412 279 1384 329">
    <p class='ocr_par' dir='ltr' id='par_1_1' title="bbox 412 279 1384 329">
     <span class='ocr_line' id='line_1_1' title="bbox 412 279 1384 329; baseline -0.004 -10"><span class='ocrx_word' id='word_1_1' title='bbox 412 284 481 329; x_wconf 91' lang='lat'>786</span> <span class='ocrx_word' id='word_1_2' title='bbox 993 282 1132 316; x_wconf 74' lang='lat' dir='ltr'>Epis‘r.</span> <span class='ocrx_word' id='word_1_3' title='bbox 1160 280 1204 314; x_wconf 90' lang='lat' dir='ltr'><strong>P.</strong></span> <span class='ocrx_word' id='word_1_4' title='bbox 1233 279 1384 315; x_wconf 81' lang='lat' dir='ltr'>NADAL</span> 
     </span>
    </p>
   </div>
   <div class='ocr_carea' id='block_1_2' title="bbox 359 379 2000 794">
    <p class='ocr_par' dir='ltr' id='par_1_2' title="bbox 359 379 2000 794">
     <span class='ocr_line' id='line_1_2' title="bbox 365 379 2000 439; baseline 0 -12"><span class='ocrx_word' id='word_1_5' title='bbox 365 399 487 427; x_wconf 91' lang='lat' dir='ltr'>mum</span> <span class='ocrx_word' id='word_1_6' title='bbox 505 383 702 439; x_wconf 88' lang='lat' dir='ltr'>quidem,</span> <span class='ocrx_word' id='word_1_7' title='bbox 724 383 846 438; x_wconf 91' lang='lat' dir='ltr'>quod</span> <span class='ocrx_word' id='word_1_8' title='bbox 868 395 980 438; x_wconf 89' lang='lat' dir='ltr'>erga</span> <span class='ocrx_word' id='word_1_9' title='bbox 1001 380 1206 437; x_wconf 86' lang='lat' dir='ltr'><strong>spirense</strong></span> <span class='ocrx_word' id='word_1_10' title='bbox 1228 379 1473 437; x_wconf 84' lang='lat' dir='ltr'>collegium</span> <span class='ocrx_word' id='word_1_11' title='bbox 1496 379 1610 424; x_wconf 92' lang='lat' dir='ltr'>adeo</span> <span class='ocrx_word' id='word_1_12' title='bbox 1631 379 1884 437; x_wconf 91' lang='lat' dir='ltr'>benignum</span> <span class='ocrx_word' id='word_1_13' title='bbox 1899 395 2000 428; x_wconf 88' lang='lat' dir='ltr'>sese</span> 
     </span>
     <span class='ocr_line' id='line_1_3' title="bbox 363 439 1994 498; baseline -0.001 -12"><span class='ocrx_word' id='word_1_14' title='bbox 363 442 625 494; x_wconf 88' lang='lat' dir='ltr'>ostenderit,</span> <span class='ocrx_word' id='word_1_15' title='bbox 641 441 864 498; x_wconf 90' lang='lat' dir='ltr'>quodiam</span> <span class='ocrx_word' id='word_1_16' title='bbox 881 440 1063 484; x_wconf 91' lang='lat' dir='ltr'>tandem</span> <span class='ocrx_word' id='word_1_17' title='bbox 1081 439 1266 483; x_wconf 89' lang='lat' dir='ltr'>omnino</span> <span class='ocrx_word' id='word_1_18' title='bbox 1279 453 1413 496; x_wconf 89' lang='lat' dir='ltr'>spero</span> <span class='ocrx_word' id='word_1_19' title='bbox 1427 439 1685 492; x_wconf 87' lang='lat' dir='ltr'>fundatum,</span> <span class='ocrx_word' id='word_1_20' title='bbox 1699 446 1745 483; x_wconf 91' lang='lat' dir='ltr'>et</span> <span class='ocrx_word' id='word_1_21' title='bbox 1763 441 1854 484; x_wconf 90' lang='lat' dir='ltr'>aV.</span> <span class='ocrx_word' id='word_1_22' title='bbox 1872 441 1926 484; x_wconf 88' lang='lat' dir='ltr'>R.</span> <span class='ocrx_word' id='word_1_23' title='bbox 1940 443 1994 485; x_wconf 93' lang='lat' dir='ltr'>P.</span> 
     </span>
     <span class='ocr_line' id='line_1_4' title="bbox 360 498 1994 556; baseline -0.001 -12"><span class='ocrx_word' id='word_1_24' title='bbox 360 508 660 556; x_wconf 87' lang='lat' dir='ltr'>acceptatum,</span> <span class='ocrx_word' id='word_1_25' title='bbox 686 507 924 556; x_wconf 86' lang='lat' dir='ltr'>postquam</span> <span class='ocrx_word' id='word_1_26' title='bbox 954 500 1012 542; x_wconf 93' lang='lat' dir='ltr'>ad</span> <span class='ocrx_word' id='word_1_27' title='bbox 1035 499 1271 542; x_wconf 89' lang='lat' dir='ltr'>formulam</span> <span class='ocrx_word' id='word_1_28' title='bbox 1294 514 1320 542; x_wconf 91' lang='lat' dir='ltr'>a</span> <span class='ocrx_word' id='word_1_29' title='bbox 1342 500 1397 542; x_wconf 89' lang='lat' dir='ltr'>R.</span> <span class='ocrx_word' id='word_1_30' title='bbox 1424 500 1475 542; x_wconf 93' lang='lat' dir='ltr'>P.</span> <span class='ocrx_word' id='word_1_31' title='bbox 1498 498 1650 542; x_wconf 89' lang='lat' dir='ltr'>Natali</span> <span class='ocrx_word' id='word_1_32' title='bbox 1670 499 1994 556; x_wconf 85' lang='lat' dir='ltr'><strong>praescriptam</strong></span> 
     </span>
     <span class='ocr_line' id='line_1_5' title="bbox 361 558 1993 616; baseline 0 -13"><span class='ocrx_word' id='word_1_33' title='bbox 361 561 626 603; x_wconf 90' lang='lat' dir='ltr'>conclusum</span> <span class='ocrx_word' id='word_1_34' title='bbox 648 559 723 612; x_wconf 89' lang='lat' dir='ltr'>sit,</span> <span class='ocrx_word' id='word_1_35' title='bbox 743 566 790 603; x_wconf 81' lang='lat' dir='ltr'>et</span> <span class='ocrx_word' id='word_1_36' title='bbox 805 559 1051 616; x_wconf 81' lang='lat' dir='ltr'>diplomate</span> <span class='ocrx_word' id='word_1_37' title='bbox 1068 573 1250 614; x_wconf 91' lang='lat' dir='ltr'>quoque</span> <span class='ocrx_word' id='word_1_38' title='bbox 1266 564 1482 603; x_wconf 89' lang='lat' dir='ltr'>testatum</span> <span class='ocrx_word' id='word_1_39' title='bbox 1499 572 1578 615; x_wconf 93' lang='lat' dir='ltr'>per</span> <span class='ocrx_word' id='word_1_40' title='bbox 1593 558 1852 615; x_wconf 83' lang='lat' dir='ltr'>generalem</span> <span class='ocrx_word' id='word_1_41' title='bbox 1869 558 1993 615; x_wconf 92' lang='lat' dir='ltr'>ipso-</span> 
     </span>
     <span class='ocr_line' id='line_1_6' title="bbox 361 617 1992 675; baseline -0.001 -13"><span class='ocrx_word' id='word_1_42' title='bbox 361 634 460 662; x_wconf 89' lang='lat' dir='ltr'>rum</span> <span class='ocrx_word' id='word_1_43' title='bbox 483 618 804 662; x_wconf 89' lang='lat' dir='ltr'>canonicorum</span> <span class='ocrx_word' id='word_1_44' title='bbox 828 617 1247 675; x_wconf 86' lang='lat' dir='ltr'>congregationem.</span> <span class='ocrx_word' id='word_1_45' title='bbox 1273 619 1372 662; x_wconf 89' lang='lat' dir='ltr'>Deo</span> <span class='ocrx_word' id='word_1_46' title='bbox 1400 625 1493 674; x_wconf 89' lang='lat' dir='ltr'>opt.</span> <span class='ocrx_word' id='word_1_47' title='bbox 1519 631 1640 660; x_wconf 88' lang='lat' dir='ltr'>max.</span> <span class='ocrx_word' id='word_1_48' title='bbox 1666 617 1725 660; x_wconf 91' lang='lat' dir='ltr'>sit</span> <span class='ocrx_word' id='word_1_49' title='bbox 1751 618 1851 661; x_wconf 92' lang='lat' dir='ltr'>laus</span> <span class='ocrx_word' id='word_1_50' title='bbox 1871 632 1992 663; x_wconf 91' lang='lat' dir='ltr'>sem-</span> 
     </span>
     <span class='ocr_line' id='line_1_7' title="bbox 360 676 1992 734; baseline 0 -14"><span class='ocrx_word' id='word_1_51' title='bbox 360 678 550 734; x_wconf 89' lang='lat' dir='ltr'>piterna.</span> <span class='ocrx_word' id='word_1_52' title='bbox 571 677 749 723; x_wconf 90' lang='lat' dir='ltr'>Deinde</span> <span class='ocrx_word' id='word_1_53' title='bbox 765 693 984 734; x_wconf 88' lang='lat' dir='ltr'>magnum</span> <span class='ocrx_word' id='word_1_54' title='bbox 1002 677 1273 721; x_wconf 88' lang='lat' dir='ltr'>beneficium</span> <span class='ocrx_word' id='word_1_55' title='bbox 1291 676 1452 721; x_wconf 91' lang='lat' dir='ltr'>merito</span> <span class='ocrx_word' id='word_1_56' title='bbox 1473 683 1754 733; x_wconf 90' lang='lat' dir='ltr'>reputamus,</span> <span class='ocrx_word' id='word_1_57' title='bbox 1774 678 1896 733; x_wconf 92' lang='lat' dir='ltr'>quod</span> <span class='ocrx_word' id='word_1_58' title='bbox 1911 691 1992 734; x_wconf 90' lang='lat' dir='ltr'>per</span> 
     </span>
     <span class='ocr_line' id='line_1_8' title="bbox 359 735 1993 794; baseline -0.001 -13"><span class='ocrx_word' id='word_1_59' title='bbox 359 739 413 781; x_wconf 91' lang='lat' dir='ltr'>R.</span> <span class='ocrx_word' id='word_1_60' title='bbox 441 740 493 780; x_wconf 87' lang='lat' dir='ltr'>P.</span> <span class='ocrx_word' id='word_1_61' title='bbox 522 738 730 782; x_wconf 82' lang='lat' dir='ltr'>Natalem</span> <span class='ocrx_word' id='word_1_62' title='bbox 751 752 837 781; x_wconf 93' lang='lat' dir='ltr'>suo</span> <span class='ocrx_word' id='word_1_63' title='bbox 858 737 1041 782; x_wconf 91' lang='lat' dir='ltr'>nomine</span> <span class='ocrx_word' id='word_1_64' title='bbox 1057 736 1241 781; x_wconf 90' lang='lat' dir='ltr'>visitare</span> <span class='ocrx_word' id='word_1_65' title='bbox 1258 735 1505 794; x_wconf 84' lang='lat' dir='ltr'>collegium</span> <span class='ocrx_word' id='word_1_66' title='bbox 1521 738 1610 780; x_wconf 92' lang='lat' dir='ltr'>hoc</span> <span class='ocrx_word' id='word_1_67' title='bbox 1626 736 1876 792; x_wconf 92' lang='lat' dir='ltr'>iuuareque</span> <span class='ocrx_word' id='word_1_68' title='bbox 1893 743 1993 780; x_wconf 90' lang='lat' dir='ltr'>stu-</span> 
     </span>
    </p>
   </div>
   <div class='ocr_carea' id='block_1_3' title="bbox 360 795 925 854">
    <p class='ocr_par' dir='ltr' id='par_1_3' title="bbox 360 795 925 854">
     <span class='ocr_line' id='line_1_9' title="bbox 360 795 925 854; baseline 0.002 -15"><span class='ocrx_word' id='word_1_69' title='bbox 360 795 433 840; x_wconf 92' lang='lat' dir='ltr'>dia</span> <span class='ocrx_word' id='word_1_70' title='bbox 455 804 609 840; x_wconf 91' lang='lat' dir='ltr'>nostra</span> <span class='ocrx_word' id='word_1_71' title='bbox 630 796 820 854; x_wconf 89' lang='lat' dir='ltr'>dignata</span> <span class='ocrx_word' id='word_1_72' title='bbox 841 804 925 841; x_wconf 93' lang='lat' dir='ltr'>est.</span> 
     </span>
    </p>
   </div>
   <div class='ocr_carea' id='block_1_4' title="bbox 900 910 1451 1034">
    <p class='ocr_par' dir='ltr' id='par_1_4' title="bbox 900 910 1451 1034">
     <span class='ocr_line' id='line_1_10' title="bbox 1058 910 1296 954; baseline -0.004 -1"><span class='ocrx_word' id='word_1_73' title='bbox 1058 910 1296 954; x_wconf 91' lang='lat' dir='ltr'>XXXVIII</span> 
     </span>
     <span class='ocr_line' id='line_1_11' title="bbox 900 996 1451 1034; baseline -0.002 -1"><span class='ocrx_word' id='word_1_74' title='bbox 900 999 945 1033; x_wconf 94' lang='lat' dir='ltr'><strong>B.</strong></span> <span class='ocrx_word' id='word_1_75' title='bbox 974 997 1178 1034; x_wconf 89' lang='lat' dir='ltr'><strong>PETRUS</strong></span> <span class='ocrx_word' id='word_1_76' title='bbox 1203 996 1451 1034; x_wconf 92' lang='lat' dir='ltr'>CANISIUS</span> 
     </span>
    </p>
   </div>
   <div class='ocr_carea' id='block_1_5' title="bbox 726 1087 1624 1220">
    <p class='ocr_par' dir='ltr' id='par_1_5' title="bbox 726 1087 1624 1220">
     <span class='ocr_line' id='line_1_12' title="bbox 726 1087 1624 1127; baseline -0.001 -8"><span class='ocrx_word' id='word_1_77' title='bbox 726 1088 939 1119; x_wconf 85' lang='lat' dir='ltr'><strong>SANCTO</strong></span> <span class='ocrx_word' id='word_1_78' title='bbox 981 1087 1295 1118; x_wconf 82' lang='lat' dir='ltr'>FRANCISco</span> <span class='ocrx_word' id='word_1_79' title='bbox 1337 1088 1406 1118; x_wconf 84' lang='lat' dir='ltr'>DE</span> <span class='ocrx_word' id='word_1_80' title='bbox 1449 1087 1624 1127; x_wconf 82' lang='lat' dir='ltr'>BORJA</span> 
     </span>
     <span class='ocr_line' id='line_1_13' title="bbox 823 1162 1524 1220; baseline 0 -14"><span class='ocrx_word' id='word_1_81' title='bbox 823 1163 1081 1220; x_wconf 91' lang='lat' dir='ltr'>Herbipoli,</span> <span class='ocrx_word' id='word_1_82' title='bbox 1113 1176 1164 1207; x_wconf 90' lang='lat'>10</span> <span class='ocrx_word' id='word_1_83' title='bbox 1186 1162 1336 1207; x_wconf 89' lang='lat' dir='ltr'>Martii</span> <span class='ocrx_word' id='word_1_84' title='bbox 1363 1163 1472 1218; x_wconf 89' lang='lat'>1567</span> <span class='ocrx_word' id='word_1_85' title='bbox 1495 1164 1524 1206; x_wconf 84' lang='lat'><strong>¹.</strong></span> 
     </span>
    </p>
   </div>
   <div class='ocr_carea' id='block_1_6' title="bbox 438 1251 1906 1358">
    <p class='ocr_par' dir='ltr' id='par_1_6' title="bbox 438 1251 1906 1358">
     <span class='ocr_line' id='line_1_14' title="bbox 438 1251 1906 1300; baseline -0.001 -12"><span class='ocrx_word' id='word_1_86' title='bbox 438 1252 497 1288; x_wconf 80' lang='lat' dir='ltr'>De</span> <span class='ocrx_word' id='word_1_87' title='bbox 514 1252 711 1298; x_wconf 84' lang='lat' dir='ltr'>facultate</span> <span class='ocrx_word' id='word_1_88' title='bbox 728 1252 905 1298; x_wconf 78' lang='lat' dir='ltr'>relapsos</span> <span class='ocrx_word' id='word_1_89' title='bbox 922 1252 966 1287; x_wconf 86' lang='lat' dir='ltr'>in</span> <span class='ocrx_word' id='word_1_90' title='bbox 982 1252 1179 1288; x_wconf 82' lang='lat' dir='ltr'>haeresim</span> <span class='ocrx_word' id='word_1_91' title='bbox 1198 1251 1442 1287; x_wconf 80' lang='lat' dir='ltr'>absolvendi:</span> <span class='ocrx_word' id='word_1_92' title='bbox 1460 1252 1508 1288; x_wconf 83' lang='lat' dir='ltr'>de</span> <span class='ocrx_word' id='word_1_93' title='bbox 1525 1252 1728 1288; x_wconf 83' lang='lat' dir='ltr'>dotatione</span> <span class='ocrx_word' id='word_1_94' title='bbox 1745 1251 1906 1300; x_wconf 87' lang='lat' dir='ltr'>collegii</span> 
     </span>
     <span class='ocr_line' id='line_1_15' title="bbox 1064 1311 1287 1358; baseline 0 -12"><span class='ocrx_word' id='word_1_95' title='bbox 1064 1311 1287 1358; x_wconf 84' lang='lat' dir='ltr'>dilingani.</span> 
     </span>
    </p>
   </div>
   <div class='ocr_carea' id='block_1_7' title="bbox 288 1368 1985 2688">
    <p class='ocr_par' dir='ltr' id='par_1_7' title="bbox 1019 1368 1891 1383">
     <span class='ocr_line' id='line_1_16' title="bbox 1019 1368 1891 1383; baseline 0.001 -10"><span class='ocrx_word' id='word_1_96' title='bbox 1019 1368 1034 1383; x_wconf 69' lang='lat'><em>‚</em></span> <span class='ocrx_word' id='word_1_97' title='bbox 1887 1370 1891 1374; x_wconf 80' lang='lat'>.</span> 
     </span>
    </p>

    <p class='ocr_par' dir='ltr' id='par_1_8' title="bbox 288 1386 1985 2688">
     <span class='ocr_line' id='line_1_17' title="bbox 443 1386 1985 1446; baseline 0 -14"><span class='ocrx_word' id='word_1_98' title='bbox 443 1388 616 1445; x_wconf 90' lang='lat' dir='ltr'>Accepi</span> <span class='ocrx_word' id='word_1_99' title='bbox 632 1402 749 1444; x_wconf 89' lang='lat' dir='ltr'>quae</span> <span class='ocrx_word' id='word_1_100' title='bbox 765 1388 941 1444; x_wconf 82' lang='lat' dir='ltr'>scripsit</span> <span class='ocrx_word' id='word_1_101' title='bbox 958 1389 1014 1431; x_wconf 92' lang='lat' dir='ltr'>ad</span> <span class='ocrx_word' id='word_1_102' title='bbox 1025 1402 1096 1431; x_wconf 87' lang='lat' dir='ltr'>me</span> <span class='ocrx_word' id='word_1_103' title='bbox 1115 1390 1230 1431; x_wconf 69' lang='lat' dir='ltr'><strong>P.‘a⁸</strong></span> <span class='ocrx_word' id='word_1_104' title='bbox 1244 1386 1330 1431; x_wconf 68' lang='lat' dir='ltr'><strong>V.⁸</strong></span> <span class='ocrx_word' id='word_1_105' title='bbox 1349 1387 1416 1431; x_wconf 86' lang='lat'><strong>8.⁰</strong></span> <span class='ocrx_word' id='word_1_106' title='bbox 1434 1395 1479 1432; x_wconf 91' lang='lat' dir='ltr'>et</span> <span class='ocrx_word' id='word_1_107' title='bbox 1497 1387 1826 1446; x_wconf 84' lang='lat' dir='ltr'>25.⁰Januarij.</span> <span class='ocrx_word' id='word_1_108' title='bbox 1847 1389 1985 1445; x_wconf 81' lang='lat' dir='ltr'>Quod</span> 
     </span>
     <span class='ocr_line' id='line_1_18' title="bbox 353 1446 1985 1503; baseline 0.001 -12"><span class='ocrx_word' id='word_1_109' title='bbox 353 1449 410 1492; x_wconf 91' lang='lat' dir='ltr'>ad</span> <span class='ocrx_word' id='word_1_110' title='bbox 429 1448 689 1492; x_wconf 86' lang='lat' dir='ltr'>facultatem</span> <span class='ocrx_word' id='word_1_111' title='bbox 706 1449 902 1503; x_wconf 90' lang='lat' dir='ltr'>relapsos</span> <span class='ocrx_word' id='word_1_112' title='bbox 921 1447 992 1490; x_wconf 91' lang='lat' dir='ltr'>hic</span> <span class='ocrx_word' id='word_1_113' title='bbox 1010 1446 1293 1500; x_wconf 91' lang='lat' dir='ltr'>absoluendi,</span> <span class='ocrx_word' id='word_1_114' title='bbox 1313 1447 1459 1490; x_wconf 88' lang='lat' dir='ltr'>sentio</span> <span class='ocrx_word' id='word_1_115' title='bbox 1477 1447 1596 1491; x_wconf 90' lang='lat' dir='ltr'>idem</span> <span class='ocrx_word' id='word_1_116' title='bbox 1613 1448 1734 1503; x_wconf 91' lang='lat' dir='ltr'>quod</span> <span class='ocrx_word' id='word_1_117' title='bbox 1752 1449 1800 1491; x_wconf 89' lang='lat' dir='ltr'>R.</span> <span class='ocrx_word' id='word_1_118' title='bbox 1823 1450 1875 1492; x_wconf 92' lang='lat' dir='ltr'>P.</span> <span class='ocrx_word' id='word_1_119' title='bbox 1895 1449 1985 1492; x_wconf 92' lang='lat' dir='ltr'>Na-</span> 
     </span>
     <span class='ocr_line' id='line_1_19' title="bbox 354 1506 1984 1564; baseline 0.001 -14"><span class='ocrx_word' id='word_1_120' title='bbox 354 1507 470 1560; x_wconf 90' lang='lat' dir='ltr'>talis,</span> <span class='ocrx_word' id='word_1_121' title='bbox 496 1506 736 1564; x_wconf 86' lang='lat' dir='ltr'>largiorem</span> <span class='ocrx_word' id='word_1_122' title='bbox 758 1506 1138 1562; x_wconf 78' lang='lat' dir='ltr'>dispensationem</span> <span class='ocrx_word' id='word_1_123' title='bbox 1162 1506 1293 1550; x_wconf 89' lang='lat' dir='ltr'>nobis</span> <span class='ocrx_word' id='word_1_124' title='bbox 1314 1506 1616 1551; x_wconf 86' lang='lat' dir='ltr'>necessariam</span> <span class='ocrx_word' id='word_1_125' title='bbox 1634 1522 1748 1551; x_wconf 90' lang='lat' dir='ltr'>esse.</span> <span class='ocrx_word' id='word_1_126' title='bbox 1771 1509 1867 1551; x_wconf 88' lang='lat' dir='ltr'>Nec</span> <span class='ocrx_word' id='word_1_127' title='bbox 1885 1507 1984 1551; x_wconf 86' lang='lat' dir='ltr'>ido-</span> 
     </span>
     <span class='ocr_line' id='line_1_20' title="bbox 353 1566 1984 1620; baseline 0 -10"><span class='ocrx_word' id='word_1_128' title='bbox 353 1566 427 1610; x_wconf 90' lang='lat' dir='ltr'>nei</span> <span class='ocrx_word' id='word_1_129' title='bbox 449 1574 557 1609; x_wconf 91' lang='lat' dir='ltr'>sunt</span> <span class='ocrx_word' id='word_1_130' title='bbox 578 1573 778 1610; x_wconf 87' lang='lat' dir='ltr'>rectores</span> <span class='ocrx_word' id='word_1_131' title='bbox 800 1567 856 1609; x_wconf 91' lang='lat' dir='ltr'>ad</span> <span class='ocrx_word' id='word_1_132' title='bbox 878 1581 975 1609; x_wconf 90' lang='lat' dir='ltr'>eam</span> <span class='ocrx_word' id='word_1_133' title='bbox 998 1567 1317 1618; x_wconf 87' lang='lat' dir='ltr'>exercendam,</span> <span class='ocrx_word' id='word_1_134' title='bbox 1344 1580 1435 1609; x_wconf 90' lang='lat' dir='ltr'>non</span> <span class='ocrx_word' id='word_1_135' title='bbox 1463 1566 1622 1609; x_wconf 92' lang='lat' dir='ltr'>doctor</span> <span class='ocrx_word' id='word_1_136' title='bbox 1645 1566 1865 1620; x_wconf 90' lang='lat' dir='ltr'>Lanoius,</span> <span class='ocrx_word' id='word_1_137' title='bbox 1892 1581 1984 1610; x_wconf 92' lang='lat' dir='ltr'>non</span> 
     </span>
     <span class='ocr_line' id='line_1_21' title="bbox 355 1625 1982 1682; baseline -0.001 -12"><span class='ocrx_word' id='word_1_138' title='bbox 355 1628 408 1670; x_wconf 93' lang='grc' dir='ltr'>Ρ</span> <span class='ocrx_word' id='word_1_139' title='bbox 429 1625 746 1678; x_wconf 69' lang='lat' dir='ltr'>Dominicus2,</span> <span class='ocrx_word' id='word_1_140' title='bbox 767 1640 857 1668; x_wconf 86' lang='lat' dir='ltr'>non</span> <span class='ocrx_word' id='word_1_141' title='bbox 876 1626 1043 1668; x_wconf 80' lang='lat' dir='ltr'>frater³</span> <span class='ocrx_word' id='word_1_142' title='bbox 1063 1625 1214 1677; x_wconf 90' lang='lat' dir='ltr'>etiam,</span> <span class='ocrx_word' id='word_1_143' title='bbox 1230 1625 1307 1680; x_wconf 90' lang='lat' dir='ltr'>qui</span> <span class='ocrx_word' id='word_1_144' title='bbox 1324 1632 1403 1669; x_wconf 90' lang='lat' dir='ltr'>aut</span> <span class='ocrx_word' id='word_1_145' title='bbox 1419 1625 1611 1681; x_wconf 90' lang='lat' dir='ltr'>imperiti</span> <span class='ocrx_word' id='word_1_146' title='bbox 1629 1633 1736 1669; x_wconf 92' lang='lat' dir='ltr'>sunt</span> <span class='ocrx_word' id='word_1_147' title='bbox 1752 1626 1982 1682; x_wconf 87' lang='lat' dir='ltr'>germani-</span> 
     </span>
     <span class='ocr_line' id='line_1_22' title="bbox 352 1685 1980 1752; baseline -0.001 -23"><span class='ocrx_word' id='word_1_148' title='bbox 352 1699 433 1729; x_wconf 89' lang='lat' dir='ltr'>cae</span> <span class='ocrx_word' id='word_1_149' title='bbox 450 1686 650 1741; x_wconf 82' lang='lat' dir='ltr'>linguae,</span> <span class='ocrx_word' id='word_1_150' title='bbox 665 1692 742 1728; x_wconf 89' lang='lat' dir='ltr'>aut</span> <span class='ocrx_word' id='word_1_151' title='bbox 759 1685 927 1727; x_wconf 84' lang='lat' dir='ltr'>nullam</span> <span class='ocrx_word' id='word_1_152' title='bbox 946 1686 1113 1729; x_wconf 90' lang='lat' dir='ltr'>habent</span> <span class='ocrx_word' id='word_1_153' title='bbox 1129 1685 1494 1729; x_wconf 86' lang='lat' dir='ltr'>commoditatem</span> <span class='ocrx_word' id='word_1_154' title='bbox 1512 1699 1617 1728; x_wconf 90' lang='lat' dir='ltr'>cum</span> <span class='ocrx_word' id='word_1_155' title='bbox 1634 1685 1820 1752; x_wconf 89' lang='lat' dir='ltr'>relapsis</span> <span class='ocrx_word' id='word_1_156' title='bbox 1837 1699 1980 1742; x_wconf 90' lang='lat' dir='ltr'>agen-</span> 
     </span>
     <span class='ocr_line' id='line_1_23' title="bbox 353 1723 1978 1800; baseline 0 -12"><span class='ocrx_word' id='word_1_157' title='bbox 353 1745 434 1790; x_wconf 90' lang='lat' dir='ltr'>di..</span> <span class='ocrx_word' id='word_1_158' title='bbox 445 1723 659 1789; x_wconf 86' lang='lat' dir='ltr'>.Rmum.</span> <span class='ocrx_word' id='word_1_159' title='bbox 686 1744 702 1765; x_wconf 77' lang='lat'><strong>⁴</strong></span> <span class='ocrx_word' id='word_1_160' title='bbox 726 1744 944 1787; x_wconf 87' lang='lat' dir='ltr'>habemus</span> <span class='ocrx_word' id='word_1_161' title='bbox 966 1746 1193 1788; x_wconf 87' lang='lat' dir='ltr'>fauentem</span> <span class='ocrx_word' id='word_1_162' title='bbox 1217 1744 1362 1796; x_wconf 91' lang='lat' dir='ltr'>nobis,</span> <span class='ocrx_word' id='word_1_163' title='bbox 1389 1743 1465 1800; x_wconf 91' lang='lat' dir='ltr'>qui</span> <span class='ocrx_word' id='word_1_164' title='bbox 1488 1745 1621 1800; x_wconf 91' lang='lat' dir='ltr'>plane</span> <span class='ocrx_word' id='word_1_165' title='bbox 1642 1744 1767 1800; x_wconf 86' lang='lat' dir='ltr'>cupit</span> <span class='ocrx_word' id='word_1_166' title='bbox 1794 1759 1866 1788; x_wconf 89' lang='lat' dir='ltr'>me</span> <span class='ocrx_word' id='word_1_167' title='bbox 1887 1759 1978 1788; x_wconf 90' lang='lat' dir='ltr'>non</span> 
     </span>
     <span class='ocr_line' id='line_1_24' title="bbox 353 1803 1977 1859; baseline 0 -12"><span class='ocrx_word' id='word_1_168' title='bbox 353 1804 602 1857; x_wconf 84' lang='lat' dir='ltr'>discedere,</span> <span class='ocrx_word' id='word_1_169' title='bbox 627 1803 713 1847; x_wconf 88' lang='lat' dir='ltr'>nisi</span> <span class='ocrx_word' id='word_1_170' title='bbox 735 1803 927 1847; x_wconf 92' lang='lat' dir='ltr'>relicto</span> <span class='ocrx_word' id='word_1_171' title='bbox 917 1819 963 1845; x_wconf 93' lang='lat' dir='ltr'>1n</span> <span class='ocrx_word' id='word_1_172' title='bbox 990 1803 1152 1846; x_wconf 88' lang='lat' dir='ltr'>summi</span> <span class='ocrx_word' id='word_1_173' title='bbox 1182 1803 1335 1859; x_wconf 88' lang='lat' dir='ltr'>templi</span> <span class='ocrx_word' id='word_1_174' title='bbox 1363 1804 1577 1848; x_wconf 88' lang='lat' dir='ltr'>cathedra</span> <span class='ocrx_word' id='word_1_175' title='bbox 1604 1817 1899 1848; x_wconf 88' lang='lat' dir='ltr'>successore.</span> <span class='ocrx_word' id='word_1_176' title='bbox 1924 1818 1977 1847; x_wconf 93' lang='lat' dir='ltr'>ac</span> 
     </span>
     <span class='ocr_line' id='line_1_25' title="bbox 352 1862 1976 1920; baseline 0.001 -15"><span class='ocrx_word' id='word_1_177' title='bbox 352 1870 587 1920; x_wconf 88' lang='lat' dir='ltr'>praeterea</span> <span class='ocrx_word' id='word_1_178' title='bbox 604 1876 868 1918; x_wconf 89' lang='lat' dir='ltr'>responsum</span> <span class='ocrx_word' id='word_1_179' title='bbox 889 1864 940 1905; x_wconf 89' lang='lat' dir='ltr'>P.</span> <span class='ocrx_word' id='word_1_180' title='bbox 962 1864 1018 1906; x_wconf 92' lang='lat' dir='ltr'>V.</span> <span class='ocrx_word' id='word_1_181' title='bbox 1040 1862 1264 1907; x_wconf 84' lang='lat' dir='ltr'>desiderat</span> <span class='ocrx_word' id='word_1_182' title='bbox 1286 1863 1343 1905; x_wconf 94' lang='lat' dir='ltr'>de</span> <span class='ocrx_word' id='word_1_183' title='bbox 1360 1862 1593 1907; x_wconf 89' lang='lat' dir='ltr'>dotatione</span> <span class='ocrx_word' id='word_1_184' title='bbox 1609 1862 1786 1918; x_wconf 88' lang='lat' dir='ltr'>collegij</span> <span class='ocrx_word' id='word_1_185' title='bbox 1807 1863 1976 1907; x_wconf 88' lang='lat' dir='ltr'>admis-</span> 
     </span>
     <span class='ocr_line' id='line_1_26' title="bbox 351 1921 1970 1979; baseline 0 -13"><span class='ocrx_word' id='word_1_186' title='bbox 351 1937 400 1966; x_wconf 91' lang='lat' dir='ltr'>sa</span> <span class='ocrx_word' id='word_1_187' title='bbox 423 1931 559 1978; x_wconf 89' lang='lat' dir='ltr'>atque</span> <span class='ocrx_word' id='word_1_188' title='bbox 576 1922 780 1979; x_wconf 90' lang='lat' dir='ltr'>probata,</span> <span class='ocrx_word' id='word_1_189' title='bbox 806 1921 923 1964; x_wconf 90' lang='lat' dir='ltr'>sicut</span> <span class='ocrx_word' id='word_1_190' title='bbox 945 1922 1063 1965; x_wconf 92' lang='lat' dir='ltr'>illam</span> <span class='ocrx_word' id='word_1_191' title='bbox 1086 1924 1135 1965; x_wconf 91' lang='lat' dir='ltr'>P.</span> <span class='ocrx_word' id='word_1_192' title='bbox 1161 1921 1364 1966; x_wconf 90' lang='lat' dir='ltr'>visitator</span> <span class='ocrx_word' id='word_1_193' title='bbox 1386 1921 1565 1965; x_wconf 88' lang='lat' dir='ltr'>admisit</span> <span class='ocrx_word' id='word_1_194' title='bbox 1582 1927 1627 1966; x_wconf 92' lang='lat' dir='ltr'>et</span> <span class='ocrx_word' id='word_1_195' title='bbox 1644 1922 1970 1978; x_wconf 88' lang='lat' dir='ltr'>comprobauit.</span> 
     </span>
     <span class='ocr_line' id='line_1_27' title="bbox 352 1979 1975 2038; baseline -0.001 -11"><span class='ocrx_word' id='word_1_196' title='bbox 352 1983 597 2038; x_wconf 87' lang='lat' dir='ltr'>Speramus</span> <span class='ocrx_word' id='word_1_197' title='bbox 628 1980 716 2024; x_wconf 90' lang='lat' dir='ltr'>iam</span> <span class='ocrx_word' id='word_1_198' title='bbox 747 1979 897 2023; x_wconf 92' lang='lat' dir='ltr'>isthuc</span> <span class='ocrx_word' id='word_1_199' title='bbox 929 1996 1027 2025; x_wconf 92' lang='lat' dir='ltr'>esse</span> <span class='ocrx_word' id='word_1_200' title='bbox 1060 1982 1279 2037; x_wconf 88' lang='lat' dir='ltr'>perlatum</span> <span class='ocrx_word' id='word_1_201' title='bbox 1311 1981 1554 2024; x_wconf 88' lang='lat' dir='ltr'>dotationis</span> <span class='ocrx_word' id='word_1_202' title='bbox 1586 1995 1667 2025; x_wconf 89' lang='lat' dir='ltr'>seu</span> <span class='ocrx_word' id='word_1_203' title='bbox 1700 1982 1975 2026; x_wconf 88' lang='lat' dir='ltr'>fundationis</span> 
     </span>
     <span class='ocr_line' id='line_1_28' title="bbox 351 2040 1974 2096; baseline 0.001 -13"><span class='ocrx_word' id='word_1_204' title='bbox 351 2041 488 2084; x_wconf 92' lang='lat' dir='ltr'>huius</span> <span class='ocrx_word' id='word_1_205' title='bbox 520 2041 869 2084; x_wconf 88' lang='lat' dir='ltr'>instrumentum</span> <span class='ocrx_word' id='word_1_206' title='bbox 907 2040 1234 2084; x_wconf 87' lang='lat' dir='ltr'>authenticum.</span> <span class='ocrx_word' id='word_1_207' title='bbox 1267 2042 1366 2096; x_wconf 83' lang='lat' dir='ltr'>Ego</span> <span class='ocrx_word' id='word_1_208' title='bbox 1391 2055 1500 2084; x_wconf 92' lang='lat' dir='ltr'>uero</span> <span class='ocrx_word' id='word_1_209' title='bbox 1531 2041 1588 2083; x_wconf 93' lang='lat' dir='ltr'>ad</span> <span class='ocrx_word' id='word_1_210' title='bbox 1613 2042 1665 2083; x_wconf 90' lang='lat' dir='ltr'>P.</span> <span class='ocrx_word' id='word_1_211' title='bbox 1697 2041 1974 2084; x_wconf 89' lang='lat' dir='ltr'>visitatorem</span> 
     </span>
     <span class='ocr_line' id='line_1_29' title="bbox 351 2099 1976 2156; baseline 0.001 -13"><span class='ocrx_word' id='word_1_212' title='bbox 351 2100 527 2156; x_wconf 91' lang='lat' dir='ltr'>scripsi,</span> <span class='ocrx_word' id='word_1_213' title='bbox 553 2101 669 2143; x_wconf 92' lang='lat' dir='ltr'>forte</span> <span class='ocrx_word' id='word_1_214' title='bbox 697 2099 839 2142; x_wconf 89' lang='lat' dir='ltr'>tutius</span> <span class='ocrx_word' id='word_1_215' title='bbox 869 2099 1209 2155; x_wconf 89' lang='lat' dir='ltr'>consultiusque</span> <span class='ocrx_word' id='word_1_216' title='bbox 1237 2099 1367 2142; x_wconf 91' lang='lat' dir='ltr'>nobis</span> <span class='ocrx_word' id='word_1_217' title='bbox 1396 2100 1507 2154; x_wconf 87' lang='lat' dir='ltr'>fore,</span> <span class='ocrx_word' id='word_1_218' title='bbox 1532 2099 1571 2143; x_wconf 88' lang='lat' dir='ltr'>si</span> <span class='ocrx_word' id='word_1_219' title='bbox 1598 2114 1689 2143; x_wconf 92' lang='lat' dir='ltr'>non</span> <span class='ocrx_word' id='word_1_220' title='bbox 1718 2100 1862 2156; x_wconf 91' lang='lat' dir='ltr'>primo</span> <span class='ocrx_word' id='word_1_221' title='bbox 1882 2108 1976 2144; x_wconf 90' lang='lat' dir='ltr'>sta-</span> 
     </span>
     <span class='ocr_line' id='line_1_30' title="bbox 352 2158 1976 2215; baseline 0.001 -13"><span class='ocrx_word' id='word_1_222' title='bbox 352 2159 431 2202; x_wconf 91' lang='lat' dir='ltr'>tim</span> <span class='ocrx_word' id='word_1_223' title='bbox 454 2173 573 2203; x_wconf 91' lang='lat' dir='ltr'>anno</span> <span class='ocrx_word' id='word_1_224' title='bbox 596 2165 662 2201; x_wconf 89' lang='lat' dir='ltr'>tot</span> <span class='ocrx_word' id='word_1_225' title='bbox 684 2159 850 2202; x_wconf 85' lang='lat' dir='ltr'>classes</span> <span class='ocrx_word' id='word_1_226' title='bbox 873 2160 959 2201; x_wconf 90' lang='lat' dir='ltr'>hoc</span> <span class='ocrx_word' id='word_1_227' title='bbox 988 2160 1086 2202; x_wconf 93' lang='lat' dir='ltr'>loco</span> <span class='ocrx_word' id='word_1_228' title='bbox 1117 2158 1466 2212; x_wconf 87' lang='lat' dir='ltr'>instrueremus,</span> <span class='ocrx_word' id='word_1_229' title='bbox 1492 2173 1607 2215; x_wconf 92' lang='lat' dir='ltr'>quae</span> <span class='ocrx_word' id='word_1_230' title='bbox 1635 2174 1707 2203; x_wconf 91' lang='lat' dir='ltr'>res</span> <span class='ocrx_word' id='word_1_231' title='bbox 1728 2159 1876 2203; x_wconf 91' lang='lat' dir='ltr'>varias</span> <span class='ocrx_word' id='word_1_232' title='bbox 1903 2175 1976 2204; x_wconf 91' lang='lat' dir='ltr'>se-</span> 
     </span>
     <span class='ocr_line' id='line_1_31' title="bbox 350 2217 1975 2263; baseline 0.001 -2"><span class='ocrx_word' id='word_1_233' title='bbox 350 2233 454 2262; x_wconf 92' lang='lat' dir='ltr'>cum</span> <span class='ocrx_word' id='word_1_234' title='bbox 487 2219 660 2262; x_wconf 88' lang='lat' dir='ltr'>adferet</span> <span class='ocrx_word' id='word_1_235' title='bbox 695 2217 1035 2262; x_wconf 89' lang='lat' dir='ltr'>difficultates...</span> <span class='ocrx_word' id='word_1_236' title='bbox 1068 2220 1238 2262; x_wconf 88' lang='lat' dir='ltr'>Verum</span> <span class='ocrx_word' id='word_1_237' title='bbox 1271 2220 1382 2261; x_wconf 91' lang='lat' dir='ltr'>haec</span> <span class='ocrx_word' id='word_1_238' title='bbox 1415 2218 1586 2261; x_wconf 89' lang='lat' dir='ltr'>tardius</span> <span class='ocrx_word' id='word_1_239' title='bbox 1619 2233 1645 2261; x_wconf 94' lang='lat' dir='ltr'>a</span> <span class='ocrx_word' id='word_1_240' title='bbox 1676 2232 1748 2261; x_wconf 90' lang='lat' dir='ltr'>me</span> <span class='ocrx_word' id='word_1_241' title='bbox 1786 2219 1975 2263; x_wconf 89' lang='lat' dir='ltr'>fortasse</span> 
     </span>
     <span class='ocr_line' id='line_1_32' title="bbox 349 2276 1975 2333; baseline 0.001 -13"><span class='ocrx_word' id='word_1_242' title='bbox 349 2277 632 2321; x_wconf 88' lang='lat' dir='ltr'>nuntiantur.</span> <span class='ocrx_word' id='word_1_243' title='bbox 658 2276 834 2320; x_wconf 91' lang='lat' dir='ltr'>Deinde</span> <span class='ocrx_word' id='word_1_244' title='bbox 857 2278 907 2319; x_wconf 94' lang='lat' dir='ltr'>P.</span> <span class='ocrx_word' id='word_1_245' title='bbox 934 2277 1136 2320; x_wconf 88' lang='lat' dir='ltr'>visitator</span> <span class='ocrx_word' id='word_1_246' title='bbox 1156 2277 1248 2320; x_wconf 91' lang='lat' dir='ltr'>iam·</span> <span class='ocrx_word' id='word_1_247' title='bbox 1263 2284 1368 2321; x_wconf 91' lang='lat' dir='ltr'>ante</span> <span class='ocrx_word' id='word_1_248' title='bbox 1389 2277 1559 2333; x_wconf 89' lang='lat' dir='ltr'>recepit</span> <span class='ocrx_word' id='word_1_249' title='bbox 1579 2277 1903 2332; x_wconf 89' lang='lat' dir='ltr'>conditionem,</span> <span class='ocrx_word' id='word_1_250' title='bbox 1928 2285 1975 2322; x_wconf 93' lang='lat' dir='ltr'>et</span> 
     </span>
     <span class='ocr_line' id='line_1_33' title="bbox 348 2335 1972 2393; baseline 0.002 -14"><span class='ocrx_word' id='word_1_251' title='bbox 348 2337 552 2393; x_wconf 89' lang='lat' dir='ltr'>promisit</span> <span class='ocrx_word' id='word_1_252' title='bbox 573 2337 742 2387; x_wconf 92' lang='lat' dir='ltr'>adfore,</span> <span class='ocrx_word' id='word_1_253' title='bbox 768 2335 845 2390; x_wconf 84' lang='lat' dir='ltr'>qui</span> <span class='ocrx_word' id='word_1_254' title='bbox 868 2337 1056 2379; x_wconf 84' lang='lat' dir='ltr'>Octobri</span> <span class='ocrx_word' id='word_1_255' title='bbox 1080 2352 1232 2380; x_wconf 91' lang='lat' dir='ltr'>mense</span> <span class='ocrx_word' id='word_1_256' title='bbox 1253 2336 1361 2379; x_wconf 89' lang='lat' dir='ltr'>satis</span> <span class='ocrx_word' id='word_1_257' title='bbox 1382 2344 1533 2381; x_wconf 90' lang='lat' dir='ltr'>essent</span> <span class='ocrx_word' id='word_1_258' title='bbox 1550 2337 1606 2379; x_wconf 93' lang='lat' dir='ltr'>ad</span> <span class='ocrx_word' id='word_1_259' title='bbox 1622 2351 1787 2380; x_wconf 90' lang='lat' dir='ltr'>nouem</span> <span class='ocrx_word' id='word_1_260' title='bbox 1805 2338 1972 2382; x_wconf 89' lang='lat' dir='ltr'>classes</span> 
     </span>
     <span class='ocr_line' id='line_1_34' title="bbox 349 2395 1966 2450; baseline 0 -11"><span class='ocrx_word' id='word_1_261' title='bbox 349 2396 664 2440; x_wconf 91' lang='lat' dir='ltr'>instituendas.</span> <span class='ocrx_word' id='word_1_262' title='bbox 702 2397 937 2438; x_wconf 91' lang='lat' dir='ltr'>Praeterea</span> <span class='ocrx_word' id='word_1_263' title='bbox 969 2395 1196 2438; x_wconf 89' lang='lat' dir='ltr'>difficilius</span> <span class='ocrx_word' id='word_1_264' title='bbox 1229 2402 1298 2438; x_wconf 91' lang='lat' dir='ltr'>est</span> <span class='ocrx_word' id='word_1_265' title='bbox 1333 2395 1428 2440; x_wconf 89' lang='lat' dir='ltr'>fere</span> <span class='ocrx_word' id='word_1_266' title='bbox 1458 2397 1648 2440; x_wconf 92' lang='lat' dir='ltr'>lectores</span> <span class='ocrx_word' id='word_1_267' title='bbox 1684 2395 1966 2450; x_wconf 89' lang='lat' dir='ltr'>inferiorum,</span> 
     </span>
     <span class='ocr_line' id='line_1_35' title="bbox 348 2454 1968 2511; baseline 0.001 -13"><span class='ocrx_word' id='word_1_268' title='bbox 348 2470 483 2510; x_wconf 91' lang='lat' dir='ltr'>quam</span> <span class='ocrx_word' id='word_1_269' title='bbox 505 2454 787 2510; x_wconf 86' lang='lat' dir='ltr'>superiorum</span> <span class='ocrx_word' id='word_1_270' title='bbox 809 2454 1017 2497; x_wconf 90' lang='lat' dir='ltr'>classium</span> <span class='ocrx_word' id='word_1_271' title='bbox 1035 2456 1157 2507; x_wconf 90' lang='lat' dir='ltr'>dare,</span> <span class='ocrx_word' id='word_1_272' title='bbox 1177 2469 1257 2498; x_wconf 91' lang='lat' dir='ltr'>eos</span> <span class='ocrx_word' id='word_1_273' title='bbox 1273 2454 1394 2498; x_wconf 92' lang='lat' dir='ltr'>enim</span> <span class='ocrx_word' id='word_1_274' title='bbox 1411 2469 1651 2511; x_wconf 89' lang='lat' dir='ltr'>germanos</span> <span class='ocrx_word' id='word_1_275' title='bbox 1667 2469 1767 2500; x_wconf 90' lang='lat' dir='ltr'>esse</span> <span class='ocrx_word' id='word_1_276' title='bbox 1782 2470 1968 2500; x_wconf 89' lang='lat' dir='ltr'>necesse</span> 
     </span>
     <span class='ocr_line' id='line_1_36' title="bbox 346 2511 1967 2570; baseline 0 -12"><span class='ocrx_word' id='word_1_277' title='bbox 346 2522 431 2566; x_wconf 92' lang='lat' dir='ltr'>est,</span> <span class='ocrx_word' id='word_1_278' title='bbox 457 2528 650 2570; x_wconf 87' lang='lat' dir='ltr'>quorum</span> <span class='ocrx_word' id='word_1_279' title='bbox 673 2511 822 2568; x_wconf 89' lang='lat' dir='ltr'>inopia</span> <span class='ocrx_word' id='word_1_280' title='bbox 842 2512 888 2554; x_wconf 90' lang='lat' dir='ltr'>in</span> <span class='ocrx_word' id='word_1_281' title='bbox 909 2514 1112 2569; x_wconf 84' lang='lat' dir='ltr'>collegiis</span> <span class='ocrx_word' id='word_1_282' title='bbox 1127 2528 1263 2569; x_wconf 90' lang='lat' dir='ltr'>saepe</span> <span class='ocrx_word' id='word_1_283' title='bbox 1278 2514 1548 2557; x_wconf 90' lang='lat' dir='ltr'>laboramus.</span> <span class='ocrx_word' id='word_1_284' title='bbox 1571 2516 1696 2557; x_wconf 87' lang='lat' dir='ltr'>Haec</span> <span class='ocrx_word' id='word_1_285' title='bbox 1713 2514 1759 2556; x_wconf 89' lang='lat' dir='ltr'>in</span> <span class='ocrx_word' id='word_1_286' title='bbox 1777 2522 1967 2570; x_wconf 87' lang='lat' dir='ltr'>Vtraque</span> 
     </span>
     <span class='ocr_line' id='line_1_37' title="bbox 288 2572 1966 2631; baseline 0.001 -15"><span class='ocrx_word' id='word_1_287' title='bbox 288 2612 294 2620; x_wconf 83' lang='lat'><em>,</em></span> <span class='ocrx_word' id='word_1_288' title='bbox 346 2580 476 2630; x_wconf 88' lang='lat' dir='ltr'>parte</span> <span class='ocrx_word' id='word_1_289' title='bbox 503 2573 624 2615; x_wconf 90' lang='lat' dir='ltr'>dicta</span> <span class='ocrx_word' id='word_1_290' title='bbox 650 2572 762 2624; x_wconf 92' lang='lat' dir='ltr'>sint,</span> <span class='ocrx_word' id='word_1_291' title='bbox 787 2577 836 2613; x_wconf 85' lang='lat' dir='ltr'>vt</span> <span class='ocrx_word' id='word_1_292' title='bbox 863 2572 1030 2615; x_wconf 86' lang='lat' dir='ltr'>iudicet</span> <span class='ocrx_word' id='word_1_293' title='bbox 1061 2573 1229 2617; x_wconf 90' lang='lat' dir='ltr'>rectius</span> <span class='ocrx_word' id='word_1_294' title='bbox 1247 2575 1299 2617; x_wconf 93' lang='lat' dir='ltr'>P.</span> <span class='ocrx_word' id='word_1_295' title='bbox 1326 2574 1404 2627; x_wconf 89' lang='lat' dir='ltr'>V.,</span> <span class='ocrx_word' id='word_1_296' title='bbox 1429 2573 1560 2616; x_wconf 90' lang='lat' dir='ltr'>cuius</span> <span class='ocrx_word' id='word_1_297' title='bbox 1580 2587 1849 2629; x_wconf 91' lang='lat' dir='ltr'>responsum</span> <span class='ocrx_word' id='word_1_298' title='bbox 1877 2588 1966 2631; x_wconf 91' lang='lat' dir='ltr'>ego</span> 
     </span>
     <span class='ocr_line' id='line_1_38' title="bbox 345 2633 1267 2688; baseline 0.002 -13"><span class='ocrx_word' id='word_1_299' title='bbox 345 2647 449 2675; x_wconf 92' lang='lat' dir='ltr'>cum</span> <span class='ocrx_word' id='word_1_300' title='bbox 472 2634 601 2675; x_wconf 88' lang='lat' dir='ltr'>Rmo.</span> <span class='ocrx_word' id='word_1_301' title='bbox 629 2633 919 2674; x_wconf 89' lang='lat' dir='ltr'>uehementer</span> <span class='ocrx_word' id='word_1_302' title='bbox 939 2641 1126 2688; x_wconf 85' lang='lat' dir='ltr'>expecto</span> <span class='ocrx_word' id='word_1_303' title='bbox 1137 2666 1267 2678; x_wconf 86' lang='lat'>.....</span> 
     </span>
    </p>
   </div>
   <div class='ocr_carea' id='block_1_8' title="bbox 345 2717 627 2727">
    <p class='ocr_par' dir='ltr' id='par_1_9' title="bbox 345 2717 627 2727">
     <span class='ocr_line' id='line_1_39' title="bbox 345 2717 627 2727; baseline 0 0"><span class='ocrx_word' id='word_1_304' title='bbox 345 2717 627 2727; x_wconf 95' lang='lat' dir='ltr'> </span> 
     </span>
    </p>
   </div>
   <div class='ocr_carea' id='block_1_9' title="bbox 422 2759 1970 2809">
    <p class='ocr_par' dir='ltr' id='par_1_10' title="bbox 422 2759 1970 2809">
     <span class='ocr_line' id='line_1_40' title="bbox 422 2759 1970 2809; baseline 0.001 -12"><span class='ocrx_word' id='word_1_305' title='bbox 422 2765 433 2784; x_wconf 80' lang='lat'>¹</span> <span class='ocrx_word' id='word_1_306' title='bbox 483 2763 541 2797; x_wconf 87' lang='lat' dir='ltr'>Ex</span> <span class='ocrx_word' id='word_1_307' title='bbox 565 2760 819 2807; x_wconf 87' lang='lat' dir='ltr'>autographo,</span> <span class='ocrx_word' id='word_1_308' title='bbox 844 2759 884 2795; x_wconf 92' lang='lat' dir='ltr'>in</span> <span class='ocrx_word' id='word_1_309' title='bbox 908 2760 1036 2807; x_wconf 79' lang='lat' dir='ltr'>Epist.</span> <span class='ocrx_word' id='word_1_310' title='bbox 1067 2761 1307 2808; x_wconf 85' lang='lat' dir='ltr'>Canisii,11,</span> <span class='ocrx_word' id='word_1_311' title='bbox 1338 2761 1403 2797; x_wconf 93' lang='lat'>188</span> <span class='ocrx_word' id='word_1_312' title='bbox 1433 2762 1548 2808; x_wconf 91' lang='lat'>(407).</span> <span class='ocrx_word' id='word_1_313' title='bbox 1573 2761 1674 2798; x_wconf 91' lang='lat' dir='ltr'>Vide</span> <span class='ocrx_word' id='word_1_314' title='bbox 1691 2773 1780 2809; x_wconf 88' lang='lat' dir='ltr'>pag.</span> <span class='ocrx_word' id='word_1_315' title='bbox 1813 2762 1895 2809; x_wconf 83' lang='lat'>3493</span> <span class='ocrx_word' id='word_1_316' title='bbox 1929 2770 1970 2799; x_wconf 88' lang='lat' dir='ltr'>et</span> 
     </span>
    </p>
   </div>
   <div class='ocr_carea' id='block_1_10' title="bbox 346 2820 655 2868">
    <p class='ocr_par' dir='ltr' id='par_1_11' title="bbox 346 2820 655 2868">
     <span class='ocr_line' id='line_1_41' title="bbox 346 2820 655 2868; baseline -0.003 -12"><span class='ocrx_word' id='word_1_317' title='bbox 346 2820 515 2868; x_wconf 89' lang='lat' dir='ltr'>append.</span> <span class='ocrx_word' id='word_1_318' title='bbox 530 2821 655 2856; x_wconf 91' lang='lat' dir='ltr'>XXX.</span> 
     </span>
    </p>
   </div>
   <div class='ocr_carea' id='block_1_11' title="bbox 416 2878 1355 2982">
    <p class='ocr_par' dir='ltr' id='par_1_12' title="bbox 416 2878 1355 2982">
     <span class='ocr_line' id='line_1_42' title="bbox 418 2878 708 2925; baseline 0 -11"><span class='ocrx_word' id='word_1_319' title='bbox 418 2881 431 2901; x_wconf 78' lang='lat'>²</span> <span class='ocrx_word' id='word_1_320' title='bbox 483 2878 708 2925; x_wconf 86' lang='lat' dir='ltr'>Menginus.</span> 
     </span>
     <span class='ocr_line' id='line_1_43' title="bbox 416 2935 1355 2982; baseline 0 -9"><span class='ocrx_word' id='word_1_321' title='bbox 416 2938 429 2958; x_wconf 81' lang='lat'>³</span> <span class='ocrx_word' id='word_1_322' title='bbox 479 2938 523 2972; x_wconf 90' lang='lat' dir='ltr'>P.</span> <span class='ocrx_word' id='word_1_323' title='bbox 542 2936 805 2973; x_wconf 82' lang='lat' dir='ltr'>Theodericus</span> <span class='ocrx_word' id='word_1_324' title='bbox 822 2935 1016 2982; x_wconf 87' lang='lat' dir='ltr'>Canisius,</span> <span class='ocrx_word' id='word_1_325' title='bbox 1035 2936 1154 2973; x_wconf 85' lang='lat' dir='ltr'>frater</span> <span class='ocrx_word' id='word_1_326' title='bbox 1171 2938 1216 2973; x_wconf 89' lang='lat' dir='ltr'><strong>B.</strong></span> <span class='ocrx_word' id='word_1_327' title='bbox 1235 2938 1355 2973; x_wconf 89' lang='lat' dir='ltr'>Petri.</span> 
     </span>
    </p>
   </div>
   <div class='ocr_carea' id='block_1_12' title="bbox 413 2994 971 3041">
    <p class='ocr_par' dir='ltr' id='par_1_13' title="bbox 413 2994 971 3041">
     <span class='ocr_line' id='line_1_44' title="bbox 413 2994 971 3041; baseline -0.004 -9"><span class='ocrx_word' id='word_1_328' title='bbox 413 2998 428 3017; x_wconf 82' lang='lat'><strong>⁴</strong></span> <span class='ocrx_word' id='word_1_329' title='bbox 478 2996 699 3032; x_wconf 89' lang='lat' dir='ltr'>Fridericus</span> <span class='ocrx_word' id='word_1_330' title='bbox 715 3007 737 3031; x_wconf 89' lang='lat' dir='ltr'>a</span> <span class='ocrx_word' id='word_1_331' title='bbox 755 2994 971 3041; x_wconf 86' lang='lat' dir='ltr'>Wirsberg.</span> 
     </span>
    </p>
   </div>
   <div class='ocr_carea' id='block_1_13' title="bbox 2195 2766 2228 3548">
    <p class='ocr_par' dir='ltr' id='par_1_14' title="bbox 2195 2766 2228 3548">
     <span class='ocr_line' id='line_1_45' title="bbox 2195 2766 2228 3548; baseline 0 0"><span class='ocrx_word' id='word_1_332' title='bbox 2195 2766 2228 3548; x_wconf 95' lang='lat' dir='ltr'> </span> 
     </span>
    </p>
   </div>
  </div>
 </body>
</html>
