2228 3548
842 321 886 359 25
912 313 1014 360 MAJI
1040 313 1132 362 1566
1173 302 1177 306 ⁶
1684 326 1750 366 145

610 518 662 560 P.
698 517 1110 566 HIERONYMUS
1141 521 1359 566 NADAL

463 590 734 632 SANCTO
766 595 1158 635 FRANCISCO
1184 598 1261 634 DE
1285 597 1504 646 BORJA

696 668 940 708 AUGUSTAE,
965 670 1010 708 25
1035 671 1128 707 MAJI
1154 663 1245 709 1566
1262 666 1288 702 ¹.

175 742 218 771 ι.
243 734 469 782 Epistolam
497 736 722 786 longiorem
750 740 798 776 de
826 752 979 777 recessu
1007 745 1237 790 augustano
1264 744 1486 791 promittit:
1513 745 1806 782 haereticorum

220 793 446 841 conjunctio
459 797 667 833 catholicos
683 799 739 834 ad
750 801 1003 836 concordiam
1021 803 1058 837 et
1074 802 1181 838 vitae
1194 803 1494 840 renovationem
1511 796 1667 841 movere
1683 805 1804 842 debet.

222 863 310 890 —2.
331 854 426 891 Duo
444 856 579 892 media
595 859 740 906 magni
757 860 951 906 ponderis
967 863 1046 908 pro
1067 860 1315 898 Germaniae
1338 862 1447 907 bono,
1463 863 1651 911 pontifici
1662 867 1807 912 propo-

217 915 364 957 nenda,
382 917 671 964 suggerit.—3.
695 913 947 966 Respondent
963 921 1148 957 catholici
1163 923 1481 958 accusationibus
1497 924 1806 961 haereticorum:

217 976 345 1010 status
361 976 544 1012 catholici
560 989 586 1013 a
603 977 736 1026 legato
753 983 1042 1016 convocantur:
1059 980 1323 1018 obedientiam
1341 986 1501 1019 sanctae
1519 984 1603 1019 sedi
1620 995 1701 1020 uno
1718 985 1808 1020 ani-

219 1045 285 1070 mo
296 1034 562 1083 profitentur.

269 1125 306 1156 1.
365 1115 498 1172 Jhus.
516 1116 659 1160 Molto
675 1117 789 1161 Rdo.
808 1115 855 1161 in
868 1117 1049 1162 Christo
1065 1119 1211 1164 Padre
1227 1125 1398 1163 nostro.
1417 1121 1513 1164 Pax
1526 1121 1697 1165 Christi
1713 1129 1803 1166 etc.

176 1190 380 1235 Essendo
400 1192 444 1235 al
459 1192 549 1237 fine
565 1193 682 1238 della
697 1193 835 1248 dieta,
854 1194 915 1238 mi
931 1209 1177 1239 occorreua
1195 1196 1277 1239 far’
1302 1210 1393 1240 una
1409 1197 1570 1242 lettera
1592 1200 1807 1255 generale

176 1267 249 1311 del
265 1267 468 1314 discorso
484 1269 529 1313 di
547 1276 664 1314 tutta
681 1271 845 1327 quella;
866 1287 938 1316 ma
954 1279 1132 1329 aspetto
1150 1288 1177 1316 a
1195 1274 1307 1318 farlo
1323 1274 1397 1318 all’
1417 1275 1531 1319 altra
1547 1275 1803 1331 settimana,

175 1359 263 1389 con
283 1345 326 1389 13
347 1345 501 1391 diuina
521 1348 684 1405 gratia,
708 1350 875 1406 perche
902 1348 941 1393 si
968 1349 1068 1394 dice
1095 1349 1141 1394 di
1172 1357 1298 1396 certo
1319 1353 1405 1395 che
1426 1351 1464 1395 si
1492 1352 1755 1409 publichera
1776 1354 1807 1397 il

175 1436 369 1478 recesso,
394 1423 474 1468 hoc
493 1429 571 1480 est,
592 1426 635 1470 la
651 1426 941 1473 conclusione
959 1428 1075 1472 della
1092 1428 1228 1482 dieta,
1250 1429 1318 1473 fra
1335 1435 1404 1473 tre
1420 1428 1585 1487 giorni;
1606 1437 1668 1486 et,
1688 1431 1806 1475 vista

174 1501 338 1557 quella,
363 1501 400 1546 si
421 1503 530 1548 dara
557 1503 774 1550 relatione
801 1506 845 1549 d'
869 1504 979 1563 ogni
1007 1519 1114 1550 cosa
1141 1505 1187 1549 in
1216 1521 1307 1550 una
1334 1507 1474 1551 uolta.
1502 1508 1681 1552 Adesso
1710 1523 1802 1552 non

173 1591 356 1624 occorre
377 1581 493 1625 altro
515 1582 600 1626 che
620 1581 717 1627 dire
738 1583 824 1627 3113
846 1584 900 1627 P.
921 1584 1000 1637 V.,
1020 1598 1162 1628 senon
1186 1585 1271 1629 che
1286 1599 1395 1642 pare
1417 1584 1448 1628 11
1464 1584 1661 1642 Signore
1678 1585 1804 1630 Iddio

175 1657 302 1700 uuol'
324 1658 419 1702 dar’
443 1672 596 1704 nuoue
618 1660 740 1705 forze
760 1660 835 1705 3111
856 1660 1089 1714 catholici,
1113 1668 1159 1705 et
1180 1675 1334 1706 nuoua
1362 1661 1532 1707 unione
1554 1670 1599 1707 et
1620 1662 1805 1708 rinoua·

174 1731 284 1777 tion’
307 1735 352 1778 d’
371 1735 537 1792 anim03
556 1735 588 1780 il
608 1738 694 1783 che
714 1737 832 1792 dico,
852 1739 1019 1795 perche
1036 1740 1230 1783 hauemo
1247 1738 1365 1784 visto
1382 1754 1473 1783 una
1490 1739 1647 1785 nouita
1663 1741 1803 1785 molto

174 1813 348 1868 grande
370 1820 530 1870 questa
551 1815 806 1871 settimana,
831 1815 930 1860 0106
951 1817 1036 1860 0116
1057 1815 1089 1858 11
1110 1815 1338 1860 caluinisti
1352 1823 1399 1860 et
1414 1817 1748 1862 confessionisti
1765 1818 1803 1862 si

174 1901 286 1933 sono
307 1890 436 1946 vniti,
461 1892 766 1938 dechiarando
786 1893 936 1950 questi
956 1908 983 1937 a
1003 1894 1098 1939 Sua
1119 1894 1294 1939 Maesta
1317 1895 1403 1938 che
1423 1895 1575 1938 hanno
1596 1895 1639 1939 al
1668 1902 1803 1940 conte

173 1966 371 2022 palatino
387 1969 402 1990 ¹
420 1984 500 2027 per
515 1970 632 2015 della
647 1985 731 2015 sua
747 1970 1031 2016 confessione
1051 1977 1324 2028 augustana,
1343 1972 1520 2015 benche
1536 1971 1700 2016 dicono
1717 1974 1802 2017 che

172 2047 380 2093 discorda
406 2048 464 2092 da
484 2048 579 2093 loro
601 2049 652 2092 in
674 2063 809 2092 coena
828 2049 1021 2093 Domini
1037 2063 1052 2102 ;
1079 2054 1126 2092 et
1146 2048 1239 2092 cosi
1260 2063 1367 2106 pare
1388 2051 1473 2093 che
1501 2051 1653 2094 hanno
1682 2050 1798 2093 fatto

171 2124 326 2180 vnion’
350 2139 436 2169 con
456 2124 543 2179 lui,
567 2129 608 2169 et
620 2130 709 2182 per
729 2139 1000 2183 consequens
1021 2139 1108 2169 con
1137 2124 1169 2168 11
1199 2125 1448 2180 caluinisti,
1482 2133 1527 2170 et
1548 2126 1644 2170 cosi
1675 2128 1797 2170 113110

172 2201 364 2260 risposto
391 2218 418 2247 a
444 2203 493 2248 S.
519 2205 581 2248 M.
603 2205 689 2248 che
716 2204 760 2247 lo
787 2203 1001 2261 uogliano
1023 2203 1256 2248 defender’
1281 2210 1368 2248 etc.
1391 2205 1569 2260 Questo
1592 2206 1685 2260 par’
1711 2206 1798 2248 che

171 2280 215 2324 fa
235 2281 398 2337 grand’
422 2280 571 2325 animo
593 2280 666 2324 alli
688 2280 896 2325 catholici
918 2295 998 2338 per
1018 2279 1291 2335 humffiarsi,
1316 2287 1363 2326 et
1383 2280 1525 2325 unirsi
1552 2295 1638 2325 con
1660 2281 1702 2325 la
1726 2281 1797 2324 di-

171 2356 280 2402 uina
299 2357 419 2401 virtu
439 2364 486 2402 61
506 2357 825 2411 misericordia,
850 2357 1152 2402 dimandando
1173 2364 1219 2402 et
1239 2359 1506 2416 aspettando
1531 2357 1654 2402 aiuto
1676 2359 1734 2402 da
1755 2359 1799 2402 13

173 2435 328 2480 diuina
346 2437 536 2490 Maesta,
556 2443 602 2480 et
623 2451 649 2480 a
669 2435 917 2493 segnalarsi
933 2435 1043 2493 ogni
1059 2435 1221 2493 giorno
1236 2435 1314 2493 piu
1329 2434 1376 2479 in
1392 2435 1626 2493 seruiggio
1642 2435 1688 2478 di
1706 2435 1796 2480 Dio

174 2520 220 2558 et
240 2512 287 2557 in
308 2513 417 2572 ogni
437 2513 754 2559 reformatione
775 2514 891 2559 della
912 2513 1006 2558 vita
1027 2520 1073 2560 et
1093 2519 1212 2558 stato
1231 2513 1343 2568 loro;
1367 2512 1399 2556 il
1420 2515 1521 2567 che,
1545 2528 1626 2570 per
1646 2512 1730 2556 dir'
1755 2513 1799 2557 13

176 2591 318 2636 uerita
339 2607 365 2636 a
386 2593 444 2637 V.
471 2594 545 2648 P.,
564 2592 625 2637 mi
641 2594 697 2636 ha
716 2592 935 2636 accaduto
956 2607 983 2636 a
998 2605 1072 2635 me
1086 2590 1134 2634 in
1150 2605 1284 2635 nome
1299 2591 1356 2635 de
1373 2597 1492 2634 tutte
1513 2596 1671 2647 queste
1687 2605 1798 2647 pro-

173 2670 323 2717 uincie
337 2678 508 2726 nostre,
526 2670 644 2715 116116
658 2669 797 2726 quali,
816 2683 866 2714 se
881 2668 1014 2714 insin’
1033 2668 1193 2713 adesso
1207 2667 1250 2712 ci
1265 2668 1407 2713 siamo
1425 2667 1610 2712 sforzati
1626 2667 1797 2712 seruire

173 2767 200 2796 a
219 2750 308 2795 Dio
328 2748 525 2795 secondo
540 2749 571 2792 l’
594 2747 802 2792 instituto
819 2753 990 2800 nostr0‚
1009 2747 1168 2791 adesso
1189 2744 1268 2803 piu
1284 2747 1369 2790 che
1386 2745 1474 2789 mai
1490 2745 1536 2788 10
1553 2742 1795 2790 debbiamo

174 2829 283 2882 fare,
306 2834 352 2872 et
372 2840 504 2886 spero
524 2826 568 2871 lo
589 2827 759 2871 faremo
780 2824 865 2869 col’
892 2823 1015 2868 aiuto
1037 2824 1154 2868 della
1174 2837 1256 2868 sua
1277 2822 1432 2868 diuina
1454 2824 1643 2867 Maesta.

243 2972 255 2994 ¹
302 2970 362 3007 Ex
376 2970 600 3018 archetypo,
609 2982 632 3006 a
644 2970 822 3018 Jimenez
835 2972 1007 3012 exarato,
1015 2972 1056 3003 et
1069 2966 1219 3003 Natalis
1233 2978 1349 3003 manu
1362 2964 1597 3013 subscripto,
1606 2964 1647 3001 in
1661 2965 1792 3013 Epist.

170 3030 396 3077 Natal.,11,
414 3028 559 3077 duplici
574 3028 658 3077 fol„
678 3028 744 3066 132
767 3028 861 3075 (98).
883 3028 945 3064 De
967 3027 1039 3063 hae
1062 3026 1227 3074 epistola
1248 3024 1530 3063 conscribenda
1553 3023 1792 3060 mentionem

170 3089 263 3127 fecit
279 3089 430 3126 Natalis
447 3089 487 3126 in
505 3088 622 3137 epist.
646 3087 730 3135 398,
749 3100 793 3125 n.
816 3096 856 3133 5.

241 3153 255 3173 2
305 3148 524 3186 Fridericus
548 3148 619 3184 ΙΙΙ.

311 3215 428 3245 Emer.
450 3213 493 3243 P.
514 3213 648 3250 NADAL,
668 3220 746 3243 rou.
768 3211 828 3242 111.
1617 3208 1651 3237 10
