2228 3548
861 323 904 350 12
930 316 1178 352 Dsscmfflms
1207 315 1298 361 1566
1778 316 1848 364 343

266 414 465 474 giudicio
486 415 603 460 della
625 417 679 459 P.
705 417 757 460 V.
783 430 832 461 se
853 415 884 459 li
905 416 1032 474 piace
1060 431 1087 460 o
1109 431 1216 471 non;
1241 423 1288 462 et
1309 420 1459 460 tamen
1489 417 1532 461 io
1553 419 1613 461 ho
1641 418 1799 462 scritto
1820 418 1896 476 gia

266 492 298 536 il
318 492 408 536 mio
428 507 602 549 parere.
643 493 809 549 Quello
830 493 888 538 de
908 492 1145 550 Herbipoli
1166 493 1227 536 mi
1254 495 1312 538 da
1338 494 1533 538 alchuna
1560 494 1790 548 difficolta,
1816 510 1895 552 per

267 584 359 614 non
374 569 574 626 puotersi
597 570 787 615 fundare
807 570 1090 627 pienamente
1111 571 1154 614 al
1175 570 1407 628 principio3
1427 586 1517 626 ma,
1536 585 1666 617 come
1686 573 1747 615 ho
1767 572 1895 617 detto

266 661 346 704 per
364 647 395 690 l'
418 647 546 700 altra,
579 661 670 690 non
696 661 838 704 penso
861 650 998 692 esser’
1026 647 1239 704 possibile
1262 647 1366 692 farsi
1387 648 1434 691 d’
1458 649 1572 692 altro
1594 649 1745 702 modo,
1771 653 1812 692 et
1844 650 1895 692 in

267 738 444 768 omnem
466 728 675 768 euentum
698 732 817 770 resta
837 740 899 768 vn
920 725 1157 782 collegieto
1185 725 1454 779 sufficiente,
1478 725 1614 770 etiam
1644 727 1842 770 secondo
1864 727 1895 769 il

267 801 450 846 decreto
480 807 517 854 ²,
546 801 619 858 [et]
645 802 687 844 la
708 801 1005 858 applicatione
1021 802 1095 846 del
1115 802 1402 856 monasteri03
1423 809 1468 846 et
1491 803 1576 847 alla
1593 803 1818 848 necessita
1835 804 1894 848 de

264 877 435 936 sugetti
451 893 583 935 spero
599 878 630 921 il
647 878 842 935 Signore
863 878 1050 922 aiutara.
1071 880 1129 922 Et
1145 882 1296 922 tamen
1312 893 1402 923 con
1419 886 1538 923 tutto
1555 879 1641 933 cio,
1662 879 1706 924 io
1722 881 1894 924 uedero

264 956 322 1000 de
342 954 628 1012 risguardare
655 955 1024 1012 diligentemente
1046 956 1195 1011 quello
1216 957 1302 1000 che
1323 956 1365 999 13
1387 958 1441 999 P.
1473 957 1530 1000 V.
1556 956 1617 1000 mi
1648 956 1823 1011 ordina,
1848 964 1894 1002 et

262 1032 400 1075 simul
420 1046 512 1075 non
539 1033 635 1076 faro
663 1031 826 1076 nisuna
847 1031 1139 1089 obligatione,
1171 1047 1313 1076 senon
1335 1033 1578 1088 procurato
1607 1035 1694 1078 che
1724 1034 1892 1077 funda-

263 1108 349 1152 tori
363 1108 538 1152 faccino
554 1109 597 1152 13
610 1123 692 1152 sua
707 1108 986 1161 fundatione,
1006 1115 1052 1152 et
1068 1108 1296 1152 rimettino
1313 1109 1356 1152 la
1370 1109 1715 1155 confirmatione
1731 1110 1889 1163 libera,

265 1200 292 1229 o
313 1186 387 1230 del
404 1192 524 1228 tutto
539 1200 571 1229 '0
592 1186 649 1230 de
670 1192 811 1242 parte,
836 1185 924 1229 alla
947 1187 1000 1229 P.
1026 1186 1084 1229 V.

355 1276 396 1318 3.
463 1264 550 1306 Per
571 1261 806 1306 occasione
827 1261 872 1304 di
901 1262 1051 1317 quello
1071 1263 1156 1306 che
1177 1261 1324 1305 scriue
1348 1262 1390 1304 la
1413 1263 1465 1306 P.
1493 1263 1551 1305 V.
1576 1264 1660 1306 che
1682 1263 1758 1306 doi
1786 1262 1891 1307 delli

264 1339 423 1395 nouitij
456 1338 655 1383 mandati
680 1338 718 1392 b,
743 1338 1063 1395 specialmente
1084 1352 1190 1391 vno,
1216 1345 1345 1382 staua
1367 1339 1455 1382 mal
1491 1338 1708 1395 disposto,
1743 1339 1804 1382 mi
1832 1340 1893 1382 ha

265 1431 452 1460 occorso
489 1422 798 1473 representare
832 1416 918 1459 alla
955 1417 1009 1460 P.
1035 1416 1113 1468 V.‚
1152 1416 1236 1459 che
1268 1429 1318 1459 se
1353 1415 1533 1459 alchuni
1571 1415 1806 1460 thedeschi
1843 1415 1891 1460 in

261 1494 421 1547 Roma,
445 1508 472 1537 o
509 1493 610 1537 altri
646 1492 988 1547 settentrionali,
1021 1492 1322 1536 incomincino
1343 1507 1370 1536 a
1405 1494 1515 1536 star’
1549 1492 1887 1549 ualetudinarij,

261 1571 378 1615 saria
398 1571 552 1614 buono
574 1570 846 1624 rimandarli,
871 1570 1037 1627 perche
1073 1570 1098 1613 e
1123 1583 1236 1626 gran
1273 1570 1448 1626 perdita
1484 1570 1662 1627 perder’
1695 1584 1758 1614 un
1789 1572 1888 1614 the—

260 1649 412 1701 desco,
436 1655 524 1692 etc.
551 1649 609 1691 Et
630 1655 793 1704 questo
816 1653 986 1704 quanto
1008 1662 1034 1690 a
1055 1646 1098 1690 13
1119 1647 1283 1691 lettera
1305 1647 1362 1691 de
1383 1661 1427 1704 9.

349 1738 392 1781 4.
457 1725 693 1782 Giongero
714 1724 761 1769 in
798 1731 974 1781 questa,
1012 1724 1174 1777 Padre,
1214 1723 1407 1768 alchune
1443 1739 1549 1769 cose
1585 1726 1670 1770 che
1691 1724 1752 1767 mi
1775 1739 1890 1768 sono

260 1817 459 1856 occorse,
479 1803 522 1846 le
538 1801 659 1858 quali
674 1802 975 1846 raccomando
997 1801 1136 1844 molto
1157 1801 1243 1844 alla
1265 1802 1318 1844 P.
1345 1802 1402 1845 V.
1423 1802 1590 1858 Quello
1611 1801 1709 1844 diro
1725 1801 1884 1858 prima,

261 1882 346 1924 che
368 1880 443 1937 gia
463 1882 523 1923 ho
545 1879 702 1923 scritto
723 1880 834 1923 altre
857 1879 995 1923 uolte:
1020 1893 1070 1922 se
1091 1893 1116 1921 a
1139 1879 1187 1922 S.
1213 1878 1309 1923 Sta.
1334 1877 1528 1934 piacese‚
1553 1879 1792 1923 conceder'
1817 1877 1889 1921 di-

261 1956 550 2013 spensatione
571 1971 652 2013 per
672 1957 829 2000 hauer’
854 1954 1063 2012 pluralita
1090 1954 1146 1998 de
1173 1953 1426 1998 canonicati
1454 1962 1501 1998 et
1522 1954 1655 1999 simili
1682 1954 1884 2011 benefitij

261 2036 311 2077 in
332 2034 526 2077 ecclesiis
548 2033 890 2077 cathedralibus.
915 2034 972 2075 Et
993 2033 1036 2076 la
1057 2046 1193 2076 causa
1213 2032 1331 2076 della
1347 2031 1684 2089 dispensatione
1707 2031 1889 2089 puotria

258 2113 415 2164 esser’,
432 2111 589 2167 primo
610 2111 653 2154 la
674 2109 1003 2154 consuetudine
1024 2108 1210 2164 antiqua
1230 2107 1275 2151 di
1296 2108 1560 2153 Germania.
1593 2109 1770 2152 Deinde
1799 2110 1886 2152 che

257 2188 296 2231 si
316 2187 524 2231 catholici
546 2201 636 2230 non
653 2201 765 2230 sono
786 2185 979 2243 promoti
1000 2200 1026 2228 a
1047 2184 1197 2241 questi
1211 2172 1470 2229 'canonicati
1493 2199 1578 2229 con
1606 2184 1887 2241 obligatione

258 2264 303 2307 di
326 2264 529 2318 resider’,
553 2263 690 2308 credo
717 2275 746 2317 4
769 2262 881 2305 mesi
909 2262 983 2306 nel
1011 2275 1102 2305 uno
1138 2268 1183 2305 et
1211 2274 1240 2316 4
1274 2262 1382 2305 nell'
1420 2263 1549 2315 altro,
1589 2276 1724 2305 senza
1746 2260 1886 2304 dubio

258 2341 454 2384 alchuno
492 2339 522 2382 li
550 2338 802 2383 canonicati
838 2353 1000 2382 sarano
1027 2337 1235 2394 occupati
1261 2339 1320 2382 da
1345 2338 1548 2391 heretici,
1580 2353 1607 2382 o
1635 2338 1665 2380 li
1693 2337 1885 2394 principi

260 2416 446 2462 heretici
462 2430 746 2472 occuparano
766 2415 809 2459 le
830 2415 1004 2460 rendite
1019 2415 1076 2458 de
1097 2414 1319 2458 canonici.
1344 2415 1397 2459 C'
1417 2416 1443 2459 e
1461 2417 1538 2459 un’
1563 2416 1675 2459 altra
1697 2413 1886 2471 ragione

260 2508 471 2539 comune:
497 2495 582 2538 che
602 2492 649 2535 in
671 2498 830 2548 questo
852 2498 1003 2548 tempo
1023 2506 1114 2534 non
1135 2491 1255 2534 debet
1270 2493 1399 2550 exigi
1419 2493 1631 2535 ultimum
1654 2492 1728 2534 ius
1749 2491 1884 2534 eccle-

259 2573 494 2615 siasticum
516 2586 544 2614 a
571 2570 839 2622 Germania,
861 2569 938 2612 sed
950 2569 1104 2625 potius
1125 2569 1235 2612 lacte
1255 2569 1407 2612 alendi
1427 2569 1655 2621 videntur,
1678 2574 1766 2612 etc.
1912 2626 1915 2627 ⁷

318 2659 359 2703 5.
425 2649 477 2692 C'
503 2649 528 2691 e
549 2649 626 2690 vn’
650 2647 763 2691 altra
784 2660 889 2690 cosa
910 2647 995 2689 che
1016 2646 1076 2689 m’
1100 2646 1126 2689 ὲ
1142 2659 1274 2702 parsa
1295 2661 1321 2690 a
1335 2660 1424 2699 me,
1443 2653 1491 2690 et
1506 2645 1640 2690 etiam
1657 2645 1700 2688 al
1718 2646 1771 2688 P.
1792 2644 1884 2688 Ca-

258 2724 389 2778 nisio,
413 2724 459 2768 di
479 2739 656 2768 summa
676 2723 953 2780 importanza
974 2729 1020 2767 et
1040 2721 1240 2766 efficacia
1260 2737 1339 2779 per
1360 2723 1522 2767 aiutar’
1547 2719 1809 2773 Germania,
1837 2726 1883 2765 et

257 2802 282 2844 e
314 2802 399 2846 che
426 2800 803 2845 ordinariamente
824 2799 856 2842 li
874 2798 1059 2843 vescoui
1094 2805 1225 2843 stano
1259 2798 1307 2844 in
1341 2807 1543 2845 extrema
1578 2797 1802 2842 necessita
1823 2797 1880 2842 de

254 2877 454 2934 parochi,
479 2884 526 2920 et
542 2892 634 2920 non
655 2883 845 2920 trouano
866 2891 916 2921 se
936 2890 1044 2928 non,
1062 2890 1090 2919 o
1110 2889 1303 2932 persone
1318 2882 1521 2933 suspette
1537 2879 1877 2926 comunmente,

257 2970 285 2999 o
305 2968 498 3011 persone
519 2955 604 2997 che
623 2953 837 3010 vogliono
859 2953 997 2997 esser'
1021 2951 1231 3006 maritati,
1255 2966 1283 2996 0
1297 2954 1467 2998 hauere
1488 2953 1532 2995 13
1553 2949 1824 3002 concubina,
1854 2964 1883 2992 o

327 3068 349 3090 ⁸
387 3069 408 3106 5
425 3061 546 3096 verba
563 3071 676 3108 seqq.
698 3060 739 3096 in
756 3070 881 3106 marg.
905 3058 1056 3095 Natalis
1075 3069 1191 3094 manu
1215 3057 1345 3095 addita
1369 3058 1553 3095 sunt.—b
1567 3057 1652 3092 Hoc
1670 3056 1786 3092 verb.
1818 3066 1880 3092 su·

258 3131 327 3168 pra
344 3131 452 3157 vers.
475 3118 624 3156 addidit
639 3119 730 3155 libr.
