2228 3548
0 3173 31 3548 WWv-ss-
0 3131 17 3157 r-
0 3066 20 3117 :W
0 2936 14 3043 *vr-*-
0 2874 15 2915 “1
0 2841 2 2850 ⁷
5 2759 6 2762 „

943 300 968 336 4
993 289 1095 334 MAJ1
1122 289 1214 336 1566
1802 306 1848 344 97

206 424 213 428 .
252 391 300 438 d'
328 390 486 447 Aprile
516 391 562 434 di
599 405 734 435 mano
764 392 882 436 della
920 392 1016 436 1³³²
1053 393 1137 437 V.²
1156 427 1167 448 ,
1206 393 1250 437 la
1285 395 1421 450 quale
1456 397 1518 439 ho
1555 395 1785 442 riceuutto
1816 399 1893 444 doi

245 456 400 524 'giorni
423 468 482 511 fa.
507 469 559 511 In
580 475 743 524 questa
763 468 863 513 diro
890 469 1010 515 delle
1039 484 1145 515 cose
1166 472 1254 516 che
1284 485 1534 518 occorreno
1565 473 1611 517 di
1645 488 1750 530 qua,
1775 477 1852 521 nel
1872 483 1894 505 ²

253 545 439 602 negotio
462 552 508 590 et
529 545 670 588 offitio
691 546 796 590 dell’
819 554 988 604 agente
1009 547 1115 592 dell’
1134 548 1281 592 amico
1296 549 1355 594 de
1377 549 1638 608 Rodriguez
1661 553 1689 604 ⁸,
1709 553 1752 597 le
1769 553 1892 610 quali

253 623 312 666 ha
333 622 620 666 comunicato
641 630 687 668 et
708 625 967 668 consultato
988 638 1075 668 con
1096 625 1173 668 noi
1194 626 1311 669 altri.
1333 627 1499 684 Voglio
1522 628 1666 685 prima
1687 629 1784 674 dire
1803 631 1890 674 alla

255 699 352 743 Psi*
373 700 457 744 V.a
472 700 500 743 il
519 701 609 744 fine
626 702 793 756 perche
808 700 976 755 scriuo;
990 708 1036 745 et
1052 703 1078 746 e
1094 702 1323 756 accioche,
1338 718 1469 749 come
1484 704 1532 748 in
1549 719 1655 750 cosa
1671 707 1730 752 de
1747 721 1888 765 gran-

317 844 339 866 2
380 846 422 873 12
436 839 557 874 verba
570 849 683 886 seqq.
703 837 757 874 ita
771 838 938 874 mutavit
950 839 1043 874 B0.:
1059 839 1225 886 negozio
1238 839 1303 875 del
1319 838 1542 878 Cardinale
1559 841 1724 891 Legato,
1739 845 1805 881 che
1819 845 1886 881 ha.

244 969 476 1018 cuicumque
494 970 598 1006 illius
616 969 744 1014 stilus,
758 980 780 1006 a
793 969 942 1007 Canisii
959 970 1050 1006 stilo
1068 981 1228 1017 prorsus
1245 969 1442 1019 diversus,
1461 977 1578 1010 notus
1596 974 1664 1011 sit.
1685 975 1780 1022 Sed,
1796 977 1889 1013 stilo

244 1029 534 1077 praetermisso,
549 1030 659 1076 plura
676 1028 819 1065 adsunt
834 1034 1065 1076 argumenta
1084 1040 1133 1065 ex
1152 1029 1237 1077 ipsa
1254 1030 1421 1077 epistola
1438 1037 1479 1068 et
1492 1043 1542 1068 ex
1557 1034 1888 1080 praecedentibus

244 1092 285 1124 et
301 1088 558 1135 sequentibus
571 1088 722 1124 Natalis
736 1087 911 1135 epistolis
925 1087 1170 1135 deprompta,
1184 1099 1284 1136 quae
1301 1099 1458 1126 omnem
1471 1090 1634 1128 dubium
1656 1095 1812 1131 tollunt.
1835 1096 1888 1130 1.⁰

244 1147 315 1184 Illa
332 1149 454 1184 verba
472 1148 584 1184 initio
601 1147 741 1196 posita:
761 1148 844 1184 Per
863 1160 919 1183 un
934 1147 1066 1183 altra.
1078 1175 1086 1183 .
1103 1174 1113 1184 .
1137 1153 1219 1183 etc.
1243 1147 1283 1184 in
1301 1148 1425 1196 prima
1447 1161 1614 1197 persona
1639 1158 1680 1187 et
1698 1152 1886 1200 singulari

244 1218 406 1244 numero
419 1207 577 1256 scripta,
586 1208 732 1255 optime
745 1212 967 1254 congruunt
981 1206 1201 1255 Nata1i‚qui
1216 1212 1257 1243 et
1269 1208 1432 1244 alteram
1447 1209 1654 1256 epistolam
1670 1211 1808 1248 eadem
1822 1212 1886 1249 die

246 1266 295 1303 de
313 1267 399 1304 aliis
422 1268 540 1304 rebus
557 1279 626 1315 per
639 1267 687 1303 P.
710 1267 890 1314 jimenez
903 1266 1068 1313 Borgiae
1083 1266 1255 1314 scripsit,
1274 1272 1315 1303 et
1331 1270 1611 1316 autographam
1626 1271 1807 1318 Borgiae‚
1823 1272 1887 1317 5.⁸

246 1326 392 1374 Aprilis
409 1323 518 1362 adse
535 1325 679 1372 datam,
698 1325 866 1374 recepit.
889 1325 990 1361 Vide
1008 1326 1129 1373 epist.
1152 1325 1242 1371 370.
1270 1326 1379 1363 Haec
1397 1333 1529 1364 autem
1548 1329 1707 1366 Canisio
1726 1331 1885 1368 minime

242 1385 427 1433 applicari
444 1391 626 1433 possunt.
649 1387 712 1421 2.⁰
730 1386 907 1422 Arcanae
925 1386 1145 1422 locutiones
1163 1385 1254 1422 illae
1270 1387 1402 1422 amico
1414 1388 1462 1423 de
1477 1388 1722 1437 Rodrigzaez,
1737 1392 1886 1439 cugino

239 1446 287 1482 de
303 1445 503 1494 Montoya,
530 1450 610 1482 etc.
641 1445 680 1481 in
704 1445 854 1482 Natalis
878 1445 1055 1492 epistolis
1079 1445 1225 1493 passim
1249 1452 1454 1493 apparent.
1486 1447 1575 1483 Non
1599 1448 1653 1484 ita
1680 1449 1718 1484 in
1743 1450 1884 1486 litteris

238 1503 404 1542 Canisii.
429 1504 492 1541 3.⁰
510 1504 592 1541 Sub
610 1516 654 1541 n.
677 1514 713 1551 2,
727 1505 824 1540 haec
836 1505 956 1541 habet
971 1505 1228 1552 archetypon,
1243 1516 1343 1552 quae
1357 1504 1488 1542 omisit
1502 1507 1640 1543 Boero:
1656 1508 1757 1543 delli
1768 1509 1884 1555 quali

234 1565 365 1601 seriae
383 1565 420 1601 el
437 1565 492 1600 Ρ.
518 1563 682 1601 Canisio
704 1567 863 1612 aparte,
882 1563 949 1600 ubi
966 1563 1017 1600 de
1040 1563 1199 1601 Canisio
1218 1563 1257 1600 in
1275 1564 1431 1601 oblicuo
1454 1565 1624 1614 loquitur
1648 1572 1782 1603 auctor
1799 1568 1879 1615 epi-

223 1625 373 1660 stolae.
386 1635 427 1670 4.
437 1626 451 1642 ⁰
464 1625 535 1661 Illa
548 1625 670 1660 verba
686 1636 708 1660 a
722 1625 847 1661 Boero
864 1624 1022 1660 omissa:
1037 1635 1144 1660 come
1157 1625 1205 1660 Ιιο
1218 1625 1363 1660 sentito
1379 1625 1434 1660 da
1451 1626 1572 1667 colui,
1588 1638 1660 1662 con
1678 1628 1740 1663 chi
1756 1631 1876 1663 staua

226 1684 352 1732 Jona,
371 1684 475 1720 clare
492 1683 662 1731 produnt
683 1683 878 1730 Natalem,
896 1684 963 1731 qui
981 1683 1170 1729 Treviris,
1195 1694 1297 1719 anno
1325 1684 1416 1730 1562
1438 1674 1541 1733 apud
1559 1686 1770 1723 electorem
1797 1692 1872 1723 tre-

234 1742 431 1779 virensem
448 1742 610 1780 rescivit
626 1755 741 1779 casus
759 1743 898 1790 Jonae,
918 1749 961 1779 ut
979 1743 1064 1790 ipse
1079 1742 1201 1778 Nadal
1221 1743 1261 1779 in
1279 1743 1362 1779 suis
1379 1744 1726 1792 Ephemeridibus,
1743 1746 1874 1794 Epist.

233 1802 396 1850 Natal.,
417 1803 469 1849 11,
488 1801 533 1848 35
552 1808 591 1839 et
604 1811 666 1849 97,
683 1808 830 1839 narrat.
855 1802 930 1838 Hie
948 1808 1097 1849 autem,
1114 1814 1164 1838 ne
1179 1802 1363 1840 electoris
1378 1803 1607 1840 trevirensis
1624 1814 1766 1841 nomen
1784 1817 1874 1853 ape·

233 1862 322 1910 riat,
340 1863 405 1899 illa
423 1862 544 1899 utitur
562 1874 699 1899 arcana
717 1862 931 1899 locutione.
956 1864 1018 1908 5.⁰
1037 1861 1120 1898 Sub
1138 1873 1300 1898 numero
1324 1861 1361 1907 3,
1387 1864 1508 1900 verba
1532 1864 1598 1900 illa
1621 1864 1822 1912 hispanica
1848 1868 1874 1902 ά
1939 1905 1947 1911 „

233 1922 447 1970 losfueros
469 1934 543 1969 que
565 1933 604 1958 se
627 1922 824 1958 hizieron.
839 1947 872 1958 ..
900 1927 1002 1967 etc.,
1027 1926 1110 1957 tum
1134 1922 1185 1957 ob
1209 1932 1430 1959 sermonem
1455 1922 1686 1966 adhibitum,
1717 1929 1800 1959 tum
1825 1925 1876 1961 ob

232 1993 295 2018 res
313 1981 593 2027 subindicatas,
607 1982 680 2018 soli
697 1980 828 2017 Natali
839 1980 1096 2017 conveniunt.
1121 1980 1271 2017 Sensus
1285 1986 1417 2018 autem
1435 1983 1644 2018 verborum
1663 1988 1724 2018 est
1741 1983 1876 2030 hujus-

231 2040 349 2077 modi:
369 2044 395 2077 ἀ
412 2041 469 2077 los
485 2042 659 2077 decretos
676 2041 741 2077 del
757 2041 924 2077 concilio
949 2040 1199 2082 Tridentino,
1217 2040 1261 2076 al
1277 2041 1371 2077 cual
1381 2053 1432 2088 yo
1449 2042 1556 2084 vine,
1571 2054 1597 2088 y
1624 2045 1756 2079 estuve
1775 2045 1875 2090 poco

187 2120 189 2122 -
229 2101 391 2148 ἰίεηιρο,
400 2112 427 2147 y
440 2103 552 2136 torna
565 2103 679 2136 atreis
687 2103 797 2147 para
814 2100 963 2136 acabar
976 2100 1035 2135 mi
1047 2100 1170 2135 visita
1180 2101 1352 2147 pasada,
1372 2100 1412 2136 id
1429 2106 1491 2136 est
1508 2101 1778 2137 lustrationem
1796 2103 1875 2138 col-

230 2159 421 2206 legiorum
446 2159 680 2196 Germaniae
705 2170 805 2195 anno
831 2159 922 2204 1562
954 2159 1188 2194 inchoatam.
1214 2158 1315 2195 Vide
1345 2160 1482 2208 Epist.
1511 2160 1675 2204 Natal.,
1710 2161 1762 2206 ΙΙ,
1789 2172 1872 2207 494.

230 2220 342 2266 Quae
359 2218 517 2266 quidem
535 2219 655 2254 verba
679 2218 719 2254 in
743 2219 932 2254 Boeriana
956 2218 1130 2254 editione
1154 2219 1299 2254 omissa
1322 2224 1430 2256 sunt.
1462 2219 1551 2255 Alia
1576 2219 1736 2266 insuper
1759 2231 1872 2266 argu-

230 2283 360 2314 menta
378 2289 582 2325 possemus
600 2277 806 2322 adducere3
826 2277 896 2312 sed
910 2277 1005 2312 satis
1019 2289 1213 2325 superque
1227 2276 1535 2314 demonstratum
1552 2284 1612 2314 est
1627 2279 1756 2314 Natali
1770 2279 1870 2315 hanc

229 2337 434 2384 epistolam
463 2336 759 2372 adscribendam
783 2347 886 2378 esse,
913 2342 956 2372 ut
979 2335 1144 2381 auctori;
1170 2336 1329 2373 Canisio
1358 2342 1490 2373 autem
1508 2343 1549 2373 et
1566 2337 1797 2383 Ledesmae,
1825 2343 1869 2374 ut

230 2396 407 2443 ejusdem
431 2395 781 2443 subscriptoribus.

301 2456 522 2500 V'ariantes,
547 2467 642 2503 quas
671 2455 821 2502 dicunt,
845 2454 1029 2491 editionis
1054 2455 1268 2492 Boerianae
1291 2467 1370 2492 non
1394 2467 1530 2492 omnes
1561 2456 1625 2492 hic
1652 2456 1867 2503 producere

231 2522 358 2558 vacat,
384 2516 506 2552 satius
531 2516 635 2552 enim
658 2515 759 2551 foret
783 2519 904 2550 totam
928 2515 1033 2550 illam
1059 2514 1334 2560 transcribere3
1360 2515 1430 2551 sed
1457 2516 1686 2562 praecipuas
1718 2521 1867 2552 tantum

230 2581 386 2612 notasse
405 2575 589 2611 sufficiat.
611 2574 841 2612 Generatim
858 2573 1109 2610 nihilominus
1126 2574 1364 2619 notabimus,
1384 2574 1438 2610 ita
1455 2575 1611 2610 Patrem
1632 2576 1758 2610 Boero
1775 2586 1867 2611 con·

228 2635 407 2671 cinnasse
425 2636 524 2670 hanc
541 2634 761 2681 epistolam,
779 2639 822 2669 ut
844 2633 911 2669 ubi
930 2633 1094 2677 Natalis,
1114 2645 1184 2669 seu
1201 2633 1331 2681 potius
1349 2633 1454 2670 illius
1483 2633 1662 2669 librarius
1682 2634 1725 2669 P.
1746 2634 1866 2681 Jime-

225 2705 310 2737 nez,
332 2693 500 2741 scripsit:
520 2694 683 2738 d1altre,
707 2692 961 2740 respondero,
986 2692 1188 2739 d’Aprile,
1206 2693 1316 2728 della
1340 2693 1558 2729 Paternitd
1586 2693 1739 2736 Vestra,
1769 2693 1867 2730 rice·

223 2756 352 2796 uutto,
371 2754 452 2796 doi,
472 2758 512 2789 et
528 2753 603 2789 alia
626 2754 747 2788 multa
770 2751 1006 2799 hujusmodi;
1031 2753 1157 2787 Boero
1175 2751 1380 2788 substituit
1405 2753 1450 2788 di
1467 2752 1587 2796 altre,
1611 2753 1862 2799 rispondero,

220 2814 264 2849 di
280 2813 436 2860 Aprile,
456 2813 500 2848 di
523 2813 663 2848 Vostra
681 2812 909 2855 Paternitci,
927 2812 1120 2852 ricevuto,
1136 2811 1213 2847 due
1231 2815 1312 2847 etc.
1335 2811 1453 2857 Item,
1468 2810 1536 2846 ubi
1554 2810 1704 2846 Natalis
1723 2822 1863 2847 arcano

222 2872 344 2908 utitur
361 2883 554 2919 sermone,
574 2871 750 2907 scribens
768 2872 898 2907 amico
915 2872 959 2907 di
977 2871 1223 2918 Rodriguez,
1241 2871 1316 2906 Bo.
1339 2870 1496 2917 scripsit
1513 2870 1545 2905 il
1562 2871 1682 2917 Papa
1698 2871 1761 2906 vel
1780 2871 1864 2907 Sua

225 2932 404 2969 Santitci.
437 2931 516 2968 Ubi
541 2931 690 2967 Natalis
716 2931 771 2967 ait
793 2931 969 2979 l’agente
993 2935 1095 2976 etc.,
1113 2931 1184 2965 Bo.
1209 2929 1366 2977 scripsit
1383 2930 1416 2966 il
1442 2928 1664 2965 cardinale
1692 2929 1858 2978 Legato.

224 2991 333 3027 Haec
346 2991 578 3037 generatim:
597 2995 753 3026 caetera
771 3001 842 3026 suo
859 2991 945 3026 loco
963 2994 1158 3025 notamus.

300 3053 309 3072 ¹
360 3049 443 3086 Sub
460 3051 531 3086 hac
549 3061 688 3085 areana
705 3049 1034 3094 denominatione,
1050 3048 1205 3095 saepius
1223 3047 1263 3084 in
1280 3047 1362 3084 suis
1379 3047 1557 3095 epistolis
1570 3047 1713 3094 Borgia
1731 3053 1771 3083 et
1786 3047 1859 3083 Na-

226 3109 314 3145 talis
332 3109 553 3155 significant
571 3120 763 3144 summum
782 3107 1023 3155 pontificem.
1048 3107 1148 3142 Vide
1166 3107 1288 3154 epist.
1309 3105 1394 3153 353,
1413 3118 1503 3142 cum
1520 3111 1657 3142 annot.

370 3174 487 3203 prsr.
513 3174 550 3204 P.
573 3173 707 3207 NADAL,
727 3181 807 3203 rost.
831 3173 895 3202 111.
1698 3171 1715 3198 7
