2228 3548
981 277 1205 315 Appuumx
1791 280 1859 318 821

270 373 442 430 veniet,
462 389 616 432 spero,
641 377 777 423 Pater
793 377 1097 434 provinciaIiS,
1116 393 1171 423 ac
1187 379 1379 425 fortasse
1395 380 1516 426 illius
1531 380 1757 427 desiderio
1772 382 1910 427 faciet

269 433 400 487 satis,
439 441 490 478 ut
525 441 572 479 et
611 435 879 493 scriptorem
915 445 963 483 et
999 437 1254 482 studiorum
1289 440 1466 484 socium
1508 447 1715 498 optatum
1750 456 1908 487 secum

272 493 457 538 habeat.
482 495 688 539 Eventus
707 495 889 541 docebit
909 511 968 540 an
989 497 1159 554 frigora
1179 499 1440 555 germanica
1459 500 1581 545 illius
1602 501 1908 545 valetudinem

274 553 471 598 laedant.

973 669 1212 713 LXXXIV

820 756 866 791 B.
885 755 1089 793 PETRUS
1115 756 1360 795 CANISIUS

640 847 805 878 PATRI
838 847 1135 879 EVERARno
1168 848 1539 881 MERcmuANO

679 921 953 979 Oeniponte,
983 935 1000 967 1
1026 923 1306 980 Septembris
1335 934 1447 980 1574
1473 927 1503 970 ¹.

536 1011 598 1048 De
611 1011 777 1060 collegio
792 1012 1037 1059 scriptorum
1054 1013 1099 1048 in
1117 1012 1344 1049 Germania
1360 1015 1626 1050 instituenda

356 1089 386 1146 †
420 1091 516 1133 Pax
546 1088 716 1134 Christi
746 1089 878 1133 nobis
907 1096 1108 1135 aeterna.
1133 1091 1393 1135 Admodum
1425 1090 1527 1135 R.‘¹⁰
1557 1093 1708 1136 Pater.
1740 1093 1897 1137 Iussus

264 1162 413 1192 meam
433 1148 632 1192 scribere
651 1148 921 1194 sententiam
943 1149 1002 1194 de
1022 1149 1294 1205 quibusdam
1310 1150 1606 1206 scriptoribus
1622 1150 1668 1194 in
1687 1152 1773 1195 hac
1790 1165 1895 1208 pro·

267 1207 411 1251 uintia
433 1207 778 1261 constituendis,
803 1223 898 1253 rem
919 1208 1076 1265 paucis
1103 1208 1362 1265 expediam,
1388 1211 1446 1254 de
1467 1224 1558 1265 qua
1589 1210 1757 1255 caeteri
1785 1211 1896 1255 satis

266 1267 410 1310 multa
426 1266 598 1311 dixisse
621 1266 846 1311 uidentur.
872 1267 1074 1311 Primum
1104 1269 1402 1313 uehementer
1423 1269 1639 1325 optarim,
1665 1283 1718 1312 ac
1739 1270 1895 1314 multis

266 1325 357 1370 iam
380 1325 510 1369 annis
531 1333 655 1382 opto,
681 1327 768 1370 hoc
789 1326 930 1383 pium,
954 1333 1178 1380 sanctum,
1203 1328 1499 1384 praeclarum,
1525 1335 1571 1373 et
1594 1330 1679 1371 hoc
1708 1329 1892 1384 quidem

264 1391 470 1441 tempore
492 1392 667 1428 tantum
690 1399 781 1429 non
802 1385 1122 1441 necessarium,
1141 1387 1400 1443 nostrisque
1416 1387 1676 1430 hominibus
1698 1388 1889 1445 dignum

265 1443 523 1488 institutum
551 1444 650 1488 zelo
677 1451 723 1488 et
750 1445 990 1501 prudentia
1019 1445 1301 1502 superiorum
1334 1445 1608 1503 promoueri.
1645 1448 1742 1491 Nec
1774 1448 1891 1492 adeo

263 1518 334 1547 me
351 1511 639 1547 commouent
658 1503 825 1557 uariae,
840 1518 958 1560 quae
975 1504 1050 1548 hic
1067 1519 1116 1548 se
1132 1506 1328 1549 offerunt
1345 1505 1652 1558 difficultateS,
1665 1513 1711 1549 et
1728 1506 1766 1550 si
1783 1521 1888 1551 sen-

260 1562 369 1606 tiam
391 1563 637 1606 multorum
658 1562 832 1607 animos
853 1564 910 1607 ab
931 1565 1017 1607 hoc
1039 1563 1246 1608 instituto
1267 1572 1506 1622 propterea
1522 1572 1755 1620 utcunque
1778 1565 1889 1610 alie-

260 1636 343 1665 nos
365 1636 480 1666 esse.
506 1621 612 1667 Scio
633 1622 788 1678 quales
810 1629 855 1667 et
876 1631 1068 1679 quantas
1089 1623 1411 1680 occupationes
1431 1624 1577 1681 pariat
1605 1631 1749 1667 status
1771 1624 1860 1667 isto
1875 1649 1885 1655 -

258 1695 359 1724 rum
386 1681 702 1737 collegiorum,
728 1681 774 1724 in
802 1681 967 1737 quibus
996 1682 1138 1726 nostri
1161 1682 1365 1740 theologi
1391 1683 1577 1728 minime
1616 1682 1748 1726 otiosi
1785 1697 1887 1728 esse

257 1747 465 1796 possunt.
496 1741 588 1785 Sed
617 1743 669 1784 P.
699 1740 982 1796 prouintialis
1014 1742 1205 1786 fortasse
1241 1741 1356 1795 illos,
1388 1742 1466 1798 qui
1503 1743 1559 1785 ad
1592 1741 1886 1786 scribendum

255 1798 408 1842 idonei
430 1799 623 1844 maxime
645 1798 923 1853 uiderentur,
942 1800 1158 1856 paulatim
1175 1800 1413 1858 ordinarijs
1435 1800 1665 1845 laboribus
1686 1801 1885 1847 eximere

254 1865 416 1914 queat,
443 1866 492 1902 ut
517 1873 573 1903 eo
593 1857 874 1903 commodius
895 1860 952 1903 ad
982 1861 1072 1903 hoc
1101 1867 1310 1905 sanctum
1341 1875 1456 1918 opus
1486 1860 1730 1916 accingant
1761 1874 1877 1904 sese.

254 1918 429 1961 Doctor
451 1917 757 1974 Hieronymus
779 1917 1015 1963 Torrensis
1037 1918 1220 1963 omnino
1240 1919 1408 1977 dignus
1440 1919 1549 1963 mihi
1582 1919 1779 1971 uidetur,
1803 1919 1880 1963 cui

252 1990 363 2032 prae
384 1977 574 2022 caeteris
595 1978 675 2021 fiat
696 1977 859 2034 gratia,
884 1984 935 2021 ut
956 1977 1002 2021 in
1018 1979 1104 2022 hac
1125 1986 1275 2024 aetate
1290 1986 1335 2024 et
1355 1978 1556 2036 corporis
1572 1978 1879 2023 imbecillitate

251 2036 516 2092 Ingolstadii
537 2051 667 2080 sacra
687 2036 887 2093 profiteri
914 2037 1111 2090 desinat,
1134 2045 1181 2082 et
1208 2039 1266 2085 ad
1293 2039 1434 2083 solam
1462 2037 1751 2094 scriptionem
1777 2051 1880 2082 sese

249 2103 506 2151 componat.
532 2096 693 2140 Plures
713 2096 891 2139 duobus
918 2103 997 2140 aut
1019 2096 1163 2140 tribus
1190 2096 1237 2140 in
1266 2098 1354 2142 hac
1383 2097 1615 2154 prouincia
1638 2097 1878 2152 theologos

250 2168 343 2197 non
364 2153 517 2207 uideo,
542 2154 620 2211 qui
640 2169 745 2198 cum
772 2155 919 2198 fructu
940 2155 1135 2200 scribere
1157 2156 1346 2212 possint:
1371 2158 1457 2200 hos
1478 2171 1505 2199 a
1527 2157 1580 2200 P.
1604 2155 1879 2212 prouintiale

251 2213 574 2270 designandos,
592 2220 639 2257 et
658 2214 759 2258 loco
782 2214 930 2270 magis
950 2222 1206 2271 opportuno
1227 2216 1514 2260 collocandos
1536 2225 1759 2271 putarem.
1784 2215 1878 2258 Ar-

249 2279 520 2329 gumentum
552 2272 781 2318 scribendi
812 2272 1008 2330 eligant,
1032 2273 1110 2329 qui
1141 2281 1248 2318 sunt
1277 2274 1570 2331 designandi,
1594 2280 1645 2316 ut
1676 2272 1876 2329 aliquam

251 2331 389 2374 animi
406 2331 750 2388 propensionem
767 2332 988 2386 adferant,
1008 2332 1234 2389 simulque
1251 2333 1441 2391 tempori
1458 2333 1675 2385 seruiant,
1695 2346 1746 2376 re
1768 2345 1875 2375 cum

253 2391 412 2434 eodem
434 2389 703 2447 prouintiale
727 2390 917 2447 eiusque
943 2391 1230 2446 consiliariis,
1254 2392 1293 2437 si
1320 2393 1516 2445 uidetur,
1547 2392 1724 2434 collata.
1750 2391 1874 2434 Idem

253 2449 383 2493 facile
405 2449 596 2502 curabit,
615 2456 666 2493 ut
682 2457 859 2495 secreto
874 2451 1080 2496 laborent
1094 2451 1335 2508 designati,
1353 2459 1400 2496 et
1416 2466 1519 2495 cum
1538 2450 1636 2494 aliis
1652 2450 1699 2492 in
1715 2449 1873 2494 eadem

250 2508 478 2565 prouintia
500 2509 751 2562 conferant,
776 2523 916 2565 quum
938 2509 1004 2553 sic
1025 2524 1097 2554 res
1118 2511 1429 2567 postulauerit.

339 2567 635 2611 Existimabat
657 2570 712 2613 P.
736 2568 909 2612 Natalis
929 2569 1055 2613 velut
1075 2569 1318 2627 collegium
1340 2571 1435 2614 fore
1456 2567 1726 2624 scriptorum
1748 2566 1871 2621 ejus-

245 2626 439 2680 cemodi,
465 2626 557 2683 qui,
584 2641 673 2670 uno
700 2626 748 2670 in
772 2627 873 2671 loco
899 2634 1247 2682 commorantes,
1277 2635 1459 2672 mutuas
1480 2626 1566 2671 sibi
1586 2631 1872 2683 praestarent

242 2699 422 2741 operas,
442 2693 488 2729 et
509 2700 643 2729 suum
659 2685 839 2729 interim
855 2687 1134 2743 praefectum
1149 2688 1385 2732 haberent.
1406 2688 1578 2731 Verum
1595 2684 1720 2727 haud
1735 2683 1869 2728 video

244 2745 366 2789 unde
388 2743 451 2787 illi
473 2744 626 2802 colligi
646 2752 692 2789 et
713 2745 813 2801 conj
821 2745 931 2802 ungi
951 2745 1142 2802 possint,
1165 2746 1245 2790 ubi
1267 2753 1392 2790 tanta
1412 2753 1482 2790 est
1503 2743 1750 2788 necessitas
1772 2744 1868 2786 col—

312 2880 322 2899 ¹
373 2880 432 2915 Ex
455 2881 708 2927 autographo,
739 2880 779 2917 in
802 2881 936 2928 Epist.
974 2880 1147 2928 Canisii,
1171 2882 1222 2927 II,
1247 2880 1329 2927 278.
1355 2881 1455 2917 Vide
1480 2880 1610 2927 Epist.
1634 2878 1791 2924 NataL,
1812 2879 1866 2923 ΙΙ,

243 2945 322 2983 195,
347 2937 432 2983 363,
456 2938 540 2984 636,
565 2945 641 2975 etc.
667 2940 753 2975 Hoc
782 2940 971 2987 epistolae
1000 2939 1261 2986 fragmentum
1290 2940 1412 2977 edidit
1443 2939 1488 2974 P.
1515 2938 1656 2974 Michel
1685 2948 1866 2973 sermone

236 2996 380 3043 gallico
397 2997 437 3033 in
454 3009 572 3045 opere
588 2998 652 3034 cui
670 2998 820 3035 titulus:
847 2998 916 3035 Vie
943 2999 1000 3034 du
1025 2999 1292 3036 bienheureux
1317 3000 1461 3035 Pierre
1490 2996 1693 3043 canisius,
1720 2996 1788 3032 lib.
1815 2995 1868 3039 V,

238 3067 326 3103 cap.
347 3064 382 3102 5.
