2228 3548
851 290 893 329 15
919 284 1137 321 ωσι-03318
1166 284 1259 330 1566
1755 285 1831 331 253

227 383 512 442 Compagnia
528 383 574 427 di
589 385 701 443 Jest‘i
717 392 826 439 etc.,
845 385 893 429 in
912 387 1069 430 Roma.
1105 387 1215 431 Alia
1233 401 1392 431 manu:
1414 388 1469 433 C.
1510 389 1636 443 1566.
1662 388 1873 446 Ispruch.

232 463 287 506 P.
310 462 487 506 Natale.
519 471 568 517 15
591 461 638 505 di
659 463 871 507 Ottobre.
906 464 1159 521 Vestigium
1181 465 1345 522 sigilli.

989 556 1119 599 ¹18ss

709 629 759 665 Ρ.
782 628 1023 676 JOANNES
1038 630 1109 666 DE
1121 629 1374 670 POLANCO

884 707 933 731 ex
949 706 1226 732 eommlssmne

564 761 774 804 PATRI
815 762 1244 806 HIERONYMO
1296 763 1539 808 NADAL

741 841 902 874 ROMAE,
924 842 967 878 15
985 841 1195 870 octosms
1215 833 1306 880 1566
1328 837 1353 870 ¹.

230 907 268 935 l.
290 898 353 934 De
376 899 584 949 mittendis
607 899 779 934 Romam
801 902 839 935 et
863 900 910 935 de
934 899 983 935 P.
1010 898 1201 935 Morales:
1227 900 1276 934 P.
1303 900 1449 947 Sunye,
1474 901 1662 936 visitator
1684 901 1729 935 in
1756 899 1875 935 Polo·

277 958 450 994 nim—2.
472 958 531 994 De
549 958 730 994 alumnis
746 959 802 993 ad
816 958 1032 1006 collegium
1041 959 1327 1006 germanicum
1345 959 1658 1005 mittendis.—3.
1682 959 1744 995 De
1758 959 1874 994 colle·

274 1014 360 1066 giis
380 1017 518 1053 Leodii
534 1021 571 1054 et
590 1018 633 1054 S.
657 1018 905 1054 Audomari.
1574 1031 1587 1051 t

328 1096 365 1128 Ι.
425 1085 557 1142 Jhus.
584 1085 726 1129 Molto
747 1084 861 1128 Rdo.
887 1083 933 1126 in
956 1084 1075 1140 Xpo.
1103 1083 1266 1128 Padre.
1294 1084 1390 1127 Pax
1413 1083 1539 1139 Xpi.,
1565 1091 1653 1126 etc.
1689 1085 1739 1127 L’
1765 1084 1872 1126 ulti-

170 1154 171 1157 *
237 1175 310 1204 me
332 1163 418 1205 che
439 1168 595 1204 nostro
618 1161 764 1205 Padre
784 1162 843 1204 ha
865 1159 1071 1204 riceuuto
1092 1159 1138 1202 di
1162 1161 1222 1204 V.
1250 1161 1308 1203 R.
1336 1174 1448 1203 sono
1466 1159 1511 1203 di
1539 1173 1591 1203 10
1607 1161 1654 1203 d'
1674 1162 1875 1216 Agosto.

240 1238 536 1283 Desideramo
557 1237 793 1282 intendere
814 1238 899 1281 che
927 1236 984 1280 lei
1013 1236 1079 1280 sia
1102 1243 1281 1280 tornato
1303 1250 1391 1280 con
1421 1237 1567 1281 sanita
1595 1238 1714 1282 nella
1735 1252 1874 1293 supe-

243 1316 332 1360 rior
353 1314 613 1367 Germania,
637 1315 757 1359 doue
777 1314 824 1358 lo
846 1321 1144 1370 aspettauano
1167 1328 1244 1370 per
1265 1313 1297 1357 il
1318 1314 1381 1356 fin
1403 1313 1448 1356 di
1471 1314 1744 1359 Settembre.
1771 1316 1876 1358 Non

242 1394 521 1438 intendiamo
542 1406 708 1436 ancora
728 1391 855 1435 siano
876 1390 1025 1448 partiti
1048 1391 1185 1447 quelli
1214 1401 1262 1446 15
1285 1405 1313 1434 0
1334 1391 1450 1435 uinti
1471 1393 1556 1436 che
1573 1391 1611 1436 si
1633 1394 1881 1437 haueuano

242 1487 268 1516 a
288 1471 477 1515 mandar
498 1485 524 1514 a
546 1471 706 1514 Roma:
731 1468 868 1525 quelli
886 1470 976 1517 >che
998 1468 1035 1512 si
1053 1469 1376 1522 mandaranno,
1396 1468 1434 1512 si
1451 1476 1771 1513 accettaranno
1794 1483 1877 1513 uo-

239 1548 437 1593 luntieri.
477 1547 610 1592 Circa
637 1546 668 1590 il
691 1548 744 1590 Ρ.
786 1546 980 1591 Morales
1002 1560 1093 1589 non
1122 1545 1163 1588 ci
1191 1545 1308 1589 saria
1335 1552 1497 1604 troppo
1517 1547 1736 1590 difficulta
1759 1547 1879 1590 nella

232 1642 323 1671 sua
345 1632 515 1670 uenuta
537 1639 563 1668 a
585 1626 743 1675 Roma,
768 1638 818 1668 se
839 1623 916 1679 qui
944 1623 1203 1667 hauessimo
1224 1623 1266 1666 la
1298 1622 1580 1681 ricompensa
1608 1625 1694 1668 che
1723 1625 1780 1668 V.
1808 1625 1866 1668 R.

241 1712 383 1748 tocca.
411 1704 492 1748 Sta
512 1702 654 1745 molto
680 1702 798 1746 bene
826 1703 910 1744 che
938 1699 967 1743 il
999 1702 1051 1743 P.
1078 1700 1243 1744 Sunier
1270 1699 1308 1743 si
1331 1700 1459 1745 fermi
1488 1715 1617 1745 corne
1645 1701 1883 1746 visitatore

241 1781 288 1825 in
310 1780 446 1837 quelli
468 1779 645 1836 collegij
676 1778 722 1822 di
751 1778 939 1822 Polonia
962 1785 1007 1822 et
1040 1776 1215 1829 Prusia,
1241 1791 1268 1820 0
1290 1792 1401 1821 uero
1427 1792 1557 1823 come
1587 1778 1878 1835 superinten-

244 1860 380 1903 dente
401 1857 447 1900 di
469 1856 576 1900 tutti
597 1857 702 1909 dua,
727 1863 773 1900 et
794 1854 839 1898 in
863 1853 1130 1898 conformita
1145 1853 1191 1896 di
1213 1861 1376 1910 questo
1391 1870 1440 1899 se
1459 1855 1488 1898 li
1511 1857 1536 1900 e
1554 1855 1711 1899 scritto
1733 1858 1886 1901 anche

245 1936 290 1980 di
307 1938 466 1980 Roma:
491 1941 537 1979 et
558 1933 754 1977 tuttauia
770 1948 878 1989 pare
899 1931 1202 1976 conueniente
1222 1931 1430 1988 dependa
1450 1934 1523 1978 del
1540 1933 1818 1990 prouinciale
1833 1933 1882 1977 di

246 2013 433 2058 Austria
454 2013 487 2066 ²,
513 2011 638 2055 aecio
661 2025 793 2067 possa
814 2023 965 2054 essere
987 2008 1176 2060 aiutato,
1201 2015 1289 2052 ete.

335 2103 376 2134 2.
442 2089 500 2134 Di
523 2088 659 2145 quelli
680 2089 766 2132 che
788 2086 825 2130 si
846 2088 1087 2130 haueuano
1109 2100 1135 2128 a
1165 2085 1379 2131 mandare
1401 2087 1443 2130 al
1471 2088 1666 2144 collegio
1694 2103 1879 2144 germa-

245 2169 348 2212 nico
364 2170 414 2210 fu
435 2166 607 2219 scritto,
627 2167 712 2209 che
733 2166 790 2208 V.
818 2165 871 2207 R.
900 2162 1125 2207 mandassi
1147 2162 1247 2206 sino
1269 2177 1295 2206 a
1322 2163 1503 2221 cinque,
1529 2180 1618 2208 con
1640 2166 1681 2208 le
1710 2165 1880 2220 qualita

245 2247 330 2289 che
350 2244 381 2287 li
404 2242 589 2300 paressi.
615 2243 720 2286 Vno
741 2242 766 2284 e
789 2241 866 2297 gia
886 2247 1074 2292 uenuto,
1100 2241 1184 2283 che
1202 2241 1367 2284 mando
1389 2241 1419 2284 il
1443 2243 1496 2285 P.
1519 2242 1717 2286 Canisio.
1748 2243 1882 2285 Parlo

246 2321 350 2366 delli
372 2319 547 2377 poueri,
571 2321 656 2362 che
678 2318 782 2362 delli
799 2317 900 2361 altri
921 2318 964 2360 c’
987 2318 1013 2360 e
1034 2331 1196 2360 manco
1213 2317 1454 2362 difficulta.

340 2413 381 2454 3.
446 2398 480 2441 Il
501 2410 699 2440 vescouo
719 2395 763 2438 di
787 2394 911 2450 Lieja
934 2396 948 2416 ³
971 2395 1030 2437 ha
1052 2393 1209 2438 scritto
1231 2410 1257 2438 a
1286 2402 1442 2440 nostro
1467 2398 1615 2440 Padre
1636 2411 1721 2440 con
1745 2397 1884 2440 molta

250 2475 486 2528 instancia,
506 2473 631 2517 accio
648 2472 685 2516 si
702 2472 854 2515 mandi
871 2487 931 2514 un
950 2471 1143 2528 collegio
1165 2471 1211 2515 in
1228 2473 1378 2528 quella
1395 2488 1478 2517 sua
1495 2475 1619 2518 citta.
1642 2475 1698 2517 Et
1716 2474 1753 2518 si
1771 2475 1883 2518 offe—

252 2553 429 2596 riscono
451 2566 530 2608 per
551 2550 711 2594 adesso
732 2549 912 2591 intorno
934 2563 960 2591 a
982 2562 1070 2605 900
1088 2548 1217 2591 scudi
1233 2549 1264 2591 l’
1284 2565 1418 2604 anno,
1439 2551 1588 2595 insino
1611 2567 1636 2595 a
1654 2559 1780 2595 tanto
1797 2553 1886 2597 che

253 2629 432 2686 passino
455 2627 604 2672 alcuni
627 2626 758 2683 pochi
779 2625 902 2677 anni,
931 2626 1094 2668 dentro
1123 2626 1228 2669 deni
1257 2627 1378 2684 quali
1400 2629 1552 2673 hanno
1581 2629 1626 2672 di
1655 2630 1736 2672 dar
1757 2629 1787 2671 l'
1812 2629 1884 2672 in-

253 2713 368 2750 trata
395 2707 552 2757 ferma,
584 2705 719 2748 credo
761 2704 817 2746 de
847 2717 962 2758 3000
995 2702 1160 2756 fiorini,
1191 2705 1277 2749 che
1303 2707 1556 2750 sarebbono
1592 2717 1703 2761 1500
1734 2706 1880 2750 scudi.

325 2808 334 2828 ¹
385 2806 443 2840 Ex
459 2805 726 2851 archetypo,·a
744 2802 971 2838 Fernandez
995 2807 1168 2845 exarato,
1194 2807 1235 2839 et
1259 2804 1416 2842 Polanci
1441 2819 1556 2843 manu
1583 2807 1822 2854 subscripto,
1847 2808 1889 2844 in

253 2864 353 2901 Cod.
390 2864 512 2907 PLB,
542 2863 687 2910 duplici
716 2862 808 2907 fol„
840 2871 909 2907 244
937 2861 1031 2907 (73).
1070 2861 1189 2898 Aliud
1219 2866 1442 2913 exemplum
1471 2867 1593 2902 habes
1626 2867 1666 2903 in
1696 2867 1892 2913 Regesto,

254 2925 350 2961 Cod.
372 2933 429 2969 33,
441 2922 500 2970 s),
521 2922 591 2959 fol.
619 2923 702 2959 186.
726 2922 828 2959 Vide
845 2922 965 2968 epist.
989 2931 1072 2968 422,
1094 2921 1158 2958 cui
1175 2923 1272 2960 haec
1289 2926 1515 2973 respondet.

323 2986 337 3005 Ξ
391 2981 621 3018 Laurentius
645 2981 798 3028 Magius
823 2986 906 3017 erat
930 2980 1179 3028 provincialis
1205 2982 1388 3020 Austriae
1406 2987 1456 3021 ab
1474 2992 1613 3022 octavo
1631 2986 1694 3022 die
1713 2986 1893 3034 Septem·

254 3042 354 3078 bris.
377 3040 478 3076 Vide
495 3045 675 3087 patentes
692 3039 842 3075 litteras
861 3039 935 3086 ipsi
953 3038 1079 3084 datas,
1098 3041 1172 3076 sub
1191 3052 1229 3076 n.
1247 3042 1332 3086 428.

327 3102 342 3122 ³
392 3099 617 3137 Gerhardus
635 3111 711 3135 van
730 3099 960 3135 Groesbeck
978 3099 1089 3144 (1562
1112 3120 1117 3124 ·
1136 3100 1157 3134 1·
1179 3099 1299 3146 1580).
1333 3102 1469 3148 GAMS,
1498 3105 1571 3140 loc.
1598 3104 1680 3147 cit„
1700 3117 1789 3152 pag.
1810 3114 1902 3152 249>
