2228 3548
422 305 492 349 604
940 303 1079 339 Ems‘r.
1107 279 1151 338 P.
1180 302 1453 350 NADAL-——523

368 406 428 449 Se
451 404 700 448 realmente
722 401 753 444 li
776 402 940 447 medici
962 402 1157 447 diranno
1177 405 1263 447 che
1294 418 1387 447 non
1415 406 1507 462 puo
1535 406 1702 450 andare
1732 421 1869 451 senza
1898 405 2020 463 peri-

366 482 467 524 colo
491 481 634 531 detto,
662 479 708 522 in
731 480 793 523 tal
815 494 921 524 caso
944 479 1135 524 scriuesi
1162 487 1183 508 ²
1201 494 1293 524 una
1318 481 1484 526 lettera
1511 474 1568 527 al'
1583 485 1636 526 P.
1662 484 1698 527 F
1700 484 1907 528 rancisco
1930 485 2021 530 So-

366 558 451 602 lier
465 558 501 609 b,
528 556 913 613 viceprouinciale
926 557 984 616 ¹in
1007 556 1213 610 Polonia,
1239 559 1325 602 che
1347 573 1440 602 non
1458 573 1507 603 se
1524 560 1692 603 manda
1708 575 1790 617 per
1806 560 2017 618 giudicar

367 635 397 677 li
420 633 583 678 medici
605 635 692 678 che
715 648 808 677 non
825 633 863 677 si
884 649 1035 691 possa,
1056 641 1103 680 et
1119 637 1206 679 che
1223 636 1406 691 quando
1423 636 1466 679 la
1482 636 1631 680 sanita
1647 636 1692 680 lo
1708 639 2012 695 comportata,

369 714 456 755 che
479 711 517 755 si
540 711 773 756 mandata.
1674 766 1678 771 .

459 801 499 843 7.
566 790 698 832 Della
719 789 961 833 fundation
984 789 1029 833 di
1053 790 1300 847 Lugduno,
1327 797 1373 835 et
1395 791 1440 834 di
1463 790 1666 835 chiamar
1688 791 1720 834 il
1743 793 1797 835 P.
1823 792 2019 836 Claudio

369 869 543 910 Matteo
566 868 573 888 ¹
605 881 686 923 per
719 866 898 923 Parigi,
932 867 1101 924 meglio
1131 870 1262 924 potra
1289 867 1498 924 giudicar
1527 870 1584 913 V.
1611 869 1686 922 R.,
1713 869 1897 924 quando
1918 871 2019 914 sara

371 951 601 1000 presente,
628 952 674 987 et
697 945 870 989 hauera
892 944 999 988 uisti
1020 944 1051 987 li
1073 944 1255 1002 bisogni
1278 945 1324 988 di
1346 947 1496 1001 quella
1518 946 1761 1003 prouintia.

461 1023 503 1066 8.
568 1023 656 1067 Del
684 1022 801 1066 libro
829 1023 902 1067 del
932 1025 985 1067 P.
1019 1024 1201 1076 Torres,
1233 1023 1309 1080 gia
1339 1023 1377 1066 si
1405 1024 1429 1067 ὲ
1457 1023 1615 1068 scritto
1636 1025 1724 1069 che
1752 1023 1790 1067 si
1818 1037 2021 1081 possano

369 1100 588 1144 emendat
610 1101 652 1144 le
675 1113 781 1144 cose
804 1101 892 1144 che
914 1114 1167 1156 pareranno
1188 1115 1216 1144 a
1240 1102 1296 1145 V.
1323 1102 1378 1145 R.
1405 1101 1438 1144 ².

458 1193 501 1234 9.
567 1176 698 1222 Hieri
719 1183 856 1222 stette
874 1177 952 1233 qui
969 1178 1089 1222 nella
1104 1177 1260 1234 piazza
1277 1179 1291 1200 ³
1316 1177 1347 1220 il
1363 1177 1593 1223 cardinale
1609 1179 1646 1222 F
1648 1178 1826 1223 arnesio
1843 1178 1914 1222 col
1932 1192 2018 1221 suo

371 1253 623 1297 architecto
645 1261 692 1298 et
713 1253 840 1297 molti
862 1253 1059 1308 romani,
1085 1262 1131 1298 et
1152 1255 1196 1298 io
1218 1269 1386 1298 ancora
1406 1255 1467 1298 mi
1498 1254 1643 1299 trouai
1672 1270 1752 1312 per
1775 1254 2017 1299 rissoluere

368 1330 395 1374 l'
422 1330 579 1374 vltimo
601 1330 822 1388 dissegno
845 1332 964 1376 della
986 1331 1153 1376 chiesa.
1182 1333 1240 1375 Et
1256 1332 1444 1376 intendo
1460 1334 1520 1376 ha
1537 1339 1818 1389 consegnato
1835 1339 2016 1390 quattro

373 1408 479 1452 mila
500 1409 646 1465 seddi,
674 1423 701 1452 o
723 1408 816 1465 pio,
842 1423 922 1465 per
942 1409 1248 1466 principiarla.
1270 1411 1328 1453 Et
1345 1424 1431 1453 con
1450 1411 1592 1454 hauer
1608 1424 1742 1467 preso
1759 1409 1834 1453 noi
1854 1410 1896 1454 la
1913 1423 2019 1454 casa

373 1486 480 1529 dell’
506 1486 686 1540 Altieri,
713 1488 978 1531 hauerenno
998 1494 1015 1515 0
1036 1487 1067 1530 il
1088 1487 1176 1531 sito
1198 1487 1274 1544 pisi
1304 1488 1558 1531 commodO.
1585 1487 1640 1532 Ci
1662 1489 1722 1531 ha
1743 1500 1965 1532 concesso
1987 1486 2018 1530 il

371 1578 489 1620 papa
512 1563 660 1619 questi
678 1563 827 1620 giorni
844 1565 1006 1609 alcune
1022 1564 1185 1622 gratie;
1205 1572 1252 1609 et
1269 1566 1336 1608 fra
1353 1565 1518 1621 quelle,
1540 1571 1659 1610 tutte
1681 1565 1712 1607 1’
1731 1563 2017 1622 indulgentie

371 1642 460 1686 che
482 1642 636 1684 hanno
657 1641 687 1683 li
709 1641 909 1698 religiosi
931 1641 1209 1686 mendicanti
1230 1649 1340 1697 etc.,
1365 1643 1453 1686 che
1475 1642 1499 1686 ὲ
1521 1657 1583 1686 vn
1607 1649 1756 1687 tesoro
1786 1641 1960 1699 grande
1980 1641 2012 1685 ⁴.

372 1719 420 1762 Io
441 1726 512 1762 sto
541 1718 710 1775 meglio
737 1719 855 1762 della
883 1720 1108 1776 podagra,
1134 1720 1310 1764 benche
1342 1734 1435 1764 non
1466 1720 1541 1763 dal
1570 1726 1691 1763 tutto
1723 1719 1880 1772 libero,
1907 1717 2016 1762 etei

370 1796 764 1840 raccomandiamo
787 1798 926 1840 molto
949 1797 1022 1840 alli
1052 1797 1261 1842 sacrificii
1290 1797 1336 1841 di
1359 1799 1416 1842 V.
1444 1799 1498 1841 R.
1525 1804 1571 1842 et
1598 1796 1661 1840 dil
1690 1798 1743 1841 P.
1770 1795 2010 1840 Ximenez.

370 1873 430 1917 Di
453 1875 610 1926 Roma,
637 1874 679 1917 al
701 1873 747 1917 di
777 1886 793 1917 1
821 1874 866 1916 di
888 1875 1077 1932 Giugno
1105 1876 1231 1930 1568.

443 2030 464 2051 a
502 2022 567 2058 Sic
592 2033 660 2069 pro
685 2023 945 2058 scriuasi.-b
960 2023 1041 2068 Sic,
1065 2035 1135 2071 pro
1160 2023 1311 2060 Sunier
1334 2023 1586 2071 (Sunye).-c
1604 2022 1683 2067 Sic,
1711 2033 1782 2070 pro
1804 2023 2014 2066 havremo,

366 2081 448 2128 jam
466 2093 645 2117 avremo.

443 2220 453 2240 ¹
504 2217 598 2264 Ejus
618 2229 784 2254 examen
803 2218 894 2254 vide
913 2219 952 2254 in
978 2220 1101 2267 Epist.
1124 2219 1280 2262 Natal„
1300 2220 1354 2266 ΙΙ,
1373 2219 1455 2265 546.
1475 2219 1521 2255 In
1546 2220 1726 2265 catalogo
1749 2217 1910 2265 collegii
1934 2222 2013 2253 tur·

371 2278 573 2322 nonensis,
596 2288 699 2314 anno
726 2277 817 2323 1566
842 2279 1001 2325 scripto,
1028 2280 1125 2315 haec
1155 2278 1204 2315 de
1236 2278 1404 2315 Claudio
1433 2278 1696 2326 reperiuntur:
1730 2278 1797 2313 «P.
1826 2276 2015 2313 Claudius

370 2337 605 2384 Matthaeus,
628 2337 831 2383 ingressus
850 2349 951 2373 anno
972 2339 1076 2385 1558,
1096 2338 1229 2375 emisit
1253 2350 1332 2374 non
1359 2339 1482 2374 multo
1499 2343 1589 2385 post
1613 2342 1717 2374 vota:
1739 2341 1855 2372 natus
1871 2341 1934 2372 est
1950 2347 2018 2372 an-

369 2407 441 2432 nos
465 2397 522 2432 28:
557 2402 617 2432 est
648 2395 807 2433 natione
837 2397 1094 2445 lotharingus,
1128 2403 1258 2434 rector
1282 2397 1443 2444 collegii
1470 2397 1733 2444 tornonensis,
1762 2395 2016 2432 concionator

372 2455 576 2492 idoneus.»

440 2517 454 2536 ²
506 2515 608 2550 Vide
627 2514 743 2562 epist.
765 2522 849 2561 521,
869 2527 906 2550 n.
928 2526 962 2551 2.

440 2575 454 2595 ⁵
505 2575 647 2610 Forum
667 2574 919 2610 Alteriorum.
941 2575 1042 2612 Vide
1061 2576 1165 2612 illius
1184 2575 1504 2622 ichnographiam
1523 2586 1546 2610 a
1563 2574 1747 2611 Bufalino
1759 2571 2014 2619 descriptam,

368 2633 471 2680 apud
485 2633 653 2669 TACCffl
667 2633 875 2675 VENTUR1‚
900 2634 949 2670 Le
967 2646 1054 2671 case
1072 2635 1220 2671 abitate
1239 2635 1284 2670 in
1302 2635 1434 2670 Roma
1450 2635 1505 2670 da
1531 2634 1572 2670 S.
1599 2633 1768 2680 Ignazio
1790 2632 1834 2667 di
1860 2631 2015 2677 Loiola,

367 2692 418 2727 ad
436 2694 583 2728 calcem
602 2691 706 2739 libri,
722 2697 824 2727 «tav.
847 2693 939 2727 IV».

440 2754 456 2774 ⁴
506 2751 608 2788 Vide
627 2752 745 2799 epist.
765 2760 849 2797 521,
869 2764 907 2787 n.
928 2751 963 2787 3.

2204 3545 2205 3548 Α
2195 3325 2228 3531 ,3⁴›Jffi7fflntzl—
2215 3278 2228 3314 1...
2225 3238 2228 3242 .
2226 3220 2228 3224 ,
2208 3183 2210 3186 ’
