2228 3548
349 283 422 319 240
863 267 1004 302 EPJST.
1032 265 1077 300 P.
1105 263 1379 310 NAnAL—432

296 375 381 418 alla
404 369 690 427 Compagnia
713 383 775 411 un
792 365 1069 410 mOnasterio
1085 365 1288 410 desolato
1306 366 1363 410 de
1384 366 1527 411 molto
1543 372 1716 424 tempo,
1736 369 1792 412 de
1809 369 1937 425 fratri

294 449 456 494 minori
487 445 765 499 osseruanti,
798 445 856 489 de
886 442 1170 486 buonissimo
1207 456 1329 496 aere,
1361 442 1559 500 miglior’
1584 446 1670 488 che
1707 447 1856 502 quello
1887 447 1934 491 di

294 528 519 577 Trebona,
549 525 650 567 loeo
671 523 814 565 molto
836 534 1015 574 amem,
1035 526 1080 564 et
1102 521 1235 564 horto
1257 520 1551 577 amplissimo,
1571 529 1617 566 et
1633 523 1784 567 buone
1800 524 1933 568 habi-

293 602 467 656 tationi,
493 608 539 646 et
560 607 679 643 tutto
701 599 731 641 il
753 597 1028 642 monasterio
1050 597 1075 640 ἐ
1097 595 1143 639 di
1163 597 1315 652 quella
1336 597 1539 655 signora,
1558 601 1726 656 perche
1742 615 1826 645 suo
1846 616 1930 658 pa-

290 682 370 724 dre
390 681 435 722 lo
457 678 618 722 edifico
639 693 668 719 a
681 675 1023 735 fundamentis,
1042 680 1088 718 et
1110 673 1168 724 lei
1191 674 1250 718 da
1271 682 1406 719 cento
1423 675 1569 719 talleri
1589 675 1636 719 di
1657 677 1850 723 rendita.
1871 680 1909 724 L

290 757 584 802 areiueseouo
606 755 631 797 e
653 759 872 796 contento
894 758 940 794 et
963 765 1120 808 prega3
1145 750 1177 794 il
1198 751 1429 808 preposito
1450 751 1584 797 insta.
1609 754 1686 798 Ho
1707 756 1880 811 parlato
1902 772 1931 801 a

289 835 438 891 quella
454 832 655 889 signora,
676 830 902 886 passando
920 828 966 871 di
988 829 1046 881 1221,
1068 835 1113 873 et
1135 829 1329 886 dettogli
1346 832 1432 874 che
1449 844 1542 874 non
1559 832 1584 874 e
1600 845 1708 875 cosa
1724 833 1782 876 da
1804 841 1930 878 acet-

291 919 387 956 tare
408 911 466 953 da
487 924 566 966 per
587 922 652 960 se,
678 907 937 963 imperoche
959 907 1016 948 ne
1038 905 1096 950 lei
1119 906 1256 950 uuole
1279 906 1491 964 collegio,
1511 909 1569 952 ne
1591 908 1636 951 lo
1657 909 1749 965 puo
1766 910 1928 955 funda-

289 1003 354 1042 re3
374 990 434 1031 ha
453 988 559 1031 deto
577 987 661 1028 che
677 999 726 1028 se
744 990 958 1026 contenta
976 984 1061 1026 che
1083 983 1141 1028 de
1164 983 1303 1039 quelli
1320 984 1482 1040 pocehi
1503 985 1661 1029 danari
1678 1000 1727 1030 se
1748 994 1933 1032 susten-

289 1066 383 1109 tino
406 1062 543 1120 quelli
565 1064 649 1107 che
672 1067 894 1118 puotrano
917 1061 974 1103 de
996 1059 1163 1113 nostri,
1189 1067 1234 1105 et
1257 1060 1465 1106 desidera
1495 1063 1666 1107 hauere
1688 1078 1749 1107 vn
1778 1064 1931 1120 predi-

288 1149 441 1187 catore
461 1141 672 1184 bohemo.
694 1140 741 1181 Io
763 1138 793 1179 li
816 1139 875 1180 ho
892 1137 1036 1190 detto,
1057 1145 1220 1193 questo
1237 1152 1327 1181 non
1346 1141 1486 1183 esser’
1507 1139 1737 1196 possibile,
1757 1155 1806 1184 se
1823 1142 1929 1197 quel

286 1221 458 1276 luogho
480 1224 526 1260 et
547 1217 591 1259 la
611 1215 788 1259 rendita
810 1229 901 1257 non
923 1217 959 1257 s’
986 1214 1201 1271 applicasi
1215 1215 1266 1258 —al
1283 1215 1477 1272 collegio
1498 1215 1544 1259 di
1563 1218 1774 1261 Trebona
1791 1219 1925 1274 (dalla
1967 1274 1969 1276 q

287 1297 421 1354 quale
442 1296 467 1339 e
488 1296 674 1338 lontano
696 1294 785 1336 due
812 1291 967 1348 miglia
991 1292 1257 1348 thedesche)
1281 1299 1326 1336 et
1354 1293 1443 1336 fusi
1472 1307 1606 1339 come
1626 1309 1717 1338 vna
1743 1309 1848 1340 casa
1878 1296 1924 1340 di

286 1372 555 1418 ricreatione
572 1370 617 1413 di
640 1371 805 1426 quello.
827 1371 892 1413 La
907 1369 1093 1425 signora
1109 1370 1134 1413 e
1152 1377 1270 1413 stata
1291 1370 1336 1413 di
1353 1378 1516 1426 questo
1533 1372 1672 1415 molto
1688 1379 1920 1426 contenta,

285 1458 331 1496 et
352 1450 414 1493 fni
436 1464 543 1506 pare
572 1463 597 1491 a
628 1463 700 1491 me
728 1449 827 1499 che,
859 1460 950 1489 non
972 1446 1215 1491 essendoui
1244 1447 1427 1490 alchun'
1451 1448 1755 1505 obligatione,
1781 1452 1865 1494 che
1887 1450 1926 1494 si

286 1529 378 1586 puo
399 1517 613 1578 aeettare,
639 1531 683 1568 et
707 1527 807 1567 sara
834 1523 946 1568 utile
968 1538 1049 1579 per
1078 1523 1110 1567 il
1137 1523 1332 1581 collegio
1353 1524 1399 1567 di
1428 1526 1662 1579 Trebona‚
1687 1533 1734 1569 et
1761 1526 1926 1572 nisuna

286 1620 393 1649 cosa
414 1604 470 1647 de
494 1610 651 1659 queste
674 1601 715 1644 ci
738 1602 795 1644 da
818 1601 946 1655 freta,
972 1607 1017 1644 et
1041 1601 1190 1656 quella
1210 1601 1447 1658 prouincia
1463 1603 1554 1658 puo
1570 1604 1822 1659 prouedere
1839 1618 1925 1648 con

283 1683 328 1726 la
349 1680 496 1739 gratia
518 1680 589 1724 del
613 1679 830 1735 Signore,
856 1678 1229 1734 principalmente
1255 1680 1341 1722 che
1371 1680 1531 1723 adesso
1559 1694 1651 1723 non
1674 1683 1714 1724 c’
1739 1682 1765 1724 e
1788 1682 1925 1726 fretta

285 1763 366 1817 per
387 1773 479 1802 non
501 1759 638 1801 esser’
665 1758 775 1799 satta
795 1757 826 1798 1’
853 1756 1020 1800 unione
1042 1757 1099 1800 ne
1121 1757 1334 1800 acordato
1355 1756 1387 1799 il
1409 1756 1611 1814 negotio.
1638 1759 1672 1801 Il
1695 1757 1878 1815 signore
1895 1774 1924 1803 a

286 1836 442 1881 Rossis
463 1842 534 1878 sta
554 1835 672 1877 nella
694 1848 860 1889 guerra
882 1840 967 1877 etc.

377 1925 418 1967 7.
485 1912 710 1956 Hauendo
728 1910 883 1954 scritto
900 1910 1048 1954 insino
1065 1911 1159 1966 qui,
1179 1911 1205 1954 e
1222 1910 1382 1968 gionto
1398 1910 1430 1953 il
1447 1912 1501 1955 P.
1522 1912 1696 1968 Lanoy3
1719 1920 1764 1957 et
1781 1914 1919 1968 quelli

252 1994 269 1999 ‘⁴
284 1993 370 2035 che
392 1992 512 2033 hano
536 2004 561 2031 a
582 1987 749 2044 partire
770 2003 849 2043 per
872 1990 1014 2031 Roma
1038 1989 1138 2045 (che
1159 2002 1249 2031 non
1273 2002 1436 2031 sarano
1459 1988 1572 2032 tanti
1589 2003 1719 2034 come
1741 1989 1784 2033 io
1805 2005 1917 2047 pen-

284 2067 409 2123 saua)
433 2081 521 2109 non
545 2071 767 2122 puotrano
790 2064 953 2120 partire
975 2066 1137 2109 dentro
1158 2065 1215 2108 de
1236 2071 1355 2110 sette
1381 2079 1408 2109 o
1435 2072 1532 2109 otto
1554 2064 1726 2122 giomi,
1752 2069 1921 2123 perche

285 2147 322 2189 s'
353 2149 590 2200 aspettano
626 2148 787 2197 quatro
823 2142 879 2184 da
917 2141 1173 2186 Monachio.
1215 2143 1273 2185 Et
1310 2157 1390 2198 per
1422 2150 1584 2198 questa
1611 2158 1705 2186 non
1734 2159 1922 2190 oceorre

283 2223 413 2265 altro.
439 2220 473 2262 11
496 2218 691 2275 Signore
719 2218 784 2261 sia
812 2233 898 2261 eon
926 2218 1014 2262 noi.
1049 2219 1148 2263 Ora
1169 2223 1258 2275 pro
1286 2233 1376 2273 me,
1400 2221 1560 2263 Pater.
1586 2222 1657 2264 Da
1679 2222 1920 2278 Inspruch,

284 2298 359 2342 aui
383 2307 406 2352 5
430 2297 487 2340 de
509 2295 857 2349 Ottobre·1566.
884 2297 954 2340 De
976 2298 1033 2340 V.
1061 2298 1114 2340 P.
1141 2311 1276 2340 seruo
1297 2312 1356 2341 en
1377 2297 1517 2353 Xpo.,

1372 2379 1402 2437 †
1431 2380 1615 2497 ΝΑξΑι.
1650 2379 1680 2437 †

373 2528 616 2584 Inscriptio
637 2527 688 2569 in
711 2528 877 2582 quarta
892 2528 1099 2583 pagina:
1120 2530 1253 2586 Jhus.
1280 2529 1340 2572 Al
1362 2528 1502 2571 molto
1525 2528 1640 2571 Rdo.
1667 2528 1814 2572 Padre
1836 2543 1917 2572 no-

282 2612 376 2649 stro
394 2605 440 2648 in
457 2604 639 2649 Christo
657 2603 687 2646 il
706 2605 757 2646 P.
779 2604 814 2645 F
818 2617 1032 2647 raneeseo
1049 2606 1106 2650 de
1125 2605 1308 2662 Borgia,
1325 2604 1552 2662 preposito
1569 2602 1782 2660 generale
1799 2606 1919 2650 della

282 2681 566 2738 Compagnia
597 2681 654 2725 de
670 2681 782 2737 Jessi
819 2686 904 2723 etc.
931 2682 1089 2725 Roma.
1122 2683 1230 2725 Alia
1265 2697 1439 2726 manu:
1467 2683 1521 2726 C.
1553 2682 1681 2736 1566.
1708 2683 1916 2739 Ispruch.

283 2760 337 2802 P.
363 2759 539 2802 Natale.
569 2768 592 2812 5
611 2757 657 2800 di
680 2757 886 2801 Ottobre.
917 2758 1170 2816 Vestigium
1188 2760 1353 2817 sigilli.
