2228 3548
107 16 118 24 -
151 7 157 14 ν
192 8 194 10 v
361 0 1212 40 ‘fflfffflfflffiswffi'z’isjvf**ff
1249 9 1252 10 ν
1473 0 1499 27 .·
1631 3 1647 11 ν’

330 46 333 47 ⁷
398 37 404 55 V*
479 35 490 45 ι’
514 35 516 38 ’
639 46 642 47 ⁷
695 48 703 55 ⁴
731 36 734 42 ¹
792 43 795 46 ,
871 41 875 46 t
894 44 898 45 γ
935 51 937 53 Ι

905 283 921 311 1
950 274 1120 312 Amans
1148 275 1240 322 1567
1767 283 1840 322 427

246 375 296 419 in
326 374 540 433 pericolo‚
577 382 624 421 et
659 376 824 421 nisuna
859 391 968 422 cosa
998 391 1196 435 possono
1227 379 1338 424 fare.
1372 379 1430 422 Et
1461 379 1576 422 Mro.
1610 377 1797 423 Andrea
1827 379 1889 422 ha

249 451 406 496 scritto
427 467 518 497 vna
537 454 699 498 lettera
714 454 757 498 al
773 453 943 511 Viglio,
962 454 1146 500 dandoli
1162 454 1386 513 raggione
1400 454 1446 498 di
1468 462 1645 512 questo,
1665 461 1712 500 et
1727 455 1885 500 dicen-

250 529 310 572 do
336 530 424 573 che
450 530 514 573 lui
541 544 628 573 con
649 546 710 574 vn
739 531 1013 589 compagnio
1040 539 1159 576 resta
1185 531 1233 576 in
1259 533 1296 576 F
1299 531 1424 586 risia,
1456 539 1503 577 et
1529 534 1617 578 che
1642 532 1758 576 veda
1788 533 1889 577 Sua

251 606 463 664 Signoria
483 606 530 650 in
552 608 640 652 che
661 610 822 664 puotra
837 608 1024 663 seruire,
1043 609 1242 654 secondo
1258 610 1290 652 l'
1308 609 1517 653 instituto
1534 616 1707 661 nostro,
1726 608 1886 653 dicen-

249 683 341 728 doli
363 684 498 730 etiam
519 699 570 729 se
590 686 726 730 vuole
747 686 834 730 che
855 686 902 729 di
923 686 1060 743 quelli
1078 700 1164 742 300
1179 686 1328 730 fiorini
1343 686 1382 731 si
1398 686 1655 732 sustentino
1670 686 1887 730 etiamdio

249 761 387 818 quelli
408 763 496 806 che
517 761 552 805 s'
575 763 728 806 hanno
750 777 776 806 a
797 763 1011 808 mandare
1031 763 1079 806 in
1101 763 1306 817 Colonia,
1330 763 1602 808 rimettendo
1633 763 1744 820 ogni
1773 777 1883 807 cosa

248 839 291 882 al
312 853 396 882 suo
417 838 636 896 giudicio,
662 846 706 884 et
728 854 819 884 non
835 839 1137 898 significando
1153 842 1241 886 che
1255 840 1299 884 io
1315 839 1455 884 habbi
1473 841 1583 884 fatta
1600 847 1761 896 questa
1777 854 1880 884 rnu-

246 914 435 970 tatione,
454 930 503 959 se
520 931 610 960 non
627 917 820 962 dicendo
836 917 884 960 in
900 932 1071 975 genere
1086 919 1190 971 che,
1209 918 1404 963 essendo
1420 916 1485 960 lui
1501 925 1673 961 venuto
1696 933 1723 961 a
1739 918 1879 962 Colo-

246 993 337 1048 nia,
361 993 425 1050 gli
450 993 583 1037 Padri
599 993 629 1036 li
645 995 799 1038 hanno
816 994 1153 1052 acconsegliato
1169 1001 1347 1051 questo,
1367 1001 1456 1040 etc.
1480 995 1541 1040 Se
1558 996 1601 1038 13
1620 997 1672 1038 Ρ.
1694 996 1752 1039 V.
1772 995 1883 1038 vuol

247 1084 405 1127 sapere
426 1070 456 1113 il
478 1070 568 1113 mio
595 1085 753 1127 parere
773 1071 819 1114 di
849 1078 1010 1129 questa
1032 1086 1186 1129 opera,
1212 1087 1239 1116 a
1265 1086 1338 1115 me
1366 1070 1425 1114 m'
1454 1085 1703 1116 occorreua
1724 1087 1881 1129 rapre-

249 1154 428 1192 sentare
449 1148 538 1192 che
554 1161 645 1191 non
668 1148 939 1194 ritornasero
958 1149 1002 1192 13
1022 1147 1053 1191 li
1069 1148 1237 1202 lettori,
1262 1149 1351 1192 che
1367 1162 1481 1192 sono
1497 1148 1571 1191 doi
1589 1163 1616 1191 0
1634 1155 1702 1192 tre
1718 1148 1878 1202 buoni,

249 1224 382 1268 insin’
404 1241 430 1270 a
466 1232 594 1269 tanto
632 1226 720 1269 che
747 1225 811 1283 gli
841 1225 1022 1283 collegii
1053 1225 1269 1271 accettati
1302 1226 1454 1269 fusero
1482 1227 1571 1271 ben
1589 1226 1795 1282 prouisti.
1822 1227 1882 1269 Et

251 1306 401 1345 tamen
418 1301 675 1346 offeresimo
690 1301 734 1345 d’
751 1301 937 1348 acettar’
955 1303 1060 1359 quel
1081 1302 1296 1360 collegio,
1315 1318 1365 1348 se
1381 1302 1419 1346 si
1437 1302 1616 1347 fundasi
1634 1304 1834 1347 secondo
1850 1302 1880 1346 l’

249 1379 458 1423 instituto
479 1386 525 1424 et
546 1379 877 1424 consuetudine
893 1380 1011 1425 della
1027 1379 1328 1437 Compagnia,
1348 1381 1406 1424 ne
1423 1379 1503 1424 far’
1519 1379 1734 1424 instantia
1750 1380 1879 1436 quasi

245 1456 567 1502 desiderasimo
602 1464 648 1500 et
680 1457 1003 1502 mendicasimo
1041 1457 1220 1515 collegij
1242 1472 1252 1512 ;
1292 1465 1339 1502 et
1374 1461 1527 1501 tamen
1562 1457 1815 1502 venendosi
1852 1471 1879 1501 a

245 1534 440 1589 qualche
460 1533 755 1579 conclusione
776 1533 861 1578 co’l
884 1541 1036 1591 tempo
1057 1534 1095 1578 si
1116 1535 1368 1591 puotrebbe
1393 1534 1576 1579 diferire
1604 1536 1661 1578 de
1690 1535 1882 1578 mandar

243 1610 408 1654 lettori.
435 1611 704 1664 Vederemo,
730 1618 900 1656 venuto
922 1611 953 1655 il
974 1627 1040 1666 re,
1068 1612 1230 1666 Padre,
1253 1613 1343 1658 che
1362 1612 1513 1656 animo
1530 1612 1702 1656 hauera
1724 1627 1750 1656 a
1772 1613 1879 1655 sun-

246 1688 327 1732 dar
348 1687 546 1745 collegij,
572 1695 617 1733 et
639 1688 682 1732 io
703 1690 765 1732 ho
785 1689 874 1733 ben
904 1696 1110 1746 pensam,
1134 1703 1184 1733 se
1205 1689 1292 1733 alla
1315 1691 1367 1734 P.
1393 1690 1451 1735 V.
1475 1690 1504 1732 li
1529 1705 1659 1747 pare,
1685 1690 1880 1735 essendo

246 1764 488 1809 verisimile
518 1766 606 1809 che
634 1766 767 1809 uorra
797 1766 960 1810 fundar
987 1765 1184 1823 collegij‚
1215 1764 1291 1809 ch'
1307 1765 1351 1810 io
1377 1766 1407 1810 li
1429 1767 1629 1811 dimandi
1651 1767 1811 1811 liberta
1833 1766 1879 1810 di

249 1855 413 1887 cauare
434 1843 604 1900 sugetti
632 1844 690 1886 da
718 1843 942 1901 Spagnia,
973 1843 987 1885 i
1020 1843 1140 1899 quali
1171 1843 1355 1900 possino
1386 1844 1559 1888 aiutare
1590 1845 1666 1888 alli
1697 1844 1879 1901 collegij

247 1919 354 1964 nelli
385 1919 485 1963 suoi
513 1920 634 1974 stati,
668 1921 715 1964 in
749 1928 868 1964 tutto
899 1921 1050 1977 quello
1083 1922 1170 1966 che
1199 1928 1423 1978 puotrano
1444 1937 1636 1979 persone
1667 1923 1754 1965 che
1786 1936 1878 1965 non

246 1997 400 2040 hanno
420 1997 464 2041 la
484 1997 658 2054 lingua,
682 1998 861 2041 benche
883 1998 925 2040 13
944 1998 1148 2042 francese
1163 2004 1316 2054 presto
1331 1999 1374 2044 la
1388 1999 1621 2056 imparano
1644 2012 1878 2055 spagnuo-

242 2072 314 2116 11ει
330 2107 340 2116 .
367 2061 404 2117 E
426 2074 592 2130 partito
614 2074 689 2132 gia
712 2074 896 2118 alchuni
919 2074 1068 2131 giorni
1089 2088 1202 2118 sono
1231 2075 1262 2118 il
1291 2077 1342 2120 P.
1370 2077 1579 2129 Andrea,
1605 2083 1649 2121 et
1677 2091 1735 2120 va
1766 2090 1880 2119 con-

244 2156 372 2194 tento
394 2150 511 2194 della
532 2150 818 2195 risolutione:
843 2151 874 2193 il
897 2151 1092 2207 Signore
1112 2150 1179 2195 sia
1199 2165 1286 2196 con
1306 2152 1386 2196 lui.

330 2239 373 2270 2.
438 2228 488 2270 In
511 2234 675 2282 questo
697 2227 891 2283 collegio
913 2228 969 2271 de
992 2227 1183 2271 Colonia
1203 2228 1242 2272 si
1262 2243 1374 2273 sono
1401 2229 1514 2273 fatte
1543 2237 1661 2274 tutte
1693 2230 1735 2272 16
1771 2243 1881 2274 cose

244 2302 483 2356 ordinarie,
509 2303 719 2356 examini,
744 2304 1018 2347 confessioni
1039 2304 1257 2361 generali,
1282 2312 1329 2352 et
1350 2307 1655 2352 exhortationi
1683 2322 1691 2349 :
1723 2320 1816 2350 non
1838 2305 1879 2349 s'

247 2381 367 2423 hano
388 2387 607 2424 renouato
627 2380 658 2422 li
681 2368 790 2434 voti,
815 2382 984 2437 perche
1005 2380 1041 2424 s’
1064 2396 1141 2426 era
1161 2381 1236 2438 gia
1259 2382 1386 2426 fatto.
1412 2383 1526 2427 Hasi
1548 2383 1760 2439 risposto,
1786 2385 1879 2426 Ρ3-

248 2458 344 2509 dre,
369 2471 396 2500 a
418 2458 554 2500 molte
584 2471 711 2510 cose,
737 2471 865 2501 come
892 2459 936 2501 la
966 2460 1018 2501 P.
1045 2459 1101 2502 V.
1129 2459 1293 2503 vedera
1314 2474 1396 2516 per
1416 2461 1459 2505 le
1490 2460 1618 2516 copie
1647 2460 1709 2503 dil
1738 2466 1875 2513 tutto,

247 2535 335 2578 che
351 2534 388 2578 si
410 2535 635 2577 mandano
653 2549 739 2577 con
761 2541 936 2590 questa.
963 2534 1012 2579 Si
1033 2535 1256 2579 mandano
1273 2538 1472 2581 anchora
1489 2538 1686 2581 alchune
1708 2551 1813 2580 cose
1829 2536 1875 2579 di

245 2610 487 2654 deuotione
520 2612 607 2655 che
635 2612 696 2653 ho
725 2611 933 2654 rinouato
960 2619 1006 2656 et
1034 2611 1147 2656 fatte
1173 2612 1218 2655 di
1251 2627 1420 2658 nuouo.
1453 2615 1630 2670 Questo
1663 2613 1874 2669 collegio,

171 2729 174 2731 Α
245 2688 408 2740 Padre,
427 2688 451 2731 ὲ
474 2688 612 2731 molto
635 2687 760 2739 utile,
786 2694 832 2730 et
853 2688 994 2731 molto
1015 2702 1202 2744 pouero‚
1226 2695 1272 2734 et
1293 2690 1356 2734 ho
1379 2705 1459 2746 per
1481 2697 1606 2735 certo
1633 2691 1720 2733 che
1749 2689 1877 2732 Iddio

242 2763 563 2819 specialmente
584 2779 802 2809 concorre
824 2778 908 2808 con
932 2779 1034 2809 esso
1062 2772 1108 2810 et
1130 2766 1217 2809 co'l
1239 2773 1382 2811 rettor
1404 2781 1503 2810 su0.
1530 2768 1587 2809 Et
1610 2754 1873 2821 realmente,

241 2854 370 2884 come
386 2841 447 2883 mi
465 2855 548 2884 son
566 2842 894 2899 marauegliato
909 2842 1047 2885 molte
1063 2843 1186 2887 volte
1201 2843 1274 2888 del
1290 2844 1485 2905 collegio
1502 2845 1559 2889 de
1571 2846 1730 2897 Roma,
1744 2857 1875 2887 come

242 2916 280 2959 si
297 2924 518 2971 sustenta,
536 2919 631 2963 cosi
650 2934 817 2963 ancora
833 2919 878 2962 di
895 2926 1056 2976 questo
1073 2919 1135 2962 mi
1151 2921 1444 2978 maraueglio3
1462 2929 1507 2966 et
1530 2922 1682 2974 credo,
1704 2921 1872 2974 Padre,

315 3091 336 3112 8
375 3084 558 3132 Sequitur
575 3088 613 3122 et
630 3085 894 3122 obliteratum.
