2228 3548
956 307 1001 346 19
1026 299 1127 344 MAJI
1155 299 1247 346 1566
1803 299 1870 347 137

278 404 458 449 haueua
477 407 566 447 etc.
586 403 776 447 Intendo
797 403 829 446 l’
852 402 1011 448 ordine
1032 403 1090 448 de
1111 404 1169 447 V.
1196 405 1271 458 P„
1294 403 1340 448 di
1362 405 1564 449 mandar’
1588 403 1739 448 insino
1756 419 1783 449 a
1811 417 1861 449 12
1886 419 1913 449 a

280 483 438 534 Roma,
462 495 533 524 ma
557 495 649 524 non
670 496 778 538 pare
799 482 883 526 che
904 480 971 525 sia
992 481 1154 526 adesso
1175 481 1206 525 il
1228 488 1395 540 tempo,
1414 482 1550 527 insin'
1575 483 1617 526 al
1634 483 1910 537 Settembre‚

280 574 308 604 o
329 559 372 604 al
390 559 482 603 fine
502 559 547 602 d’
573 560 770 616 Agosto.
797 559 889 603 ΑΠ’
909 561 1024 603 hora
1039 573 1127 602 con
1148 560 1191 603 13
1213 558 1368 603 diuina
1384 559 1533 617 gratia
1554 560 1585 603 li
1601 560 1909 613 mandaremo,

281 644 327 682 et
348 644 370 666 ²
394 636 442 681 in
463 644 624 693 questo
647 651 801 681 mezzo
828 637 1102 682 auertiremo
1136 637 1223 681 alla
1252 639 1304 681 P.
1336 639 1394 682 V.
1425 653 1476 683 se
1503 640 1740 683 occorrera
1769 640 1908 684 esser'

279 714 535 761 necessario
556 715 759 775 mandar’
785 715 1011 772 maggior’
1035 729 1227 760 numero
1254 717 1282 759 ¹.

367 793 410 837 6.
475 794 538 845 Io,
558 791 694 835 insin’
712 793 888 846 adesso,
908 807 1000 837 non
1017 794 1078 836 ho
1095 799 1255 849 potuto
1271 794 1428 838 hauer’
1447 793 1626 839 licenza‘
1637 794 1744 837 dall’
1763 794 1907 838 Illmo.

274 871 444 928 legato,
470 885 550 927 per
574 870 744 914 uisitar'
764 870 796 913 li
817 870 1015 927 collegij,
1041 870 1218 914 benche
1245 871 1305 914 mi
1335 871 1472 915 fanno
1500 886 1676 916 summa
1706 871 1912 917 instanza

272 950 358 994 che
380 948 501 1002 vadi,
520 947 842 1005 specialmente
864 948 920 992 de
948 947 1205 992 Monachio.

362 1028 549 1084 Quanto
592 1026 671 1084 piu
698 1032 853 1083 presto
880 1027 1045 1083 puotro
1071 1026 1113 1079 ¹³,
1146 1027 1243 1070 faro
1271 1033 1432 1083 questa
1458 1027 1592 1071 visita
1615 1034 1633 1055 ⁰
1662 1028 1718 1071 de
1747 1034 1908 1083 questa

271 1104 519 1162 prouincia3
545 1111 591 1148 et
612 1103 742 1161 quasi
769 1117 922 1161 vengo
949 1119 976 1147 a
1003 1105 1184 1160 pensar'
1209 1119 1301 1147 non
1323 1119 1446 1149 esser
1468 1104 1697 1162 possibile,
1722 1120 1802 1162 per
1829 1105 1908 1163 piu

271 1183 464 1228 infermo
485 1184 571 1226 che
597 1181 701 1235 stia,
732 1183 816 1225 che
843 1181 954 1226 lasci
988 1181 1034 1224 di
1073 1182 1229 1225 andar'
1260 1197 1285 1226 a
1323 1181 1517 1235 Vienna,
1557 1183 1731 1227 benche
1769 1183 1907 1227 habbi

271 1261 428 1305 scritto
445 1260 564 1306 della
586 1260 709 1303 fonte
725 1259 782 1303 de
804 1258 970 1316 Lieggi
993 1259 1024 1303 ².
1047 1259 1081 1302 Il
1098 1261 1182 1303 che
1198 1258 1301 1303 dico
1317 1267 1444 1303 tanto
1463 1275 1541 1317 per
1557 1261 1600 1304 13
1617 1260 1905 1304 circunstan-

271 1337 334 1382 tia
354 1338 427 1382 del
448 1345 617 1395 tempo,
643 1343 814 1394 quanto
835 1351 915 1394 per
936 1338 1097 1382 hauer'
1121 1337 1315 1394 qualche
1336 1337 1657 1382 coniunctione
1685 1338 1728 1382 13
1748 1337 1905 1382 visita-

270 1415 393 1461 tione
408 1415 453 1459 di
475 1415 624 1472 quella
641 1413 876 1472 prouincia
892 1429 978 1459 con
995 1415 1145 1471 quella
1161 1414 1206 1458 di
1224 1421 1398 1472 questa.
1419 1417 1490 1460 De
1507 1416 1661 1459 andar'
1680 1419 1706 1459 3
1726 1417 1902 1459 Braun-

266 1507 447 1551 sperga,
472 1496 579 1538 vere
602 1507 659 1536 en
693 1492 887 1547 Vienna,
919 1496 946 1536 a
967 1493 1120 1537 donde
1147 1507 1252 1538 creo
1283 1507 1355 1537 me
1383 1493 1611 1538 escreuira
1634 1495 1749 1538 Mro.
1775 1494 1899 1538 Sun-

264 1570 378 1624 nier,
403 1570 445 1614 al
466 1571 572 1627 qual
594 1572 652 1614 he
689 1570 828 1614 scrito
863 1585 922 1627 yo
951 1584 1040 1628 que
1066 1585 1125 1614 no
1147 1585 1196 1615 se
1225 1585 1390 1615 mueua
1417 1571 1475 1615 de
1497 1571 1599 1614 alla.
1633 1572 1691 1614 Et
1718 1578 1896 1627 questo,

265 1655 437 1706 quanto
458 1664 486 1692 a
507 1648 656 1706 quella
673 1648 729 1692 de
752 1649 809 1692 V.
838 1650 891 1692 Ρ.

354 1738 396 1781 7.
462 1727 650 1783 Quanto
668 1725 740 1770 all'
761 1726 873 1770 altra
891 1739 970 1782 per
986 1724 1272 1780 comissione,
1290 1726 1438 1783 quelle
1455 1725 1752 1783 propositioni
1770 1741 1900 1770 man--

264 1804 397 1848 darno
419 1804 511 1857 noi,
531 1804 628 1848 solo
644 1818 725 1861 per
741 1803 968 1848 aduertite
984 1803 1030 1847 di
1051 1803 1202 1859 quello
1223 1805 1310 1848 che
1331 1811 1531 1860 puoteua
1555 1803 1754 1849 trattarsi
1773 1805 1805 1857 ³;
1827 1819 1900 1848 ma

265 1888 471 1928 stauamo
499 1881 912 1927 determinatissimi
934 1889 980 1926 et
1002 1881 1250 1935 fortissimi,
1283 1883 1367 1926 che
1396 1897 1487 1925 non
1515 1883 1552 1925 s’
1586 1883 1827 1926 haueuano
1854 1882 1899 1925 di

264 1961 503 2005 conceder’
526 1959 846 2017 specialmente
868 1959 898 2002 li
921 1959 995 2003 doi
1016 1959 1163 2016 punti,
1187 1961 1273 2003 che
1295 1960 1338 2004 la
1359 1959 1630 2004 comunione
1661 1960 1743 2002 sub
1765 1963 1898 2002 utra-

261 2052 346 2096 que
367 2037 443 2095 gia
465 2038 496 2081 l’
518 2039 672 2082 hanno
694 2038 735 2081 al
757 2038 891 2081 modo
913 2038 970 2082 de
990 2037 1071 2081 Pio
1095 2039 1174 2090 1V,
1198 2038 1242 2081 la
1263 2038 1369 2094 qual
1397 2037 1690 2083 concessione
1718 2039 1895 2080 utinam

259 2115 297 2159 si
318 2115 478 2170 leuasi,
504 2117 562 2160 ne
583 2115 621 2159 si
643 2122 844 2172 puoteua
865 2115 1074 2158 dubitare
1096 2117 1182 2158 che
1202 2130 1294 2159 non
1312 2114 1333 2142 ‘³
1358 2115 1396 2159 si
1418 2122 1631 2173 puotesse
1654 2115 1894 2160 conceder'

255 2193 298 2236 la
314 2192 643 2249 Justificatione
664 2193 903 2237 lutherana
930 2199 976 2235 et
1008 2191 1161 2248 impia,
1202 2194 1259 2236 ne
1296 2207 1458 2237 manco
1495 2194 1579 2237 che
1607 2194 1644 2235 s’
1670 2194 1839 2237 hauese
1862 2207 1889 2236 3

255 2270 478 2315 concedet
498 2269 544 2313 in
566 2270 700 2314 modo
722 2271 916 2313 alchuno
939 2269 969 2312 il
998 2269 1247 2327 congiugio
1274 2271 1332 2314 de
1354 2269 1595 2323 sacerdoti;
1628 2285 1700 2313 ma
1730 2284 1820 2312 non
1853 2272 1890 2313 s’

255 2349 314 2391 ha
336 2353 522 2391 trattato
544 2347 696 2392 niente
718 2347 763 2391 di
786 2354 964 2404 quest0,
991 2348 1048 2391 ne
1076 2347 1113 2391 si
1143 2349 1344 2391 trattara.
1379 2337 1416 2392 E
1445 2355 1565 2391 stato
1601 2348 1740 2390 molto
1769 2347 1890 2390 bono

254 2425 286 2468 1’
298 2425 454 2469 officio
475 2427 561 2469 che
583 2427 640 2470 V.
668 2428 720 2469 Ρ.
746 2427 806 2468 113
827 2426 939 2469 fatto
961 2440 1040 2482 per
1062 2426 1091 2467 l’
1116 2424 1241 2468 aiuto
1262 2426 1379 2469 della
1396 2440 1563 2482 guerra
1580 2426 1636 2468 de
1660 2426 1864 2481 Hunghe
1882 2450 1891 2453 -

257 2501 338 2557 ria;
362 2509 409 2547 et
429 2502 707 2547 intendiamo
727 2504 813 2548 che
834 2518 861 2547 a
882 2504 975 2548 Sua
992 2505 1099 2548 Mta.
1122 2504 1148 2547 e
1169 2509 1287 2547 stato
1308 2502 1567 2560 gratissimo
1585 2509 1630 2547 et
1652 2501 1891 2546 utilissimo

256 2594 339 2637 per
359 2579 391 2623 li
413 2580 585 2638 negotij
610 2588 683 2626 616
705 2581 738 2625 ⁴.

324 2694 346 2715 α
382 2686 404 2722 3
423 2688 542 2724 verba
561 2700 675 2736 seqq.
699 2699 815 2736 supra
833 2699 939 2724 vers.
965 2686 1114 2724 addidit
1130 2686 1299 2724 libr.-b
1330 2689 1415 2725 Hoc
1430 2688 1541 2724 verb.
1567 2698 1683 2734 supra
1702 2698 1805 2723 vers.
1825 2686 1891 2723 ad-

251 2744 351 2781 didit
364 2745 523 2782 libr.-c
547 2747 732 2796 Sequitur
749 2750 880 2794 etqua
909 2747 1245 2784 obliteratum-<1
1259 2748 1344 2784 Hoc
1362 2749 1476 2784 verb.
1500 2746 1675 2783 additum
1693 2750 1754 2782 est
1768 2757 1885 2793 supra

249 2815 358 2841 vers.
383 2817 405 2840 a
422 2806 511 2842 libr.

322 2896 333 2917 ¹
385 2894 486 2931 Vide
500 2896 621 2943 epist.
645 2896 731 2944 365,
750 2909 793 2933 n.
817 2906 848 2941 13
870 2902 910 2932 et
926 2895 1010 2941 378,
1030 2908 1073 2932 n.
1098 2905 1138 2941 5.

315 2955 330 2975 Ξ
381 2954 482 2990 Vide
501 2955 620 3002 epist.
645 2955 730 3002 385,
749 2955 832 3001 3873
852 2961 892 2991 et
910 2955 1080 3003 append.
1107 2957 1218 2992 VIII.

318 3013 333 3033 ³
385 3013 484 3050 Vide
502 3015 623 3062 epist.
647 3015 732 3062 377,
751 3028 794 3052 n.
821 3024 853 3060 13
870 3021 910 3051 et
929 3015 1102 3062 append.
1126 3016 1195 3052 IX.

319 3074 334 3093 ⁴
384 3072 484 3109 Vide
503 3073 618 3122 epist.
639 3074 722 3120 369;
742 3074 824 3122 377,
851 3087 894 3110 n.
922 3083 960 3119 13
981 3080 1021 3111 et
1038 3074 1121 3121 394.
1141 3076 1281 3111 Mirum
1305 3075 1474 3123 cuipiam
1492 3073 1616 3110 videri
1634 3074 1793 3122 poterit,
1811 3074 1884 3109 hoc

253 3130 351 3172 tanti
371 3134 557 3172 momenti
582 3134 766 3182 officium,
785 3134 975 3175 ecclesiae
994 3139 1034 3176 et
1051 3134 1213 3188 imperio
1231 3146 1254 3177 a
1270 3136 1413 3188 Borgia
1431 3134 1675 3188 praestitum,
1695 3145 1717 3171 a
1734 3131 1889 3171 Sacchi-
