2228 3548
964 286 990 323 4
1013 276 1116 321 Mij
1143 277 1235 323 1566
1800 289 1865 317 101

272 376 477 431 dentin03
501 379 669 434 perche
690 385 762 423 sta
783 378 903 424 bene
924 379 1012 424 che
1027 379 1298 425 consentino
1313 379 1361 424 in
1377 381 1536 427 hauer’
1554 396 1666 439 pace
1681 396 1769 426 con
1786 382 1817 426 li
1834 385 1918 428 he-

273 452 402 498 retici
422 453 454 497 li
474 454 705 510 catholici,
730 462 778 500 et
799 462 954 501 tamen
974 455 1161 500 credino
1178 461 1298 502 tutto
1313 458 1466 514 quello
1481 460 1568 504 che
1583 459 1626 504 ci
1642 461 1669 504 e
1684 460 1743 505 de
1759 460 1916 518 dogmi

274 531 350 576 nel
370 531 563 576 concilio
585 548 595 576 :
627 534 653 577 e
681 533 787 578 ben'
817 548 930 578 uero
960 535 1063 588 che,
1087 534 1418 580 considerando
1454 536 1638 580 alchuni
1669 537 1832 595 luoghi
1866 545 1914 583 et

274 614 395 652 tutto
417 608 448 652 il
470 623 665 664 recesso,
691 611 946 667 puotrebbe
968 611 1165 655 alchuno
1186 611 1378 669 pigliare
1398 614 1592 670 qualche
1612 614 1864 671 suspitione
1883 630 1912 660 o

272 686 615 743 presumptione
633 689 719 733 che
735 687 774 731 si
790 687 964 732 facesse
981 688 1150 732 alchun
1171 689 1423 746 preiudicio
1446 691 1489 734 al
1505 690 1712 744 concilio,
1738 698 1910 747 quanto

269 761 346 806 alli
366 763 543 820 dogmi:
568 779 657 819 ma,
682 765 876 809 facendo
896 764 929 808 li
950 765 1161 809 catholici
1183 766 1378 811 alchuna
1399 767 1700 813 accettatione
1727 768 1908 825 publica

267 846 315 885 et
342 839 544 897 legitima
566 841 611 884 di
641 842 808 898 quello,
839 841 879 886 si
905 843 1161 899 puotrebbe
1187 843 1341 888 leuare
1369 851 1530 900 questa
1551 845 1817 902 suspitione.
1849 847 1907 890 Et

266 917 450 960 tandem
471 918 512 961 ci
542 920 567 962 e
595 933 746 976 parso,
770 920 869 963 hor'
895 918 1073 963 saccino
1102 927 1265 976 questa
1293 921 1594 967 accettatione
1615 922 1647 965 li
1674 922 1903 977 catholici,

265 994 363 1037 hor’
387 1010 501 1049 non,
527 997 612 1041 che
634 1010 730 1040 non
751 995 790 1040 si
811 995 956 1040 faccia
987 997 1030 1040 13
1057 997 1382 1054 protestatione
1411 998 1560 1042 insino
1581 1014 1607 1042 a
1637 1006 1785 1052 tanto,
1820 1001 1905 1045 che

264 1085 348 1115 sua
368 1073 534 1116 santita
555 1073 621 1117 sia
642 1073 885 1127 aduertita,
910 1080 957 1119 et
977 1073 1017 1117 si
1039 1074 1208 1118 risolua
1228 1074 1274 1117 d'
1299 1075 1409 1132 ogni
1431 1090 1554 1119 cosa.

356 1150 444 1194 Per
466 1150 810 1195 confirmatione
829 1150 876 1194 di
897 1157 1076 1207 questo,
1101 1165 1209 1208 pare
1225 1153 1311 1195 che
1327 1152 1446 1197 nelle
1463 1152 1712 1197 conditioni
1734 1154 1807 1197 del
1830 1167 1903 1198 re—

265 1239 395 1270 cesso
415 1228 489 1271 del
512 1238 565 1283 55
584 1229 669 1272 che
689 1230 726 1272 s'
750 1229 810 1272 ha
830 1228 889 1272 da
903 1228 1190 1281 confirmare,
1210 1242 1303 1272 non
1318 1228 1357 1272 si
1373 1230 1573 1274 concede
1591 1244 1698 1274 cosa
1716 1231 1903 1275 nissuna

265 1304 351 1348 che
372 1303 439 1348 sia
454 1304 751 1350 concessione
766 1304 814 1348 di
834 1305 1002 1362 dogma
1018 1305 1215 1350 alchuno
1230 1305 1448 1359 heretico;
1470 1308 1636 1363 perche
1653 1308 1902 1353 solamente

263 1394 346 1436 per
365 1395 478 1438 pura
499 1381 738 1435 necessita,
763 1381 890 1427 accio
905 1396 1256 1428 conseruassero
1272 1382 1303 1426 li
1319 1384 1530 1427 catholici
1547 1385 1696 1440 quelle
1713 1384 1902 1441 reliquie

260 1458 347 1502 che
367 1465 549 1504 restano
569 1458 675 1503 delli
695 1459 818 1513 stati,
842 1459 1049 1516 dominij,
1074 1459 1243 1515 chiese,
1264 1460 1369 1505 beni
1387 1468 1433 1506 et
1450 1475 1642 1518 persone
1660 1462 1779 1506 della
1794 1463 1900 1506 reli—

258 1534 368 1592 gion
389 1536 612 1580 catholica
631 1535 679 1580 in
699 1536 963 1591 Germania,
987 1538 1086 1581 solo
1108 1544 1394 1594 promettono
1415 1538 1460 1581 di
1484 1553 1577 1582 non
1600 1539 1836 1596 esseguire
1857 1540 1900 1583 la

258 1611 492 1668 punitione
519 1614 576 1657 de
604 1613 895 1670 protestanti,
927 1613 960 1657 il
989 1615 1075 1660 che
1103 1614 1150 1657 in
1178 1613 1339 1658 nissun
1360 1616 1496 1659 modo
1525 1630 1682 1672 puono
1711 1617 1829 1671 fare,
1853 1617 1899 1660 di

259 1696 380 1733 sorte
399 1691 486 1735 che
506 1690 625 1733 niliil
644 1691 775 1734 aliud
796 1706 935 1749 quam
955 1692 1242 1748 suspendunt
1263 1691 1558 1736 authoritatis
1575 1693 1900 1737 ecclesiasticae

259 1770 301 1809 et
327 1767 507 1824 brachij
533 1768 756 1811 secularis
784 1769 1012 1812 aduersus
1040 1769 1288 1812 haereticos
1315 1770 1673 1826 exequutionem,
1695 1771 1739 1814 la
1765 1771 1899 1827 quale

259 1843 318 1887 da
339 1844 389 1887 se
409 1845 435 1888 e
456 1858 668 1901 suspessa
689 1858 768 1901 per
788 1845 820 1888 l'
843 1844 1124 1902 impotentia.

349 1921 480 1965 Oltre
506 1921 552 1965 di
580 1928 757 1978 questo,
787 1924 824 1966 s’
856 1924 914 1966 ha
942 1922 1001 1967 da
1028 1922 1318 1966 considerare
1347 1925 1420 1967 ch’
1452 1923 1499 1967 in
1525 1931 1689 1980 questo
1716 1938 1897 1969 recesso

257 1997 370 2055 ogni
390 1999 514 2042 uolta
540 2000 624 2043 che
652 1998 691 2042 si
717 1999 840 2054 dice,
873 2014 966 2042 non
994 1999 1115 2042 debet
1137 1999 1217 2044 hoc
1231 1999 1364 2056 fieri,
1386 2015 1478 2044 non
1503 2001 1625 2044 uuol’
1651 2000 1736 2044 dir'
1761 2002 1893 2054 altro,

257 2075 459 2118 secondo
487 2076 530 2119 13
557 2077 722 2132 phrase
750 2077 988 2129 thedesca,
1013 2091 1062 2120 se
1094 2091 1189 2120 non
1226 2078 1311 2121 che
1339 2091 1430 2121 non
1463 2078 1502 2121 si
1535 2078 1650 2121 sacia
1678 2086 1840 2134 questo
1868 2094 1896 2122 o

255 2152 422 2207 quello.
448 2153 506 2195 Et
525 2153 636 2205 cosi,
661 2154 845 2209 quando
866 2153 904 2197 si
925 2153 1026 2196 dice
1048 2168 1140 2196 non
1156 2154 1314 2210 possit,
1337 2169 1430 2198 non
1451 2154 1491 2199 si
1511 2169 1632 2211 nega
1653 2155 1696 2199 la
1718 2158 1896 2211 potesta

255 2228 459 2285 legitima
479 2236 525 2274 et
546 2229 788 2283 ordinaria,
813 2245 863 2275 se
884 2245 978 2274 non
1002 2230 1044 2273 la
1061 2230 1357 2286 essequution
1373 2231 1419 2275 di
1442 2232 1608 2287 quella,
1629 2231 1830 2276 secondo
1852 2232 1895 2276 la

257 2307 420 2362 phrase
440 2306 675 2359 thedesca,
700 2313 746 2350 et
778 2313 940 2362 questo
968 2307 1006 2350 si
1039 2308 1154 2352 uede
1181 2322 1262 2364 per
1288 2308 1332 2352 13
1362 2323 1479 2365 pena
1502 2310 1588 2352 che
1616 2308 1658 2352 ci
1686 2308 1724 2352 si
1752 2315 1894 2353 mette

258 2383 363 2428 nell’
387 2382 575 2426 articolo
600 2381 684 2438 3.⁰,
710 2382 780 2437 4⁰
802 2390 849 2426 et
878 2383 973 2427 11.⁰

346 2460 476 2515 Item,
497 2461 539 2504 13
560 2459 793 2517 principal'
813 2460 1064 2505 intentione
1081 2461 1191 2506 delli
1208 2462 1421 2507 catholici
1438 2463 1486 2506 in
1507 2469 1669 2519 questo
1692 2476 1888 2515 recesso,

258 2550 350 2580 non
371 2538 396 2580 e
418 2536 505 2582 mai
528 2544 660 2590 stata,
686 2539 743 2581 ne
764 2539 959 2581 mancho
980 2539 1006 2582 e
1027 2538 1204 2592 adesso,
1228 2538 1275 2582 di
1297 2542 1472 2584 trattar’
1497 2541 1555 2584 de
1576 2539 1813 2595 religione,
1832 2541 1890 2583 ne

256 2613 302 2656 di
323 2614 580 2660 consentire
600 2615 748 2671 questi
770 2615 889 2660 nella
910 2615 1100 2672 religion
1118 2616 1177 2659 de
1198 2616 1352 2672 quelli;
1372 2631 1446 2660 ma
1461 2618 1506 2660 la
1522 2616 1762 2660 chiamano
1779 2630 1889 2673 pace

254 2690 302 2734 di
323 2690 568 2748 religione,
597 2692 668 2736 cio
689 2693 737 2745 e,
762 2693 806 2735 la
832 2706 943 2749 pace
965 2693 1023 2735 de
1044 2692 1182 2748 quelli
1203 2695 1289 2737 che
1315 2708 1428 2738 sono
1456 2695 1514 2738 de
1542 2694 1632 2736 due
1659 2693 1884 2750 religioni,

252 2774 422 2824 quanto
438 2769 523 2812 alle
539 2782 732 2825 persone
749 2776 794 2814 et
811 2769 933 2822 beni,
954 2777 1000 2812 et
1022 2776 1194 2824 quanto
1215 2770 1258 2813 al
1280 2769 1436 2816 viuere
1458 2770 1613 2826 quieto
1635 2776 1682 2812 et
1698 2769 1889 2826 pacifico

253 2844 371 2887 nella
386 2843 539 2900 politia
561 2845 801 2900 exteriore3
823 2847 881 2890 ne
897 2861 978 2902 per
994 2852 1155 2901 questo
1171 2845 1203 2889 li
1218 2847 1430 2891 catholici
1446 2860 1648 2903 pensano
1664 2846 1709 2888 d’
1727 2847 1884 2890 hauer’

253 2921 418 2964 ceduto
440 2921 496 2963 ad
518 2921 699 2966 alchun’
724 2922 914 2966 articolo
936 2929 982 2966 et
1003 2923 1170 2979 dogma
1191 2923 1310 2968 della
1331 2924 1449 2968 fede.

341 2999 476 3041 Doue
497 2996 535 3041 si
555 2999 680 3054 parla
699 2999 818 3043 della
838 2998 1146 3043 iurisdictione
1169 3000 1475 3045 ecclesiastica
1496 3007 1542 3044 et
1563 2999 1699 3044 ciuile
1720 3001 1806 3043 che
1822 2999 1888 3042 sia

254 3088 487 3130 suspessa,
518 3089 610 3118 non
637 3076 676 3118 s'
699 3075 885 3120 intende
913 3077 998 3121 che
1025 3090 1106 3132 per
1141 3083 1304 3132 questo
1324 3077 1356 3120 li
1377 3076 1604 3131 catholici,
1629 3076 1706 3119 ubi
1726 3076 1889 3118 liabent
