2228 3548
909 256 956 294 23
981 257 1136 294 MAnTu
1163 255 1255 302 1566
1290 263 1293 266 ’
1804 257 1848 294 31

257 361 334 404 Ho
353 359 560 404 riceuuto
582 374 674 404 una
695 360 858 406 lettera
879 361 937 405 de
958 361 1017 404 V.
1044 361 1098 403 P.
1128 361 1158 413 ',
1177 367 1224 404 et
1251 359 1444 403 insieme
1472 375 1559 404 con
1591 361 1742 417 quella
1762 361 1906 406 molta

257 436 568 482 consolatione
583 438 658 482 nel
674 437 890 494 Signore‚
910 444 956 481 et
972 437 1034 480 mi
1050 451 1134 480 son
1151 438 1351 480 anchora
1367 437 1612 495 rallegrato
1628 439 1714 483 che
1730 439 1905 496 uenghi

258 513 292 557 il
314 516 368 558 Ρ.
392 516 450 558 D.
476 513 649 572 Luiggi
671 516 704 568 ²,
731 523 777 560 et
797 515 841 558 13
861 515 1028 559 balissa
1055 515 1127 558 co'
1155 515 1186 557 l'
1211 516 1342 558 Rmo.
1373 515 1422 558 d'
1446 515 1679 572 Augusta,
1710 515 1742 558 il
1770 517 1904 572 quale

260 593 445 635 anchor’
470 606 562 635 non
578 593 605 635 e
626 591 787 648 gionto
810 606 922 648 qua:
948 591 1061 636 hieri
1083 591 1120 635 si
1142 590 1374 635 ritrouaua
1394 592 1582 636 lontano
1603 607 1724 636 noue
1746 593 1900 651 leghe.

351 680 394 712 2.
460 670 648 725 Quanto
685 683 712 712 a
748 669 898 724 quelle
930 676 1092 726 quatro
1133 667 1338 712 missioni
1380 683 1408 712 o
1446 669 1624 726 collegij
1669 669 1715 713 di
1753 670 1901 727 Spira,

259 747 296 789 F
298 745 602 799 ranchtordia,
628 747 905 800 Constanza‚
924 753 971 790 et
987 745 1242 802 Herbipoli,
1263 746 1494 803 proporro,
1515 760 1644 803 come
1666 748 1725 791 V.
1746 749 1799 791 P.
1820 762 1903 792 co-

257 823 438 876 manda,
463 823 506 867 al
530 824 661 867 Rmo.
693 823 865 880 legato,
896 824 1048 880 quello
1075 824 1160 867 che
1187 823 1250 866 mi
1278 823 1427 867 scriue
1456 825 1489 877 ³,
1513 823 1612 868 cioe
1640 826 1724 868 che
1753 825 1903 880 questi

256 900 384 958 loghi
399 900 527 944 siano
544 900 591 943 in
610 899 991 953 consideratione,
1011 899 1262 944 hauendosi
1279 899 1325 943 di
1342 901 1410 944 far
1426 900 1647 944 missioni.
1669 903 1727 945 Et
1744 901 1903 959 segui-

257 979 355 1022 taro
375 979 406 1021 l’
431 977 725 1022 inclinatione
747 979 833 1022 che
853 977 901 1021 in
928 984 1091 1033 questo
1113 984 1316 1020 muostra
1337 979 1508 1022 hauere
1529 979 1588 1022 V.
1616 981 1683 1032 P.;
1710 979 1904 1036 voglioli

256 1059 408 1098 tamen
429 1062 743 1111 rapresentare
758 1055 848 1099 due
869 1068 992 1098 cose:
1017 1054 1048 1097 l’
1074 1068 1181 1106 una,
1206 1054 1359 1109 quello
1380 1055 1466 1098 che
1489 1056 1547 1099 V.
1575 1057 1628 1099 P.
1650 1057 1707 1099 ha
1724 1057 1832 1100 dato
1854 1056 1902 1100 in

257 1132 415 1176 scritto
436 1147 464 1176 a
491 1133 586 1177 Sua
607 1132 724 1185 8³²,
748 1132 868 1175 doue
894 1145 944 1175 se
971 1130 1003 1174 li
1031 1130 1302 1175 offeriscono
1335 1131 1472 1175 Padri
1500 1132 1794 1176 conuenienti
1823 1134 1899 1177 all’

258 1208 545 1266 imperatore,
557 1216 604 1252 et
618 1209 660 1252 al
674 1223 759 1252 suo
772 1215 907 1252 stato.
924 1209 976 1252 L’
993 1208 1123 1260 altra,
1140 1209 1242 1260 che,
1257 1208 1476 1272 parlando
1489 1207 1534 1251 io
1547 1223 1635 1252 con
1649 1209 1679 1251 il
1695 1212 1742 1254 P.
1759 1212 1898 1254 Mtro.

259 1286 461 1339 Canisio,
493 1293 539 1331 et
560 1285 697 1330 etiam
726 1286 936 1331 uedendo
963 1285 1008 1329 io
1036 1284 1084 1328 in
1115 1299 1314 1330 comune
1340 1284 1371 1328 il
1399 1293 1518 1330 stato
1546 1286 1591 1330 di
1614 1296 1775 1342 questa
1796 1302 1902 1344 pro-

259 1364 427 1418 uincia,
459 1372 592 1407 trouo
617 1364 760 1407 molto
797 1378 911 1420 poca
945 1362 1243 1420 dispositione
1265 1363 1324 1408 de
1351 1363 1532 1407 fundar’
1566 1364 1674 1407 noui
1696 1365 1896 1422 collegij;

256 1439 515 1498 imperoche
536 1455 630 1484 non
653 1448 862 1484 trouamo
884 1448 1023 1498 gente
1046 1454 1127 1496 per
1144 1441 1233 1484 ben
1250 1443 1495 1497 gouernar'
1513 1441 1663 1497 questi
1685 1443 1770 1486 che
1786 1456 1900 1486 sono

258 1517 451 1562 fundati:
475 1532 568 1562 non
590 1532 643 1561 so
671 1533 722 1563 se
749 1518 857 1562 nell'
891 1518 1005 1562 altre
1041 1516 1277 1574 prouincie
1313 1520 1476 1574 puotra
1498 1520 1637 1563 esser'
1668 1518 1897 1577 maggior'

256 1595 499 1640 comodita.
523 1596 559 1639 Il
580 1597 712 1639 Rmo.
736 1596 891 1652 legato
907 1609 1000 1639 non
1016 1597 1077 1638 m'
1097 1597 1156 1638 ha
1172 1596 1372 1638 anchora
1386 1595 1561 1652 parlato
1577 1610 1687 1640 cosa
1704 1597 1901 1641 alchuna

257 1672 376 1717 delle
396 1671 614 1717 missioni.
640 1673 701 1718 Se
722 1672 866 1730 prima
887 1687 979 1716 non
1001 1671 1062 1715 mi
1084 1672 1275 1729 pax-Iera,
1300 1671 1344 1716 io
1361 1672 1404 1716 al
1416 1672 1509 1717 fine
1525 1673 1644 1718 della
1660 1673 1784 1718 dieta
1800 1688 1901 1718 mo-

257 1750 368 1793 uero
388 1748 420 1792 il
442 1749 838 1807 raggionamento:
859 1751 1021 1794 adesso
1042 1763 1135 1792 non
1157 1750 1182 1793 e
1206 1757 1359 1807 tempo
1381 1748 1427 1792 di
1451 1752 1627 1794 trattar’
1653 1750 1699 1793 di
1718 1758 1896 1808 questo.

350 1840 392 1882 3.
457 1828 646 1884 Quanto
667 1843 695 1872 a
716 1827 855 1884 quelli
876 1840 904 1882 4
925 1826 1096 1884 sogetti
1129 1826 1164 1879 ⁴,
1199 1826 1230 1869 il
1253 1828 1307 1870 P.
1333 1826 1532 1871 Martino
1559 1828 1585 1871 ὲ
1613 1835 1831 1873 contento
1852 1829 1897 1871 d'

259 1904 414 1948 andar’
444 1903 491 1948 in
518 1906 554 1948 F
557 1905 716 1949 iandra
746 1920 827 1962 per
862 1904 1083 1961 agiutarsi
1119 1905 1169 1947 in
1190 1904 1360 1960 spiritu
1387 1918 1475 1948 con
1497 1904 1527 1947 il
1557 1907 1610 1949 P.
1637 1906 1894 1960 Leonardo‚

259 1982 346 2026 che
366 1982 392 2025 ὲ
413 1996 498 2026 suo
520 1983 670 2027 Padre
691 1981 940 2038 spirituale;
965 1988 1011 2024 et
1033 1981 1232 2025 secondo
1255 1980 1316 2023 mi
1338 1982 1524 2026 afferma
1545 1981 1575 2024 il
1604 1983 1659 2026 P.
1691 1981 1896 2035 Canisio,

257 2071 350 2102 non
371 2058 564 2115 pigliera
584 2059 629 2102 di
647 2060 801 2103 buona
821 2058 980 2115 uoglia
1001 2059 1029 2101 1¹
1055 2058 1222 2101 andata
1248 2057 1295 2102 in
1323 2059 1482 2112 Roma;
1508 2066 1555 2102 et
1576 2059 1754 2103 benche
1782 2061 1899 2103 hab-

256 2134 408 2178 biamo
429 2134 646 2179 difficolta
666 2137 711 2179 d’
736 2136 895 2180 hauer’
919 2134 1094 2178 licenza
1113 2134 1188 2178 dal
1209 2134 1370 2188 ducca,
1396 2134 1734 2180 nientedimeno
1755 2151 1898 2193 penso

257 2213 343 2256 che
364 2212 394 2254 1¹
419 2213 684 2265 haueremo,
707 2219 754 2256 et
775 2213 862 2256 che
884 2212 1054 2255 andara
1075 2210 1121 2254 in
1143 2212 1179 2254 F
1182 2210 1340 2255 iandra
1354 2212 1506 2269 doppo
1528 2212 1572 2255 13
1593 2214 1776 2269 pascha.

347 2302 391 2343 4.
456 2288 516 2332 Di
538 2291 673 2333 Mtro.
699 2287 968 2334 Schorichio
989 2302 1081 2331 non
1102 2287 1345 2331 habbiamo
1365 2302 1586 2345 speranza
1607 2290 1803 2333 alchuna
1823 2291 1896 2333 ch'

260 2365 293 2411 il
313 2366 431 2410 duca
451 2366 496 2409 lo
522 2365 632 2409 lasci
661 2366 844 2410 andare.
876 2365 912 2408 Il
938 2365 1086 2408 Padre
1108 2365 1304 2409 Hermes
1330 2364 1409 2422 gia
1428 2367 1489 2409 ho
1519 2365 1678 2410 scritto
1708 2381 1735 2410 a
1757 2367 1814 2411 V.
1843 2369 1896 2411 P.

261 2444 346 2487 che
361 2444 405 2486 lo
427 2443 524 2487 faro
547 2442 691 2487 uenir'
717 2457 807 2498 qua
828 2442 948 2498 dopo
969 2443 1153 2498 pascha,
1178 2449 1224 2485 et
1245 2442 1320 2486 all'
1344 2444 1456 2486 hora
1478 2444 1723 2488 uederemo
1745 2445 1898 2500 quello

262 2521 349 2565 che
369 2519 408 2564 si
435 2522 599 2577 puotra
629 2520 711 2563 far'
742 2518 787 2562 di
815 2518 896 2573 lui,
922 2519 1099 2562 benche
1134 2518 1271 2562 credo
1306 2533 1399 2563 non
1435 2519 1502 2564 sia
1534 2520 1791 2564 necessario
1814 2522 1902 2567 che

262 2596 368 2641 uadi
390 2611 416 2640 a
436 2598 580 2640 Roma
605 2603 642 2642 ².
668 2597 704 2640 Il
726 2599 780 2640 P.
807 2595 1020 2640 Conrado
1039 2596 1232 2641 sarebbe
1252 2596 1331 2653 pisi
1358 2597 1506 2651 facile;
1531 2612 1605 2640 ma
1633 2605 1796 2654 questo
1818 2599 1900 2642 de-

331 2698 353 2719 ⁸
390 2691 436 2726 In
453 2702 582 2738 marg.
603 2691 764 2727 Polanci
783 2701 914 2727 manu:
935 2690 985 2726 Se
1002 2690 1038 2726 le
1055 2690 1232 2727 remitte.

261 2774 425 2816 Natal„
443 2774 496 2818 ΙΙ,
520 2773 667 2821 duplici
690 2774 775 2821 fol„
797 2782 864 2819 105
882 2775 960 2820 (70,
982 2773 1064 2819 71).
1088 2772 1380 2821 Responsiones
1397 2787 1420 2811 a
1437 2774 1580 2821 Borgia
1596 2774 1687 2811 huic
1710 2776 1902 2823 epistolae

258 2833 372 2869 datae
390 2833 646 2869 inveniuntur
663 2833 703 2870 in
723 2833 839 2881 epist.
859 2832 947 2879 377.

334 2895 346 2915 ¹
396 2891 498 2927 Vide
515 2892 633 2939 epist.
651 2891 723 2938 353
739 2898 780 2930 et
796 2891 882 2940 354,
899 2892 1043 2940 quibus
1060 2892 1158 2928 haec
1173 2892 1401 2940 respondet.

332 2955 347 2975 ²
397 2953 447 2988 P.
469 2952 645 2989 Aloisius
662 2952 714 2989 de
729 2952 936 2999 Mendoza‚
953 2963 1071 3000 quem
1088 2951 1316 3000 frequenter
1338 2953 1379 2990 in
1402 2953 1576 2990 secundo
1599 2955 1798 2992 volumine
1821 2956 1902 3003 epi·

261 3012 448 3048 stolarum
466 3011 619 3048 Natalis
634 3010 1044 3048 commemoravimus.

336 3072 351 3092 ³
400 3069 501 3107 Vide
519 3071 640 3118 epist.
663 3069 748 3118 354,
765 3083 810 3108 n.
834 3080 870 3107 2.
1061 3069 1077 3091 ⁸
1124 3070 1225 3107 Vide
1241 3070 1364 3119 epist.
1385 3071 1471 3118 354,
1490 3084 1528 3109 n.
1547 3071 1590 3110 3.
