2228 3548
86 0 174 21 '='”''<·'”=
203 0 564 33 ‘aa‘wgssfftww-:w'QTJ'
585 1 591 14 ²
632 0 712 23 *PM-³
735 0 739 1 ⁷
807 0 868 22 7·
917 0 943 17 '†··
1074 0 1208 34 swam
1230 0 1253 31 ’ξ
1319 15 1338 23 -γ
1364 0 1414 15 '1²¹'
1440 0 1449 10 ’-

877 327 919 354 12
945 320 1192 355 DECEMBRis
1221 319 1312 365 1566
1793 315 1865 364 329

276 418 452 472 adesso3
476 418 506 461 l’
530 419 726 462 hauemo
747 421 899 462 tamen
920 419 1136 463 condotto
1155 435 1183 463 a
1203 421 1288 464 che
1310 419 1424 463 sacci
1452 433 1544 462 una
1571 418 1910 464 dechiaratione

277 494 323 538 di
344 482 521 552 questo,
545 495 590 538 la
609 495 686 538 cui
705 496 835 553 copia
855 498 955 540 sara
970 511 1058 540 con
1073 504 1248 553 questa.
1269 497 1456 552 Quanto
1471 497 1515 541 al
1530 496 1600 551 4.⁰
1617 496 1664 539 d’
1688 495 1910 542 inuestire

277 571 324 615 in
345 578 473 628 parte
494 571 659 626 sicura,
683 579 791 626 etc.,
816 573 889 616 all'
919 575 1031 617 hora
1051 574 1159 616 data
1179 578 1315 630 opera
1336 588 1430 617 non
1451 573 1495 617 lo
1518 574 1720 618 uolsemo
1746 572 1842 617 dire
1863 574 1908 617 al

279 648 522 703 cardinale,
547 650 780 706 pensando
802 652 891 694 che>
907 666 933 694 a
957 650 1032 694 noi
1058 665 1236 708 sempre
1262 651 1453 696 sarebbe
1482 650 1625 695 libero
1661 664 1906 707 procurare

275 727 361 770 che
382 725 420 770 si
441 726 714 771 redimesero
738 728 887 783 quelle
915 742 1102 781 somme,
1136 734 1182 771 et
1203 728 1235 770 li
1269 727 1426 771 danari
1447 726 1668 771 inuestirli
1689 727 1735 770 in
1757 727 1900 781 Italia,

271 803 389 847 doue
410 803 687 860 puotresimo
704 811 999 860 augmentare
1016 805 1059 848 la
1079 804 1256 848 rendita
1272 805 1391 849 forse
1411 805 1454 848 al
1475 804 1641 861 doppio
1663 819 1691 848 o
1711 804 1899 858 incirca,

268 882 434 935 perche
455 881 502 923 in
523 880 767 924 Germania
788 895 900 924 sono
921 881 952 924 li
968 880 1093 925 censi
1109 896 1136 924 a
1151 881 1317 938 cinque
1331 896 1413 938 per
1429 888 1579 934 cento,
1600 888 1646 926 et
1662 882 1720 926 ne
1737 882 1901 926 adesso

266 956 507 1000 habbiamo
538 958 696 1001 uoluto
732 957 990 1014 significare
1027 965 1187 1014 questo
1214 958 1407 1015 disegno
1427 966 1584 1002 nostro
1606 959 1647 1001 al
1669 958 1900 1003 cardinale

264 1033 587 1088 chiaramente,
613 1049 756 1079 senon
778 1037 954 1078 metter’
975 1049 1066 1078 una
1081 1034 1403 1091 equiualentia,
1422 1049 1551 1079 come
1573 1036 1742 1080 uedera
1758 1036 1816 1079 V.
1839 1037 1894 1078 P.

265 1125 344 1166 per
367 1110 397 1153 il
418 1113 702 1167 paragrapho
722 1111 808 1155 che
829 1113 866 1154 s’
891 1112 917 1155 ἑ
938 1110 1177 1168 aggionto;
1202 1117 1249 1154 et
1277 1114 1428 1154 tamen
1455 1112 1664 1156 venendo
1692 1112 1734 1154 al
1756 1111 1900 1168 parti-

263 1188 412 1231 colare
432 1188 490 1231 de
511 1187 660 1244 questi
688 1200 799 1243 1400
819 1188 979 1232 fioreni
998 1187 1224 1245 perpetui,
1248 1202 1340 1231 non
1357 1188 1399 1231 ci
1420 1189 1446 1232 e
1468 1203 1518 1233 se
1535 1203 1629 1232 non
1646 1201 1734 1243 400
1755 1190 1841 1233 che
1857 1188 1897 1232 si

264 1263 450 1320 possino
473 1265 699 1319 redimer';
724 1271 771 1310 et
791 1266 833 1309 la
855 1279 962 1309 cura
985 1264 1031 1309 di
1058 1271 1220 1321 questo
1242 1271 1364 1310 resta
1384 1266 1427 1310 al
1459 1267 1512 1310 P.
1550 1267 1685 1309 Mtro.
1712 1265 1897 1310 Canisio

265 1342 355 1384 co'l
375 1342 617 1386 cardinale.
643 1343 678 1386 Il
699 1342 858 1398 quinto
878 1349 1037 1399 punto,
1062 1356 1175 1386 sono
1197 1342 1303 1386 tutti
1330 1342 1470 1386 errori
1497 1343 1571 1386 del
1598 1343 1824 1387 scrittore:
1856 1342 1895 1386 si

262 1419 453 1463 emendo
474 1433 555 1475 per
576 1433 798 1463 consenso
819 1418 955 1464 etiam
976 1420 1050 1464 del
1070 1418 1298 1464 cardinale
1319 1419 1392 1464 nel
1413 1421 1698 1477 paragrapho
1725 1420 1896 1462 simili-

261 1499 331 1538 ter
350 1497 487 1539 etiam
503 1496 700 1549 domum,
723 1496 803 1540 hoc
818 1500 895 1549 est,
917 1498 956 1540 s'
973 1496 1211 1553 aggionse,
1230 1496 1286 1539 ab
1317 1497 1417 1553 ipsa
1438 1497 1652 1540 Societate
1670 1497 1894 1554 deputan-

262 1572 360 1616 dos.
387 1574 520 1618 Oltra
540 1573 586 1616 di
608 1581 768 1631 questo
789 1575 889 1619 fece
910 1574 941 1617 il
962 1573 1190 1618 cardinale
1216 1588 1306 1617 vna
1326 1588 1519 1631 procura
1548 1575 1591 1617 al
1619 1588 1703 1618 suo
1724 1580 1894 1630 agente

258 1649 303 1693 di
333 1651 489 1703 Roma,
522 1651 640 1694 nella
667 1651 802 1707 quale
828 1651 860 1694 li
887 1651 945 1694 da
983 1651 1146 1695 facolta
1187 1666 1266 1708 per
1301 1652 1457 1696 effetto
1493 1652 1611 1696 della
1637 1650 1893 1707 speditione

258 1728 376 1771 della
397 1728 532 1781 bolla,
557 1727 604 1771 di
624 1735 802 1772 mutare
822 1743 850 1772 o
871 1727 1122 1786 agiongere
1142 1729 1217 1773 nel
1245 1743 1328 1772 suo
1349 1728 1508 1772 scritto
1529 1729 1682 1784 quello
1702 1730 1787 1771 che
1809 1742 1891 1784 pa-

258 1806 357 1848 1613
373 1818 461 1848 0011
482 1805 720 1862 conseglio
737 1806 854 1849 della
878 1808 930 1849 P.
956 1806 1014 1849 V.
1046 1806 1178 1848 salua
1199 1805 1451 1849 substantia
1474 1806 1556 1859 rei,
1571 1809 1622 1858 ,et
1643 1806 1891 1848 intentione

260 1881 530 1925 cardinalis.
553 1883 610 1925 Et
631 1890 794 1938 questo
815 1890 986 1939 quanto
1008 1883 1050 1926 al
1071 1881 1228 1926 scritto
1249 1882 1323 1927 del
1350 1882 1592 1926 cardinale.
1618 1883 1755 1927 Certe
1777 1882 1891 1926 altre

259 1970 366 2003 cose
402 1958 648 2015 pertinenti
684 1960 726 2002 al
754 1959 947 2016 collegio
974 1960 1031 2002 de
1057 1960 1105 2004 S.
1139 1958 1387 2003 Geronimo
1414 1959 1452 2003 si
1479 1959 1789 2017 negociorono
1817 1960 1890 2002 col

256 2035 500 2089 cardinale,
526 2037 644 2081 delle
665 2036 787 2092 quali
808 2036 906 2080 diro
927 2051 1016 2079 vna
1037 2038 1123 2080 che
1143 2035 1349 2092 importa.
1374 2037 1423 2080 Io
1444 2038 1504 2080 ho
1525 2036 1780 2082 desiderato
1802 2038 1888 2081 che

253 2112 345 2166 noi,
370 2113 526 2156 saltem
545 2115 595 2156 in
616 2115 709 2157 vita
731 2114 804 2159 del
826 2113 1068 2166 cardinale,
1094 2127 1187 2156 non
1208 2113 1441 2157 hauesimo
1464 2128 1574 2158 cura
1594 2114 1667 2157 del
1689 2112 1888 2169 collegio

251 2189 309 2234 de
330 2191 378 2234 S.
403 2190 651 2234 Geronimo
673 2191 946 2244 immediata,
972 2206 1052 2247 per
1073 2191 1211 2236 molte
1228 2205 1365 2236 cause
1379 2193 1464 2235 che
1482 2190 1543 2234 mi
1560 2205 1731 2247 pareno
1755 2190 1887 2233 suffi-

252 2265 404 2320 cienti,
429 2274 474 2310 et
496 2267 817 2324 specialmente
846 2282 925 2324 per
947 2267 978 2310 il
1006 2268 1141 2311 modo
1168 2268 1214 2311 di
1243 2268 1383 2312 viuer'
1414 2270 1501 2313 che
1536 2270 1688 2311 hanno
1710 2266 1756 2310 in
1778 2267 1886 2322 quel

253 2343 461 2400 collegio,
482 2345 533 2387 in
550 2358 708 2387 mensa
730 2345 1021 2387 dominorum
1042 2346 1128 2388 che
1148 2344 1328 2398 dicono,
1358 2352 1405 2391 et
1426 2361 1506 2403 per
1536 2360 1628 2388 non
1659 2346 1816 2389 hauer’
1842 2344 1886 2388 la

252 2419 413 2464 liberta
435 2420 529 2473 noi,
554 2422 640 2465 che
660 2420 943 2466 doueresimo
979 2423 1148 2466 hauere
1169 2421 1216 2464 in
1238 2423 1299 2466 tal
1328 2422 1538 2479 collegio,
1567 2421 1886 2465 intrometten-

252 2495 350 2540 dosi
371 2496 403 2539 il
423 2497 667 2551 cardinale,
687 2503 795 2550 etc.,
816 2505 862 2542 et
877 2499 1043 2555 perche
1059 2499 1252 2542 essendo
1267 2498 1448 2543 difficile
1470 2497 1881 2550 administratione,

252 2574 312 2616 ha
333 2572 377 2616 di
406 2573 618 2631 bisognio
646 2575 691 2617 d'
722 2577 799 2618 un’
830 2576 1001 2618 huomo
1037 2575 1083 2618 d'
1121 2575 1399 2632 importanza
1434 2591 1514 2633 per
1535 2582 1741 2631 regente,
1767 2580 1814 2619 et
1835 2574 1881 2616 d'

249 2650 350 2693 altri
371 2664 463 2694 non
479 2651 694 2695 mediocri
710 2666 791 2708 per
806 2652 1083 2708 subregente
1099 2659 1145 2696 et
1160 2652 1342 2708 prefetti
1351 2653 1407 2696 de
1429 2651 1644 2704 cubiculi,
1666 2658 1711 2696 et
1734 2650 1886 2707 questi

246 2725 379 2769 simili
399 2741 514 2772 sono
531 2729 770 2784 necessarij
790 2728 895 2773 nelli
911 2728 1090 2786 collegij
1111 2728 1254 2772 nostri
1270 2728 1318 2772 in
1335 2736 1496 2786 questo
1514 2736 1680 2784 tempo.
1703 2729 1882 2783 Questo

243 2817 435 2860 propose
455 2804 498 2848 io
520 2805 664 2862 prima
686 2805 759 2849 alli
782 2805 941 2858 nostri,
967 2805 1023 2849 ai
1046 2805 1167 2861 quali
1189 2820 1281 2849 non
1300 2821 1447 2863 parse,
1468 2813 1514 2850 et
1537 2819 1699 2848 manco
1716 2805 1758 2847 al
1779 2818 1884 2848 car-

185 2903 188 2906 *
242 2878 408 2934 dinale,
433 2882 743 2936 pretendendo
765 2884 849 2926 che
871 2896 963 2925 non
984 2882 1023 2925 si
1050 2884 1231 2926 trouara
1257 2897 1450 2939 persona
1471 2883 1576 2935 tale,
1602 2897 1628 2924 a
1655 2880 1729 2923 chi
1758 2880 1797 2924 si
1818 2881 1882 2923 ri-

242 2957 502 3001 commandi
525 2959 661 3015 quell’
687 2974 841 3015 opera,
863 2965 908 3003 et
924 2973 1016 3003 non
1037 2959 1275 3003 ardiscono
1292 2959 1658 3003 raccomandarla
1682 2957 1713 3000 li
1736 2957 1882 3001 nostri

242 3048 270 3076 a
292 3035 427 3078 Mtr0.
460 3035 691 3080 Cornelio.
717 3037 820 3080 Non
850 3035 1081 3093 puotendo
1110 3037 1250 3080 esser'
1279 3043 1456 3092 questo,
1484 3037 1582 3080 fece
1604 3034 1648 3078 io
1676 3034 1884 3078 instanza

247 3124 430 3166 apresso
454 3111 528 3155 alli
550 3112 694 3156 nostri
715 3120 760 3156 et
782 3113 824 3156 al
841 3111 1084 3165 cardinale,
1103 3113 1188 3156 che
1205 3112 1243 3156 si
1259 3113 1428 3158 cercasi
1450 3114 1655 3156 almanco
1676 3125 1784 3164 vno,
1803 3112 1885 3167 qui
