2228 3548
403 259 474 296 682
923 256 1060 293 prsr.
1088 254 1132 290 P.
1161 253 1432 301 NADAL-569

356 375 482 404 mara
514 360 598 402 che
625 357 687 400 mi
715 358 739 402 ὲ
768 356 1054 401 ricreatione.
1090 355 1364 399 Benedictus
1394 357 1639 411 Dominus,
1671 361 1737 400 sto
1767 357 1889 400 bene.
1926 356 1992 400 La

358 451 501 493 prego
523 436 636 479 altra
657 435 779 478 volta
801 433 963 477 soliciti
985 433 1027 476 la
1049 433 1210 476 lettera
1231 431 1277 475 di
1297 433 1356 476 N.
1385 434 1438 477 Ρ.
1464 447 1544 490 per
1565 432 1597 475 il
1617 433 1868 490 prouincial
1897 440 1990 478 ete.

358 501 396 556 E
417 518 536 555 stato
558 510 814 555 necessario
838 512 923 554 che
944 509 988 552 io
1019 510 1194 554 facesse
1224 523 1357 566 saper
1387 509 1432 552 la
1461 509 1653 553 volunta
1685 509 1731 553 di
1761 511 1820 554 N.
1856 512 1909 554 P.
1945 511 1987 553 al

358 595 509 642 conte,
534 595 580 631 et
601 587 699 631 cusl
729 602 818 630 non
853 585 1000 631 vorrei
1027 586 1066 629 si
1093 585 1264 642 potessi
1291 585 1482 643 impedit
1511 585 1544 629 il
1575 586 1783 644 negocio.
1818 586 1879 631 M’
1911 601 1988 631 era

357 665 642 710 smenticato.
669 665 703 707 Il
727 664 895 721 Signor
917 663 990 706 dia
1012 678 1038 706 a
1066 664 1128 707 V.
1161 664 1214 707 R.
1242 663 1284 708 16
1304 663 1426 707 bone
1449 663 1562 707 feste
1576 670 1629 723 ¹et
1649 664 1741 706 bon
1769 662 1986 720 giubileo.

359 743 527 785 Amen.
553 742 657 785 Alle
678 741 815 786 misse
836 748 881 784 et
903 739 1095 784 orationi
1118 739 1164 783 di
1192 741 1249 784 V.
1282 741 1335 783 R.
1369 740 1508 783 molto
1536 739 1582 783 di
1609 754 1748 784 cuore
1778 739 1842 782 mi
1873 739 1990 783 rico-

360 819 540 871 mando,
566 825 612 863 et
633 820 733 878 sera
755 825 969 863 contenta
990 818 1046 861 de
1069 818 1136 861 far
1156 818 1237 860 dar
1259 817 1317 860 da
1342 816 1432 861 mia
1452 824 1581 874 parte
1602 818 1645 862 16
1666 818 1785 861 bone
1806 817 1922 861 feste
1948 823 1999 862 61

360 895 561 951 giubileo
582 895 656 938 alli
685 902 706 923 a
732 894 869 939 Padri
897 894 1125 938 assistenti
1153 901 1199 938 et
1226 894 1491 947 secretario,
1527 900 1572 939 et
1595 895 1638 937 al
1675 895 1729 938 P.
1754 893 1995 945 Ximenez‚

361 979 406 1018 et
428 973 449 1000 b
475 987 555 1030 per
576 972 639 1015 lui
662 972 736 1016 alli
757 971 859 1016 altri
881 974 965 1015 che
988 971 1051 1014 lui
1068 972 1195 1015 suole
1212 971 1293 1014 dar
1314 972 1357 1015 le
1373 971 1462 1014 mie
1479 969 1918 1015 ricommandationi.
1937 969 1998 1014 Di

363 1050 500 1103 Hala‚
526 1062 581 1094 22
605 1049 650 1093 di
671 1050 925 1094 Decembre
953 1060 1079 1104 1574.
1105 1051 1164 1092 D.
1190 1050 1248 1093 V.
1275 1050 1329 1093 R.
1355 1063 1490 1092 seruo
1511 1048 1558 1091 in
1579 1050 1683 1101 X.⁰,

1425 1131 1455 1190 -Ι-
1507 1133 1694 1204 NApAL.
1729 1130 1759 1189 †

1593 1228 1602 1250 0

456 1282 700 1338 Inscriptio
720 1282 771 1324 in
794 1285 960 1338 quarta
974 1282 1171 1339 pagina,
1193 1282 1288 1324 alia
1308 1295 1468 1324 manu:
1483 1280 1513 1338 ἦ·
1535 1280 1795 1325 Admodum
1814 1279 1929 1322 Rdo.
1950 1277 1999 1322 in

333 1363 335 1367 ’
365 1361 486 1417 Xpo.
514 1359 638 1404 Patri
661 1361 714 1402 P.
742 1358 945 1402 Oliuerio
974 1360 1206 1412 Manareo‚
1232 1357 1462 1403 assistenti
1489 1356 1728 1403 Societatis
1752 1358 1878 1415 Jesu.
1906 1357 2004 1399 Ro-

365 1452 482 1482 mae.
508 1437 615 1480 Alia
637 1450 795 1479 manu:
811 1437 960 1494 Jesus.
987 1435 1016 1493 †
1040 1435 1197 1480 Maria.
1230 1446 1357 1490 1574.
1383 1435 1517 1478 Hala.
1544 1436 1597 1478 P.
1625 1433 1774 1478 Natal.
1796 1445 1850 1477 22
1875 1432 2002 1476 X.bre

362 1514 526 1571 sigilli
547 1514 687 1556 abcisi
709 1514 968 1570 vestigium.

1123 1625 1249 1665 569
1324 1622 1330 1627 ’

814 1713 865 1754 Ρ.
893 1711 1304 1755 HIERONYMUS
1336 1710 1556 1754 NADAL

687 1805 869 1840 PATRI
907 1804 1237 1843 EVERARDO
1276 1802 1679 1842 MERCURIANO

855 1897 1012 1934 HALAE,
1038 1898 1084 1924 22
1108 1895 1345 1925 DECEMBms
1374 1895 1464 1934 1574
1491 1887 1516 1922 ¹.

423 1982 455 2008 t.
477 1973 536 2009 De.
554 1972 640 2008 suis
657 1972 1079 2018 occupationibus.-2.
1102 1973 1151 2008 P.
1173 1971 1380 2008 Costerum
1401 1970 1611 2007 Coloniam
1630 1970 1738 2006 mitti
1750 1969 1945 2017 postulat.

464 2069 481 2100 Ι
493 2092 502 2101 .
567 2055 596 2113 ’ξ-
620 2055 760 2099 Μο110
773 2055 890 2098 Rdo.
907 2057 960 2099 P.
977 2057 1035 2099 N.
1050 2055 1096 2098 in
1113 2055 1198 2099 X.⁰
1211 2058 1307 2099 Pax
1323 2055 1399 2099 X.¹
1427 2054 1490 2098 Mi
1506 2069 1589 2097 son
1603 2054 1845 2110 rallegrato
1863 2053 2007 2095 molto

368 2134 445 2178 nel
467 2133 636 2190 Signor
657 2138 813 2175 nostro
835 2147 912 2188 per
933 2133 977 2176 la
998 2134 1118 2177 bona
1139 2132 1321 2177 licentia
1344 2132 1404 2190 (di
1425 2134 1509 2176 che
1525 2131 1588 2174 mi
1609 2130 1758 2175 scriue
1774 2130 1816 2175 el
1834 2131 1884 2174 P.
1904 2129 2004 2174 Oli-

368 2209 498 2255 uerio
519 2209 564 2252 di
586 2223 668 2252 sua
689 2208 830 2264 parte)
855 2211 939 2252 che
962 2209 992 2252 il
1016 2211 1068 2253 P.
1095 2209 1340 2267 Gtiillelmo
1362 2224 1496 2266 possa
1516 2209 1656 2252 andar
1678 2207 1748 2251 col
1770 2213 1903 2251 conte
1920 2206 2007 2250 alla

370 2285 708 2344 peregrination
730 2286 802 2328 del
825 2286 1024 2342 giubileo
1045 2288 1079 2330 ².
1106 2287 1183 2332 Sia
1199 2301 1279 2343 per
1295 2287 1324 2329 l’
1350 2301 1475 2330 amor
1491 2286 1564 2330 del
1585 2285 1768 2342 Signor.
1789 2285 1900 2329 Sera
1915 2297 2007 2327 con

368 2365 414 2408 la
441 2364 588 2421 gratia
615 2363 689 2407 del
720 2362 889 2419 Signor
925 2379 1011 2407 con
1049 2364 1160 2421 ogni
1197 2363 1469 2409 edification.
1511 2362 1676 2419 Quello
1707 2362 1793 2404 che
1823 2361 2004 2405 doueua

370 2441 515 2498 prima
536 2440 647 2485 dire.
673 2439 798 2483 Iddio
820 2447 975 2484 nostro
1004 2440 1172 2498 Signor
1194 2440 1267 2483 dia
1289 2441 1376 2484 alla
1399 2442 1451 2484 P.
1483 2441 1541 2484 V.
1571 2440 1614 2482 le
1641 2439 1760 2482 bone
1791 2439 1922 2490 feste,
1957 2443 2005 2480 61

371 2524 532 2561 sancto
555 2516 770 2574 giubileo,
796 2516 842 2558 in
865 2517 1038 2573 giubilo
1059 2524 1104 2561 et
1132 2517 1385 2562 exultation
1406 2523 1562 2561 sancta
1582 2515 1700 2558 della
1720 2514 1866 2558 anima
1900 2527 2001 2556 sua.

373 2595 540 2638 Amen.
565 2593 696 2637 Delle
717 2593 1006 2649 occupationi
1028 2594 1132 2647 mie,
1157 2609 1271 2651 poco
1292 2608 1428 2650 posso
1449 2593 1546 2637 dire
1573 2592 1660 2635 alla
1688 2593 1742 2635 P.
1774 2592 1827 2634 V.
1865 2593 2005 2634 Perse

445 2738 466 2759 a
504 2731 617 2775 Aut.‚
637 2730 781 2765 alz.-b
796 2739 817 2764 2
836 2732 956 2766 verba
974 2743 1081 2779 seqq.
1103 2742 1219 2778 supra
1237 2742 1340 2766 vers.
1360 2729 1511 2765 addidit
1526 2729 1576 2764 N.

445 2830 457 2851 ¹
509 2832 567 2866 Ex
585 2831 835 2877 autographo,
856 2831 895 2866 in
919 2832 1049 2879 Epist.
1070 2832 1228 2878 Natal.‚
1246 2832 1297 2876 ΙΙ,
1316 2830 1463 2878 duplici
1485 2829 1568 2874 fol„
1585 2835 1654 2873 225
1673 2827 1786 2874 (198).
1806 2828 1902 2863 Post
1919 2826 2012 2863 scri-

373 2894 484 2936 ptum
501 2891 551 2925 ab
569 2889 645 2926 illis
663 2889 809 2925 verbis:
832 2890 982 2933 Padre,
1002 2891 1174 2936 dipoi...‚
1194 2902 1318 2938 usque
1337 2890 1386 2926 ad
1401 2889 1535 2935 finem,
1553 2888 1706 2924 Natalis
1723 2886 1876 2934 propria
1893 2897 2013 2922 manu

374 2949 551 2985 exaravit
568 2948 608 2984 in
626 2948 811 2984 schedula
828 2950 968 2991 soluta,
988 2950 1028 2986 in
1045 2950 1114 2995 8.⁰;
1134 2961 1234 2997 quae
1252 2961 1355 2985 nunc
1372 2948 1615 2995 agglutinata
1632 2947 1810 2995 pagellae
1828 2952 1908 2981 λᾶε
1930 2944 2012 2991 epi-

375 3008 502 3043 stolae
520 3009 702 3044 habetur.

396 3067 402 3073 ⁴
448 3068 462 3087 ²*
514 3066 614 3102 Vide
632 3066 748 3114 epist.
767 3065 853 3112 560,
872 3078 915 3103 n.
938 3065 974 3111 33
994 3067 1078 3112 5653
1098 3072 1138 3102 et
1156 3066 1240 3113 568,
1259 3079 1302 3103 n.
1330 3075 1362 3102 1.
