2228 3548
0 1262 13 1421 ”vv-'54x2·
0 1078 4 1088 ..

934 281 982 319 30
1006 283 1121 330 Jmm
1148 282 1240 328 157⁶
1783 289 1859 329 719

257 387 393 440 ciale,
418 385 642 443 speriamo
657 387 744 431 che
765 386 853 431 ella
872 386 1043 431 hauera
1063 385 1203 430 molto
1224 384 1534 430 ricomandato
1551 391 1672 428 tutto
1694 385 1800 441 quel
1822 399 1910 430 ne-

262 464 392 522 gotio
408 465 452 508 al
472 478 556 508 suo
577 463 746 507 nuncio
768 463 814 507 di
835 469 1010 508 cotesta
1030 470 1171 508 corte.
1191 461 1538 520 Aspettiamone
1560 462 1758 518 qualque
1779 463 1909 506 buon

259 555 496 586 successo.
514 541 668 585 Piacia
684 555 711 584 a
726 540 816 585 Dio
831 540 1076 586 benedetto
1091 540 1278 595 darcilo,
1291 540 1335 585 la
1350 539 1425 584 cui
1442 542 1618 585 Maesta
1631 554 1774 597 prego
1791 553 1884 584 con

268 619 419 664 tinuar
441 633 618 675 sempre
645 633 672 662 a
703 619 761 663 V.
802 620 856 662 R.
881 619 925 662 la
951 632 1035 662 sua
1065 624 1196 662 santa
1231 617 1380 675 gratia
1416 625 1463 663 et
1493 617 1822 662 benedittione.
1846 616 1910 661 Di

271 698 430 749 Roma,
456 695 531 739 alli
553 710 581 754 9
602 694 648 738 di
664 697 821 754 Jugno
849 696 977 750 1576.

360 774 488 817 Tutti
528 774 543 816 i
579 772 862 830 procuratori
891 771 1157 816 arriuorono
1187 772 1286 817 sani
1313 779 1359 816 et
1391 771 1507 816 salui
1534 786 1616 829 per
1642 771 1791 828 gratia
1819 771 1911 816 Dio

264 858 445 896 eccetto
467 850 618 906 quello
646 849 691 893 di
719 849 890 895 Sicilia.
923 849 1027 893 Con
1056 849 1207 905 quello
1235 849 1281 892 di
1311 849 1558 894 Germania
1581 846 1860 893 scriueremo
1881 864 1910 892 a

266 928 328 973 V.
355 930 410 972 R.
435 927 513 984 piu
535 928 834 984 largamente.

1033 1056 1152 1098 601

717 1143 769 1185 Ρ.
802 1141 1215 1186 HIERONYMUS
1244 1141 1465 1184 NADAL

595 1236 778 1272 PATRI
810 1234 1143 1273 EVERARDO
1178 1234 1588 1273 MERCURIANO

844 1328 1003 1366 HALAE,
1019 1318 1067 1356 30
1083 1327 1190 1364 Jmm
1210 1319 1301 1365 1576
1315 1319 1342 1360 ¹.

275 1404 450 1452 [nfirma
473 1405 606 1440 utitur
627 1403 875 1447 valetudine‚·
897 1403 1027 1439 laetus
1048 1405 1182 1439 tamen
1206 1405 1244 1439 et
1268 1402 1508 1445 consolatus,
1533 1403 1578 1438 in
1603 1402 1782 1437 Domino
1804 1403 1913 1447 spem

666 1475 670 1479 ·
932 1474 1050 1498 suam
1077 1462 1249 1509 reponit.

360 1549 493 1605 Jhus.
519 1546 781 1590 Admodum
799 1545 912 1591 Rde.
932 1545 980 1589 in
996 1547 1118 1602 Xpo.
1141 1546 1194 1589 P.
1214 1546 1272 1589 N.
1295 1547 1393 1589 Pax
1409 1544 1595 1589 Christi.
1617 1544 1740 1589 Nihil
1763 1545 1914 1589 habeo

271 1624 351 1668 cui
373 1625 688 1681 respondeam,
708 1637 792 1668 nec
815 1630 885 1668 est
906 1623 1029 1678 quod
1051 1621 1280 1679 replicem,
1301 1636 1419 1678 quae
1441 1629 1488 1667 et
1505 1623 1563 1666 ad
1582 1624 1635 1666 P.
1658 1623 1711 1666 T.
1734 1621 1911 1678 scripsi,

241 1728 245 1729 ν
272 1707 323 1746 et
345 1700 543 1754 Ximeni,
570 1701 626 1744 ad
650 1708 693 1746 te
715 1700 966 1745 referenda.
994 1701 1122 1743 Bono
1153 1699 1306 1743 animo
1329 1706 1375 1744 et
1406 1699 1527 1744 laeto
1560 1714 1661 1743 sum
1694 1706 1913 1756 acceptu—

281 1793 360 1821 rus
383 1786 402 1805 a
428 1793 509 1835 per
537 1777 707 1822 Christi
736 1777 928 1834 gratiam
950 1776 1166 1833 quicquid
1194 1791 1275 1833 per
1305 1784 1351 1822 te
1381 1776 1605 1821 Dominus
1626 1777 1672 1819 in
1699 1791 1772 1821 me
1799 1783 1846 1820 et
1867 1776 1915 1819 in

284 1856 437 1908 rebus,
452 1856 508 1899 de
526 1854 692 1910 quibus
709 1869 814 1911 ago,
826 1853 1112 1910 disposuerit.
1128 1854 1164 1897 F
1167 1853 1260 1898 axit
1275 1853 1502 1907 Christus,
1517 1854 1639 1910 quod
1650 1867 1914 1910 persequor,

283 1940 335 1975 vt
357 1932 404 1976 id
423 1946 531 1977 vere
553 1931 704 1976 dicere
725 1930 892 1988 possim
916 1947 942 1976 e
963 1931 1098 1974 corde
1118 1944 1236 1974 meo:
1266 1931 1390 1986 Quid
1417 1931 1533 1974 mihi
1560 1935 1624 1974 est
1647 1932 1697 1973 in
1727 1931 1856 1984 coelo,
1879 1934 1921 1973 et

284 2025 315 2052 a
337 2012 376 2052 te
399 2009 508 2065 quid
536 2010 656 2052 volui
682 2013 821 2065 super
850 2010 1046 2051 terram?
1080 2007 1263 2065 Defecit
1284 2022 1390 2051 caro
1417 2012 1458 2051 et
1480 2023 1557 2051 cor
1592 2022 1757 2061 meum,
1791 2009 1921 2050 Deus

280 2086 438 2128 -cordz's
459 2086 548 2128 mei
569 2089 609 2128 et
623 2090 741 2142 pars
764 2099 862 2127 mea
877 2086 1005 2127 Deus
1022 2085 1072 2126 in
1088 2087 1339 2128 aeternum.
1359 2085 1482 2128 Milzz'
1502 2088 1650 2127 autem
1668 2084 1921 2127 adhaerere

287 2164 384 2205 Deo
406 2163 568 2205 bonum
605 2166 681 2216 est,
712 2166 883 2218 ponere
903 2162 954 2204 in
984 2161 1185 2204 Domino
1219 2162 1316 2205 Deo
1336 2166 1460 2218 spem
1483 2176 1629 2204 meam
1653 2162 1685 2204 ².
1722 2161 1819 2205 Ora
1839 2175 1922 2217 pro

284 2238 410 2298 [me‚]
438 2239 459 2267 ¹³
487 2241 637 2284 Pater.
673 2238 947 2284 Valetudine
982 2244 1085 2281 vtor
1119 2251 1297 2295 semper
1327 2237 1521 2282 infirma.
1562 2240 1658 2282 Nec
1691 2237 1855 2281 mirum
1883 2237 1919 2281 si

283 2316 704 2373 septuagenarium,
743 2317 1071 2368 catarrhosum,
1111 2315 1359 2370 defessum,
1395 2323 1484 2360 etc.
1526 2322 1702 2359 tentent
1737 2329 1810 2358 me
1847 2313 1923 2357 alii

288 2394 426 2440 etiam
443 2393 606 2445 morbi,
632 2391 761 2448 quasi
782 2407 839 2436 ex
866 2391 1041 2434 insidiis
1070 2391 1356 2437 occasionem
1377 2392 1578 2436 irruendi
1605 2393 1920 2435 obseruantes.

292 2471 385 2517 Sed
407 2477 559 2514 tamen
578 2468 832 2513 his-diebus
852 2468 1116 2533 meliuscule
1137 2469 1299 2513 habeo.
1330 2469 1435 2512 Fuit
1463 2471 1685 2512 hactenus
1714 2467 1925 2520 turbidus

286 2552 385 2601 aer,
410 2554 455 2590 et
472 2545 656 2603 pluuius
676 2547 786 2591 fere.
813 2547 948 2589 Nunc
969 2545 1150 2589 videtur
1165 2546 1223 2589 ad
1237 2546 1526 2590 serenitatem
1544 2552 1763 2602 spectare.
1789 2546 1925 2588 Hanc

295 2623 461 2668 mentis
482 2631 528 2668 et
549 2622 697 2666 cordis
718 2623 795 2666 det
816 2621 947 2665 nobis
966 2621 1190 2666 Dominus
1209 2621 1422 2676 lucidam,
1452 2623 1632 2675 laetam,
1664 2636 1854 2666 suauem
1876 2621 1924 2664 in

291 2701 432 2757 Xpo.,
457 2699 587 2742 cuius
608 2697 916 2743 misericordia
933 2705 978 2742 et
994 2698 1161 2742 veritas
1176 2706 1415 2743 conseruet
1432 2698 1650 2744 Societati
1671 2697 1926 2741 diutissime

290 2776 565 2820 incolumem
589 2777 642 2818 P.
669 2776 723 2818 T.
755 2775 813 2818 ad
834 2773 1052 2819 maiorem
1074 2774 1264 2831 gloriam
1292 2775 1488 2819 nominis
1515 2775 1602 2829 sui,
1633 2781 1679 2818 et
1706 2774 1924 2831 plurima-

362 2896 383 2916 a
421 2887 606 2935 Sequitur
628 2898 718 2922 sum
741 2888 977 2934 accepturus
1000 2886 1142 2922 iterum
1165 2885 1353 2934 scriptum
1377 2893 1417 2924 et
1442 2886 1779 2923 obliteratum—1³
1793 2885 1927 2924 Omis-

287 2960 380 2984 sum
398 2959 419 2982 a
437 2947 525 2983 libr.

370 3039 381 3059 ¹
431 3037 489 3072 Ex
507 3035 735 3082 archetypo,
750 3033 791 3069 in
808 3033 936 3081 Epist.
956 3033 1110 3079 Natat„
1130 3033 1182 3077 11,
1201 3033 1346 3082 duplici
1363 3035 1444 3082 fol„
1462 3035 1531 3081 246
1548 3036 1663 3081 (174).

369 3098 384 3118 ²
434 3095 502 3131 Ps.
522 3095 679 3139 LXXII,
696 3101 756 3139 25,
772 3093 833 3139 26,
851 3093 911 3130 28.
