2228 3548
815 268 818 271 ’
859 282 903 319 31
931 283 1179 320 Dsscssunms
1207 282 1300 328 1576
1781 279 1848 327 731

266 388 315 431 Io
336 386 519 444 proposi
540 386 626 429 alla
648 387 702 429 P.
728 386 787 430 V.
811 385 856 429 13
875 392 1047 430 venuta
1065 384 1157 428 mia
1183 384 1232 427 in
1259 383 1507 428 Germania
1534 398 1620 428 con
1649 383 1692 427 la
1718 382 1902 428 indiffe-

267 463 414 509 rentia
435 465 523 508 che
545 464 723 507 deueua
742 463 801 506 da
821 458 992 506 douer'o
1012 475 1100 505 eon
1121 462 1165 505 la
1185 460 1334 518 gratia
1355 461 1428 505 del
1449 461 1634 518 Signor,
1664 461 1902 518 pensando

268 555 393 586 esser
409 540 611 598 obligato
628 555 655 584 a
671 541 738 583 far
759 546 921 596 questo
935 546 972 592 a,
991 553 1072 596 per
1089 539 1153 595 gli
1169 538 1372 582 instincti
1386 540 1473 583 che
1494 539 1691 591 haueua,
1710 540 1796 581 che
1816 538 1902 581 dar

268 619 362 663 fine
383 618 442 661 ad
463 617 620 675 alguni
646 616 752 661 miei
772 616 919 661 scritti
940 623 986 661 et
1007 616 1224 669 concetti,
1247 630 1325 660 era
1345 615 1376 659 il
1403 615 1584 672 miglior
1615 616 1703 660 che
1730 613 1901 672 potessi

268 698 365 742 fare
386 695 434 739 in
455 695 641 743 seruitio
663 694 709 738 di
730 694 872 748 Iddio,
896 708 946 738 se
967 693 1067 737 cusi
1093 693 1264 751 paressi
1290 694 1377 738 alla
1409 696 1462 738 P.
1498 695 1576 747 V.;
1608 693 1639 736 il
1671 694 1756 738 che
1783 691 1900 736 volsi

267 787 496 831 proponet
518 787 604 816 con
633 779 755 815 tutto
776 770 805 814 l’
833 771 984 815 animo
1010 778 1057 814 et
1082 770 1321 825 industria,
1351 785 1431 828 per
1459 771 1599 814 andar
1621 770 1679 813 da
1706 782 1815 813 vero
1851 768 1899 812 in

268 852 374 907 quel
395 851 482 894 che
504 863 706 906 pensaua
726 863 850 893 esser
870 848 903 892 il
923 847 1065 892 maior
1085 847 1272 893 seruitio
1293 847 1339 891 di
1369 847 1474 893 Dio.
1499 849 1555 891 Et
1578 850 1729 890 ta'men
1750 846 1798 891 in
1824 860 1900 891 me

267 927 447 972 sentiuo
462 928 566 979 che,
586 927 695 970 selo
712 925 895 983 negassi
912 927 969 970 V.
991 927 1066 979 Ρ.,
1085 925 1203 969 53113
1223 925 1302 982 piu
1323 932 1557 978 contento,
1582 932 1628 969 et
1650 923 1830 967 sentino
1851 922 1898 966 di

266 1004 337 1048 cio
358 1003 546 1049 interior
567 1002 865 1047 consolation.
891 1003 987 1048 Son
1007 1010 1178 1046 venuto
1200 1016 1287 1046 con
1313 1003 1434 1046 bona
1462 1002 1650 1045 volunta
1677 1008 1723 1045 et
1750 999 1899 1058 gratia

266 1081 313 1125 di
335 1083 392 1126 V.
419 1084 493 1134 Ρ.,·
519 1081 606 1124 6116
627 1080 688 1124 1111
709 1079 830 1124 (11556
846 1079 1094 1136 (pensando
1109 1079 1185 1136 gia
1201 1078 1246 1123 io
1262 1093 1355 1123 non
1375 1078 1503 1123 venir
1519 1086 1565 1122 et
1582 1078 1774 1123 essendo
1791 1091 1896 1134 pre-

268 1165 426 1216 parato
446 1172 526 1214 per
554 1165 708 1201 tornat
734 1171 762 1200 a
789 1155 976 1213 Tyburi)
1005 1157 1104 1199 sine
1132 1157 1336 1199 motiuis:
1361 1155 1546 1212 «voglio
1567 1156 1654 1199 che
1677 1155 1841 1198 andate
1869 1169 1898 1198 a

269 1235 558 1280 Germania.»
583 1235 649 1278 La
670 1234 775 1290 qual
796 1232 1145 1278 determination
1165 1233 1226 1276 mi
1242 1234 1368 1278 dette
1389 1247 1505 1290 gran
1526 1232 1707 1276 securta
1723 1239 1768 1276 et
1784 1245 1900 1288 pace

268 1321 314 1357 et
335 1327 555 1370 speranca
574 1311 621 1355 in
642 1311 842 1364 Christo,
866 1312 1034 1368 perche
1054 1310 1220 1355 intensi
1241 1312 1330 1356 che
1350 1311 1408 1354 da
1435 1325 1484 1354 se
1507 1310 1555 1353 fu
1576 1324 1726 1353 mossa
1747 1310 1805 1353 V.
1839 1310 1895 1352 P.

267 1405 294 1434 a
315 1389 413 1434 cusi
441 1388 768 1435 determinarsi.
794 1389 989 1442 Adesso,
1014 1389 1221 1435 vedendo
1242 1388 1370 1432 finita
1396 1403 1486 1432 vna
1513 1395 1641 1445 parte
1669 1386 1715 1430 di
1743 1387 1897 1442 quello

266 1470 350 1512 che
372 1469 519 1510 hauea
540 1466 586 1509 di
608 1467 719 1520 fare,
739 1466 852 1519 cioe,
871 1467 915 1510 la
931 1480 1068 1524 opera
1083 1465 1190 1510 delli
1210 1465 1414 1523 imagini,
1434 1473 1480 1510 et
1503 1465 1716 1509 hauendo
1739 1479 1896 1509 emen-

264 1544 358 1588 dati
379 1544 444 1601 gli
463 1543 622 1588 scholii
638 1551 684 1587 et
698 1543 986 1587 instructioni
1006 1551 1052 1587 et
1067 1543 1374 1589 obseruationi
1390 1542 1611 1601 spirituali
1633 1544 1662 1595 ¹,
1682 1541 1744 1585 mi
1766 1550 1899 1585 trouo

263 1622 310 1665 in
334 1622 411 1666 tali
427 1620 771 1678 indispositioni,
792 1620 979 1678 pigliata
995 1620 1273 1678 experientia
1290 1621 1364 1678 gia
1382 1621 1511 1678 quasi
1526 1619 1572 1663 di
1596 1627 1713 1663 tutto
1729 1618 1758 1661 l’
1776 1633 1898 1663 anno

264 1705 462 1756 passato,
487 1706 533 1743 et
554 1713 689 1755 sopra
715 1697 860 1755 gionti
887 1698 951 1754 gli
980 1709 1052 1753 703
1085 1699 1171 1743 che
1198 1699 1346 1743 veddo
1376 1698 1397 1726 ¹³
1422 1713 1517 1742 non
1548 1712 1670 1742 esser
1707 1697 1783 1753 piu
1816 1710 1896 1753 per

267 1775 406 1821 studii
427 1784 472 1821 et
493 1775 779 1832 occupationi
799 1775 946 1833 graui3
977 1782 1022 1820 et
1049 1776 1150 1820 cusi
1183 1790 1277 1819 non
1306 1781 1436 1833 poter
1467 1775 1570 1819 finir
1606 1776 1646 1818 16
1679 1775 1894 1819 exhorta—

268 1853 379 1897 tioni
402 1855 436 1906 ⁸,
459 1860 506 1899 et
526 1866 687 1897 manco
709 1853 815 1908 quel
835 1854 920 1897 che
941 1867 1144 1909 pensauo
1164 1853 1335 1898 scriuer
1355 1860 1516 1898 contra
1538 1851 1742 1897 heretici.
1763 1852 1798 1894 Il
1820 1850 1897 1895 Si-

267 1945 384 1988 gnor
404 1945 464 1988 po
488 1931 553 1974 far
574 1930 621 1973 in
643 1944 714 1974 me
735 1944 855 1975 noue
877 1931 1016 1986 force,
1040 1937 1087 1975 et
1113 1930 1158 1975 io
1180 1945 1265 1974 son
1285 1938 1493 1989 prompto
1515 1938 1532 1958 0
1562 1944 1651 1974 con
1679 1930 1722 1972 la
1749 1927 1897 1985 gratia

267 2023 351 2052 sua
372 2023 399 2051 3
420 2007 666 2064 trauagliar
687 2022 713 2051 a
734 2007 907 2064 magior
929 2007 1074 2064 gloria
1094 2007 1140 2051 di
1160 2008 1371 2053 Iddiofin
1392 2009 1434 2052 al
1455 2008 1612 2052 vltimo
1634 2008 1756 2051 fiato.
1781 2009 1894 2050 Pro-
1942 2037 1946 2040 ,

266 2098 420 2141 pongo
440 2085 590 2128 dunca
611 2085 697 2129 alla
719 2087 772 2128 Ρ.
798 2086 854 2129 V.
888 2099 978 2128 con
1006 2092 1124 2128 tutta
1144 2084 1429 2131 indiserentia
1450 2086 1471 2114 ‘¹
1499 2086 1572 2129 doi
1594 2099 1715 2129 cose:
1741 2085 1783 2127 13
1804 2097 1895 2126 vna

266 2163 353 2206 che
374 2161 406 2204 il
427 2169 549 2207 resto
569 2162 687 2206 della
707 2161 801 2205 vita
823 2162 884 2204 mi
907 2161 1083 2219 occupi‚
1108 2176 1236 2206 corne
1257 2166 1404 2220 potro,
1429 2179 1455 2207 a
1476 2162 1709 2208 deuotioni
1726 2169 1771 2205 et
1787 2176 1894 2219 pre-

266 2238 459 2295 pararmi
480 2253 560 2295 per
580 2237 613 2281 il
633 2239 739 2284 fine:
764 2240 794 2281 l'
821 2240 934 2282 altra
955 2239 979 2283 ὲ
1001 2240 1090 2284 6116
1109 2239 1288 2284 venessi
1309 2255 1336 2284 a
1357 2241 1551 2286 Venetia
1580 2239 1787 2297 (essendo
1819 2253 1893 2282 sa-

268 2316 342 2372 no)
378 2323 425 2359 et
452 2315 592 2359 sentir
623 2316 913 2369 confessioni,
942 2316 1096 2360 lassati
1123 2316 1188 2374 gli
1215 2317 1368 2371 studii,
1397 2326 1443 2363 et
1471 2318 1610 2362 morir
1642 2317 1688 2359 in
1716 2330 1819 2359 casa
1847 2315 1894 2358 di

269 2392 478 2449 professi,
498 2399 543 2436 et
564 2406 655 2435 non
677 2399 770 2437 star
790 2393 944 2437 ocioso
967 2394 1028 2436 fin
1052 2394 1094 2436 al
1115 2400 1312 2438 estremo
1335 2401 1353 2422 0
1370 2395 1542 2453 spirito;
1569 2402 1614 2439 et
1636 2401 1795 2451 questo
1818 2407 1893 2436 53-

271 2468 337 2512 113
358 2469 590 2512 conforme
609 2468 684 2513 alli
705 2469 883 2523 medici,
903 2471 991 2515 che
1006 2470 1173 2515 dicono
1190 2484 1281 2514 non
1303 2472 1364 2516 mi
1384 2471 1602 2516 conuenit
1619 2469 1766 2527 questi
1783 2483 1893 2526 pae-

270 2545 324 2590 si.
349 2548 425 2590 Ma
446 2546 490 2588 io
511 2560 603 2589 non
624 2546 686 2589 mi
713 2560 823 2590 curo
844 2547 983 2591 molto
1004 2548 1050 2590 di
1071 2555 1253 2604 quest0;
1278 2549 1444 2606 perche
1472 2564 1564 2592 non
1585 2562 1719 2604 spero
1747 2546 1893 2590 sanita

333 2688 354 2709 ³
390 2690 412 2717 2
430 2682 551 2717 verba
568 2693 677 2729 seqq.
697 2683 862 2718 obscure
880 2688 1037 2718 exarata
1055 2688 1095 2718 et
1113 2683 1329 2721 emendata.
1340 2686 1402 2713 —b
1417 2686 1503 2721 Hoc
1520 2685 1628 2720 verb.
1651 2695 1766 2730 supra
1785 2694 1890 2718 vers.

263 2740 412 2777 addidit
435 2741 553 2776 N.-—c
573 2751 596 2785 4
619 2742 740 2777 verba
763 2752 873 2789 seqq.
897 2753 1012 2789 supra
1036 2754 1139 2779 verS.
1159 2743 1307 2781 addidit
1330 2745 1453 2781 N.—d
1475 2746 1584 2790 Aut„
1604 2743 1891 2790 inferentia.-

261 2807 280 2827 e
301 2798 479 2837 obscure
498 2804 718 2835 exaratum.

276 2926 283 2930 “
334 2919 344 2939 ¹
396 2918 497 2955 Vide
515 2919 554 2955 in
575 2919 701 2965 Epist.
720 2919 874 2962 Natal„
893 2920 923 2964 I,
944 2928 1190 2967 xxx—xxxm,
1208 2927 1250 2958 et
1274 2930 1501 2968 XLV-XLVII,
1526 2927 1606 2957 tres
1623 2920 1794 2967 codices,
1812 2929 1849 2967 7,
1868 2920 1894 2956 8

263 2982 304 3014 et
324 2977 379 3022 13,
399 2978 449 3014 de
466 2978 607 3026 quibus
624 2978 687 3014 hic
704 2978 874 3025 loquitur
892 2979 1056 3025 Natalis,
1075 2979 1308 3028 descriptos.

335 3039 351 3060 ³
399 3038 552 3086 Reapse
571 3037 721 3075 Natalis
735 3038 1026 3075 exhortationes
1052 3039 1273 3088 inexpletae
1295 3047 1561 3087 asservantur,
1578 3044 1622 3076 ut
1644 3050 1711 3076 eas
1733 3038 1891 3086 reliquit

262 3102 412 3135 auctor.
