2228 3548
392 308 463 346 522
910 299 1052 336 EPIST.
1080 299 1125 334 P.
1153 298 1426 346 NADAL-495

341 401 510 453 neficii,
536 392 655 457 dopo
677 400 709 443 il
730 400 876 457 primo
893 415 1032 453 anno,
1059 401 1241 456 quando
1263 400 1295 443 il
1316 400 1550 456 superiore
1565 400 1631 458 gli
1653 401 1696 445 lo
1720 400 1937 455 ordinasi3
1959 401 1990 445 il

341 480 427 520 che
450 479 474 520 6
497 491 603 520 6053
625 491 785 534 graue3
811 484 856 522 et
873 491 985 520 sono
1007 475 1125 522 assai
1147 482 1192 520 et
1215 477 1261 520 d’
1285 491 1461 521 auanzo
1484 477 1633 533 questi
1660 477 1737 521 doi
1764 478 1963 523 inconue
1977 504 1987 510 -

338 554 498 607 nienti,
522 554 689 598 leuarsi
712 569 801 598 vna
821 561 951 610 parte
973 538 1220 611 principale
1243 555 1361 598 della
1383 554 1685 612 Compagnia‚
1710 562 1757 600 et
1775 570 1863 599 vna
1880 570 1987 611 per-

342 631 531 676 iettione
548 632 665 675 della
687 634 880 688 pouerta
901 631 1114 675 etiamdio
1136 631 1397 688 principale.
1424 632 1618 688 Questo,
1641 633 1802 686 Padre,
1825 634 1850 676 e
1871 634 1986 676 sim-

336 710 537 766 pliciter.
564 710 612 752 Io
636 723 728 753 non
751 711 810 752 ho
834 716 987 766 tempo
1009 708 1054 752 di
1076 723 1270 765 pensare
1291 708 1368 766 piu
1391 709 1435 752 in
1460 715 1639 765 questO,
1659 724 1740 766 per
1761 710 1804 754 la
1831 724 1989 767 pressa

345 787 430 828 che
459 786 519 828 mi
546 786 604 830 da
625 787 669 830 la
692 788 744 830 P.
778 787 856 839 V.,
882 788 927 830 et
950 787 1210 843 partendosi
1239 799 1405 830 ancora
1434 785 1482 829 in
1509 788 1626 830 freta
1652 787 1803 842 quello
1832 788 1916 830 che
1945 787 1990 830 di

345 877 436 918 qua
458 864 589 908 suole
611 870 793 919 portare
814 864 856 907 16
878 864 1039 908 lettere
1057 864 1143 907 alla
1161 870 1291 920 posta
1307 864 1366 908 de
1384 863 1629 908 Brusselle.
1652 864 1840 919 Quanto
1856 863 1992 908 etiam

347 955 373 983 a
396 947 574 995 questo,
599 942 776 984 bench&
801 941 838 985 si
860 941 1041 998 puotesi
1064 955 1091 984 o
1113 940 1362 986 conuenesi
1384 939 1509 994 farsi,
1534 955 1627 984 non
1650 939 1687 984 si
1710 941 1817 997 puo,
1843 947 1995 986 stante

348 1018 378 1060 il
415 1025 622 1074 precetto
659 1019 764 1062 dell'
804 1018 1053 1064 obedienza
1089 1019 1133 1062 d’
1159 1018 1189 1061 il
1227 1033 1360 1076 papa;
1386 1019 1443 1062 ne
1476 1017 1538 1062 mi
1574 1017 1842 1062 assicurarei
1864 1017 1924 1071 io,
1948 1018 1996 1062 in

346 1095 499 1150 quello
522 1097 608 1139 che
629 1094 794 1139 dicono
821 1095 885 1153 gli
918 1095 1152 1148 cardinali,
1178 1110 1269 1139 non
1308 1096 1510 1153 sapendo
1528 1096 1575 1140 ‚la
1612 1095 1796 1138 volonta
1827 1094 1874 1138 di
1902 1096 1997 1141 Sua

350 1171 545 1216 Santita.

441 1261 483 1292 2.
549 1250 736 1306 Quanto
758 1250 832 1293 all'
864 1250 1135 1303 vniuersale,
1170 1251 1334 1305 Padre,
1365 1252 1452 1294 che
1475 1250 1612 1294 modo
1633 1256 1678 1294 et
1701 1251 1847 1293 forma
1874 1251 1913 1294 s’
1936 1251 1997 1295 ha

349 1327 407 1370 da
430 1334 586 1372 tenere
608 1327 655 1370 in
691 1335 853 1383 questa
889 1328 1139 1372 obedienza
1166 1327 1210 1371 di
1234 1329 1330 1373 Sua
1362 1327 1557 1381 Santita,
1581 1342 1608 1371 a
1630 1341 1702 1370 me
1724 1329 1784 1370 m'
1809 1340 1999 1374 occorre

350 1411 528 1460 questo:
554 1403 868 1461 primamente,
894 1420 983 1448 non
1010 1406 1104 1450 fare
1126 1405 1363 1449 sacerdote
1385 1405 1550 1449 alcuno
1570 1404 1618 1448 in
1646 1411 1766 1448 tutta
1788 1404 1831 1447 la
1858 1405 2001 1449 Com—

351 1481 522 1538 pagnia
543 1495 623 1538 per
646 1482 796 1525 alcuni
819 1482 953 1538 pochi
975 1482 1107 1526 mesi.
1150 1483 1206 1526 Et
1235 1489 1303 1526 tra
1326 1489 1455 1526 tanto
1476 1483 1573 1527 fare
1610 1481 1804 1526 orationi
1825 1489 1871 1527 et
1892 1497 2001 1539 pro-

353 1564 519 1602 metter
535 1572 685 1602 messe
701 1557 747 1601 in
767 1565 885 1602 tutta
906 1560 950 1603 la
971 1559 1258 1616 Compagnia
1286 1575 1312 1603 a
1340 1565 1502 1614 questa
1530 1558 1783 1604 intentione
1811 1558 1859 1601 in
1885 1573 2000 1616 gran

350 1649 560 1680 numero.
587 1636 638 1678 In
652 1642 788 1684 >tanto
811 1635 847 1678 si
870 1637 1122 1692 puotrebbe
1146 1642 1323 1681 tentare
1345 1650 1435 1680 con
1453 1636 1549 1681 Sua
1571 1635 1750 1680 Santita
1768 1648 1818 1679 se
1834 1634 2000 1680 mutasi

350 1711 397 1755 di
414 1727 573 1770 parere
589 1726 678 1756 con
694 1713 963 1757 assicurarla
980 1715 1066 1758 che
1082 1714 1264 1767 nisuno,
1280 1715 1365 1758 che
1383 1713 1472 1757 fusi
1486 1712 1712 1757 scacciato
1725 1713 1845 1757 dalla
1859 1713 1999 1757 Com-

352 1789 523 1847 pagnia
544 1789 589 1833 di
613 1790 691 1846 qui
712 1790 883 1843 auanti,
909 1791 1275 1835 mendicarebbe.
1302 1791 1360 1834 Et
1382 1791 1567 1846 quando
1585 1789 1631 1832 in
1647 1789 1844 1834 alchuno
1867 1803 2000 1834 acca—

353 1867 466 1920 desi,
492 1869 578 1911 che
604 1867 635 1910 11
657 1868 843 1912 vescoui
866 1870 1088 1912 hauesero
1111 1868 1309 1912 autorita
1336 1867 1382 1911 di
1410 1868 1611 1912 sforzare
1638 1867 1681 1912 13
1713 1866 1999 1924 Compagnia

351 1961 378 1989 a
395 1933 661 2002 ripigliarlo,
681 1951 725 1988 et
749 1946 954 1997 nutrirlo,
982 1945 1231 1990 concioche
1252 1944 1463 1989 ritornasi
1490 1944 1578 1988 alla
1606 1943 1855 1988 medesima
1883 1943 2001 1988 obli-

353 2021 539 2079 gatione
555 2022 612 2066 de
629 2021 739 2065 voti.
762 2023 819 2065 Et
837 2023 1048 2067 accioche
1066 2030 1228 2079 questo
1245 2021 1408 2067 hauesi
1430 2021 1648 2074 efficacia,
1668 2023 1729 2063 m'
1754 2035 2003 2067 occorreua

354 2106 518 2155 questo
539 2099 690 2142 modo.
734 2099 902 2152 Prima,
945 2102 1029 2144 che
1062 2106 1378 2145 exactamente
1409 2099 1456 2143 di
1484 2097 1562 2155 qui
1590 2097 1747 2142 auanti
1769 2097 1808 2141 si
1830 2097 2004 2142 seruasi

353 2176 504 2232 quella
531 2175 875 2229 constitutione,
908 2177 951 2220 di
981 2192 1072 2221 non
1102 2177 1314 2222 ordinare
1341 2176 1405 2234 gli
1433 2175 1595 2230 nostri,
1621 2174 1778 2220 auanti
1800 2174 1846 2218 di
1874 2174 2007 2219 finire

354 2253 420 2311 gli
440 2254 539 2298 loro
559 2252 716 2308 studii,
736 2254 794 2297 ne
818 2254 1081 2311 dispensare
1103 2254 1151 2298 in
1167 2255 1334 2311 quello.
1357 2257 1457 2301 Ben
1473 2254 1531 2297 da
1550 2252 1743 2298 saccolta
1761 2253 1804 2296 13
1821 2252 2007 2297 dechia-

355 2330 533 2376 ratione
554 2330 600 2374 di
623 2330 752 2374 farlo.
779 2332 837 2374 Et
859 2346 937 2388 per
960 2348 1053 2376 non
1077 2331 1358 2389 dispensare,
1378 2330 1652 2376 bastarebbe
1669 2337 1831 2386 questa
1847 2343 2002 2383 causa,

356 2410 441 2451 che
464 2422 544 2464 per
573 2414 735 2464 questa
771 2407 846 2451 via
874 2409 911 2451 si
948 2423 1173 2453 conserua
1204 2408 1235 2452 il
1262 2408 1490 2463 instituto,
1524 2407 1556 2450 il
1587 2408 1722 2465 quale
1757 2406 2003 2451 altrimenti

354 2484 393 2528 si
414 2484 616 2529 debilita.
643 2486 701 2528 Et
722 2499 773 2529 se
795 2484 833 2527 si
855 2485 995 2530 dicesi
1017 2488 1102 2530 che
1119 2500 1199 2544 per
1216 2485 1443 2531 necessita
1460 2483 1735 2539 occurrenti,
1755 2497 1886 2527 come
1901 2482 2002 2527 dice

354 2562 398 2605 la
421 2561 775 2614 dechiaratione,
801 2563 863 2605 tal
885 2564 1006 2606 volta
1028 2565 1130 2607 sara
1151 2562 1196 2606 di
1218 2562 1431 2620 bisognio
1452 2562 1732 2620 dispensare,
1752 2560 1904 2618 quelle
1919 2574 2003 2617 po-

358 2640 444 2683 che
462 2639 584 2682 volte
612 2637 650 2682 si
678 2637 920 2695 puotriano
956 2640 1243 2684 dissimulare
1278 2654 1359 2696 per
1390 2639 1584 2696 qualche
1621 2645 1789 2695 tempo,
1813 2636 2006 2694 special-

359 2723 514 2759 mente
533 2716 703 2772 perche
730 2730 823 2759 non
846 2718 1042 2760 hauemo
1071 2716 1246 2773 oblighi
1275 2716 1321 2759 di
1349 2717 1628 2771 confessare,
1653 2715 1710 2759 ne
1741 2715 1798 2758 de
1825 2713 2008 2761 confes-

361 2792 454 2834 sori
471 2798 581 2846 etc.;
602 2799 648 2838 et
670 2798 792 2836 tutto
813 2791 884 2835 cio
902 2795 986 2837 che
1006 2794 1198 2847 facemo,
1219 2807 1327 2850 pare
1344 2792 1390 2836 in
1409 2798 1572 2849 questa
1588 2798 1719 2849 parte
1735 2789 2008 2842 volontario‚

289 2863 292 2866 ⁵
363 2870 596 2914 seruando
617 2869 648 2912 il
669 2876 828 2913 nostro
850 2869 1077 2914 instituto.
1105 2872 1162 2914 Et
1185 2885 1234 2914 se
1264 2883 1359 2913 non
1387 2869 1425 2914 si
1450 2869 1547 2913 fara
1571 2874 1703 2912 tanto
1726 2868 1869 2911 frutto
1890 2866 2011 2911 nelle

364 2945 532 2999 anime,
559 2961 653 2990 non
675 2947 721 2990 lo
741 2946 1009 2990 dimandara
1033 2948 1162 2991 Iddio
1183 2962 1210 2990 a
1231 2947 1309 2991 noi
1331 2946 1451 3000 altri3
1477 2945 1650 2990 sicome
1670 2944 1718 2988 in
1742 2950 1870 2988 certo
1892 2939 2010 2986 altro

365 3035 475 3064 caso
499 3023 664 3067 diceua
685 3038 778 3067 vna
798 3023 926 3066 volta
948 3026 1006 3067 N.
1040 3027 1092 3068 Ρ.
1126 3024 1322 3081 Ignatio.
1354 3022 1598 3068 Dicendoli
1625 3035 1716 3065 vno
1740 3027 1867 3066 certa
1897 3032 2006 3063 cosa

304 3085 308 3088 ¹
362 3097 411 3139 in
435 3100 523 3142 che
545 3106 825 3155 puoteuamo
847 3099 1026 3145 aiutare
1048 3101 1189 3144 molto
1212 3101 1254 3144 le
1284 3100 1451 3154 anime,
1478 3098 1719 3157 parendoli
1740 3111 1835 3140 non
1865 3093 2004 3141 esser’
