2228 3548
380 297 453 344 484
898 297 1036 341 Emsr.
1066 294 1110 331 P.
1138 295 1409 342 Nixon—485

421 401 590 443 Facere
605 404 625 426 ²
639 398 705 442 sic
722 398 911 442 idoneos
929 396 1232 452 coadiutores‚
1248 403 1299 440 vt
1314 396 1488 454 possint
1503 411 1560 442 ex
1577 397 1780 442 doctrina
1795 398 1967 444 habere

331 474 630 520 ministerium
651 474 697 518 in
721 473 939 527 Ecclesia,
960 480 1006 518 et
1027 473 1089 517 ita
1105 473 1234 529 quasi
1258 472 1392 517 faciet
1413 473 1522 531 ipsis
1536 474 1739 519 Societas
1761 474 1960 529 titulum,

331 552 450 596 vnde
467 551 640 608 possint
661 551 833 594 viuere.
1062 556 1064 558 '

419 627 513 684 Qui
529 627 848 681 dimitteretur,
868 633 1234 684 praesentaretur
1249 627 1477 684 episcopo,
1493 635 1538 673 et
1553 643 1645 672 non
1658 628 1961 674 dimitteretur

328 707 500 762 absque
522 705 620 750 eius
637 719 878 749 consensu:
900 704 993 761 qui,
1018 704 1056 749 si
1079 705 1177 750 eius
1198 703 1446 748 ministerio
1463 711 1583 750 esset
1604 713 1867 760 contentus,
1887 714 1957 752 te-

327 789 514 828 neretur
535 782 599 825 illi
621 782 877 839 prouidere.

415 860 538 904 Idem
561 866 630 904 est
651 860 707 903 de
729 859 961 916 professis,
986 858 1063 902 vbi
1085 859 1391 912 dimittuntur,
1411 874 1504 903 non
1525 866 1632 904 sunt
1651 861 1864 906 exercitio
1885 875 1962 906 re—

325 936 492 994 ligiosi,
518 951 603 982 nec
627 937 797 981 habent
819 937 1108 981 beneficium.
1134 936 1184 982 Si
1206 936 1351 980 dicas:
1377 937 1498 981 alere
1525 943 1705 981 tenetur
1731 937 1831 982 illos
1852 938 1958 983 reli-

324 1014 417 1071 gio:
443 1015 616 1058 alemus
639 1021 685 1059 et
707 1029 793 1057 nos
815 1016 915 1067 hos,
941 1014 979 1058 si
1001 1029 1091 1058 non
1124 1014 1301 1071 possint
1331 1013 1550 1070 consequi
1582 1014 1854 1059 beneficium
1884 1016 1956 1061 vel

324 1091 523 1145 titulum,
548 1099 635 1136 etc.

382 1170 452 1213 Ne
474 1168 741 1214 ordinentur
758 1168 903 1213 nostri
925 1169 1070 1214 donec
1092 1175 1199 1212 sunt
1221 1169 1267 1212 in
1289 1168 1474 1222 studiis,
1499 1183 1585 1213 nec
1613 1169 1778 1214 deinde
1808 1170 1953 1216 donec

321 1254 429 1289 sunt
453 1245 521 1301 3.⁰
543 1260 663 1290 anno
690 1245 890 1302 probati3
916 1246 1038 1302 quod
1066 1252 1135 1290 est
1157 1261 1213 1291 ex
1234 1245 1458 1289 instituto.
1484 1246 1688 1291 Tandem
1709 1247 1828 1290 bona
1847 1261 1953 1303 pars

320 1323 486 1378 poterit
513 1323 650 1366 trium
678 1331 887 1366 votorum
917 1324 1065 1368 facere
1092 1322 1441 1379 professionem:
1466 1322 1544 1378 qui
1565 1337 1656 1366 non
1677 1322 1955 1369 videbuntur

319 1399 413 1455 apti
434 1399 490 1442 ad
512 1399 857 1456 professionem,
877 1407 941 1452 vt,
968 1401 1180 1444 consulto
1211 1399 1440 1456 episcopo,
1467 1398 1732 1444 ordinentur
1752 1401 1810 1444 ad
1842 1401 1952 1445 titu-

318 1477 412 1519 lum
434 1476 715 1521 voluntariae
737 1476 1014 1533 paupertatis
1035 1483 1081 1521 et
1103 1476 1369 1522 sufficientis
1386 1476 1662 1529 literaturae,
1683 1478 1806 1533 quod
1821 1477 1953 1534 equi-

321 1554 461 1608 pollet
483 1553 773 1610 patrimonio.
1083 1599 1086 1602 ,

407 1630 456 1675 Si
473 1631 530 1674 ad
547 1629 782 1674 titulum...
804 1632 956 1675 nullus
973 1631 1113 1688 igitur
1130 1630 1366 1675 coadiutor
1383 1631 1589 1688 simplex:
1605 1646 1695 1675 non
1713 1632 1953 1689 promissio

320 1706 578 1750 dimittendi
597 1708 717 1751 bona
746 1707 781 1750 b.

404 1776 647 1841 Inscriptio
669 1786 719 1827 in
743 1790 907 1840 quarta
923 1787 1135 1843 pagina:
1157 1785 1186 1844 †
1209 1785 1269 1829 Al
1298 1799 1406 1842 muy
1427 1785 1525 1830 R.‘¹⁰
1542 1801 1600 1831 en
1622 1787 1746 1843 Xp0.
1777 1788 1942 1843 Padre,

314 1862 358 1907 el
380 1863 432 1905 P.
459 1863 507 1906 M
514 1867 566 1904 ,10
587 1861 852 1905 Hieronimo
874 1863 1034 1915 Nadal,
1059 1861 1279 1907 visitador
1299 1876 1358 1906 en
1378 1863 1444 1907 las
1476 1863 1732 1920 prouincias
1753 1865 1810 1908 de
1831 1865 1944 1910 Ale-

315 1944 448 1982 mafia
469 1953 499 1994 y
519 1937 710 1981 Francia
732 1938 788 1982 de
810 1939 851 1982 la
873 1940 1120 1995 Compafiia
1152 1940 1208 1984 de
1237 1941 1388 1997 Jesus.
1414 1941 1483 1983 En
1515 1940 1722 1984 Louanio
1743 1945 1771 1984 ὁ
1793 1941 1947 1987 donde

313 2014 555 2060 estuuiere.
581 2015 729 2057 Manu
758 2017 920 2058 Patris
949 2016 1125 2059 Nadal:
1147 2015 1176 2074 †
1200 2027 1225 2071 7
1248 2017 1305 2060 de
1332 2016 1462 2060 Iunio
1490 2017 1563 2071 67.
1599 2018 1850 2074 Vestigium
1879 2019 1946 2062 si-

308 2092 433 2149 gilli.
460 2092 568 2135 Alia
590 2092 725 2135 verba
748 2093 923 2136 addidit
945 2094 1039 2149 ipse
1060 2094 1119 2136 P.
1147 2093 1317 2145 Nadal;
1338 2094 1415 2137 sed
1437 2095 1621 2150 zspsemet
1641 2095 1814 2138 delevit.

571 2161 585 2181 0

386 2282 408 2303 a
447 2275 534 2311 Hoc
551 2276 661 2311 verb.
677 2280 718 2311 et
733 2287 841 2323 seqq.
859 2288 981 2324 usque
1000 2277 1047 2313 ad
1064 2277 1182 2313 finem
1201 2283 1292 2314 sunt
1309 2278 1349 2314 in
1379 2277 1442 2314 3.·
1458 2280 1627 2326 pag.-b
1649 2278 1728 2327 Sic,
1752 2291 1870 2316 sensu
1888 2280 1946 2317 in-

316 2335 496 2381 expleto.
522 2334 622 2370 Vide
637 2334 740 2370 dicta
759 2335 797 2370 in
816 2342 949 2372 annot.
977 2345 991 2372 1
1004 2364 1013 2373 .
