2228 3548
941 297 985 335 14
1009 291 1118 337 Jum
1146 290 1237 336 1567
1781 295 1851 334 501

274 391 432 445 frutto,
457 398 502 437 et
523 391 550 436 ἑ
570 398 688 435 stato
708 392 858 449 quello
880 393 967 437 che
986 393 1045 436 ha
1066 405 1153 436 con
1174 392 1217 436 la
1238 391 1385 449 gratia
1404 391 1479 435 del
1500 389 1696 448 Signore
1717 402 1905 433 conser-

275 475 383 513 uata
418 469 567 526 quella
594 476 713 515 terra
739 470 858 514 nella
885 470 987 515 fede
1018 469 1239 513 catholica
1265 476 1423 513 contra
1452 468 1484 512 il
1513 467 1778 512 caluinismo
1810 473 1831 494 ¹²
1856 465 1906 510 in

276 545 415 604 quelli
436 546 633 591 tumulti.
657 546 846 592 Diceme
866 562 956 591 vna
981 561 1088 591 cosa
1109 554 1271 603 questo
1293 546 1456 591 Padre:
1480 547 1568 589 che
1588 543 1817 589 lasciando
1837 543 1904 588 lui

278 624 322 668 la
342 638 467 678 cura,
491 630 537 668 et
558 623 821 668 ritornando
842 624 915 668 all’
946 623 1196 668 obedienza
1216 623 1441 668 ordinaria
1461 622 1579 667 della
1600 620 1900 678 Compagnia,

277 700 624 747 desiderarebbe
660 703 826 746 andare
860 716 923 745 vn
958 715 1076 758 poco
1112 715 1139 744 a
1174 702 1333 754 Roma,
1364 715 1443 757 per
1470 698 1631 751 rifarsi,
1665 713 1692 742 0
1719 712 1827 742 vero
1854 697 1901 741 in

277 779 351 822 vn'
373 779 486 822 altra
507 778 754 835 prouincia,
778 778 990 823 accioche
1010 778 1134 835 dipoi
1162 792 1249 821 con
1270 777 1509 835 maggiore
1529 775 1689 819 liberta
1712 781 1757 818 et
1780 774 1903 818 forze

273 856 452 913 puotesi
474 857 693 902 ritornare
720 871 747 900 a
773 857 868 901 fare
896 856 1036 900 frutto
1062 855 1109 898 in
1137 861 1314 912 questa,
1343 855 1462 899 nella
1488 854 1622 910 quale
1648 852 1901 910 puotrebbe

272 936 411 978 esser’
435 949 496 977 vn
516 935 639 977 buon
661 933 944 990 predicatore
965 932 1190 977 ordinario
1212 931 1259 975 in
1280 932 1557 988 fiamengho,
1583 938 1629 975 et
1650 931 1745 974 fare
1761 929 1901 972 molto

275 1011 431 1065 frutto,
456 1012 631 1055 benche
652 1010 714 1054 mi
733 1010 834 1054 dice
860 1024 952 1054 non
973 1011 1110 1054 esser'
1134 1009 1276 1052 molto
1299 1007 1514 1051 inclinato
1535 1022 1562 1051 a
1589 1006 1756 1051 sentire
1787 1019 1899 1050 con-

276 1087 476 1141 fessioni,
500 1094 546 1132 et
568 1089 593 1132 8
614 1088 827 1144 alquanto
847 1087 1131 1144 scrupuloso;
1155 1100 1229 1129 ma
1250 1085 1311 1128 mi
1332 1098 1440 1142 pare
1461 1086 1546 1129 che
1568 1086 1626 1128 ha
1647 1084 1771 1127 buon
1793 1082 1900 1140 giu-

276 1164 394 1209 dicio
414 1166 598 1222 alioqui,
620 1172 666 1209 et
686 1167 771 1210 che
791 1179 871 1222 per
893 1170 1044 1222 tempo
1064 1163 1316 1221 puotrebbe
1336 1161 1472 1206 etiam
1499 1176 1623 1207 esser
1649 1159 1896 1218 superiore.

366 1254 409 1297 4.
474 1243 603 1288 Della
624 1241 888 1288 fundatione
908 1241 981 1286 del
1008 1240 1201 1298 collegio
1226 1241 1285 1285 de
1312 1238 1459 1297 Liegi,
1495 1238 1746 1283 trattasimo
1781 1237 1900 1282 bene

276 1320 348 1364 col
368 1334 570 1364 vescouo
597 1321 625 1373 ¹,
649 1319 857 1365 venendo
877 1319 935 1363 da
957 1317 1133 1363 Treuiri
1155 1319 1270 1362 Mro.
1303 1317 1494 1361 Costero
1509 1322 1555 1359 et
1582 1315 1642 1369 io;
1674 1322 1718 1359 et
1749 1327 1898 1359 venne

275 1396 306 1440 il
327 1411 524 1441 vescouo
544 1398 602 1441 ad
623 1396 815 1441 offerirci
843 1409 953 1441 1200
974 1395 1133 1449 talleri‚
1164 1402 1210 1440 et
1237 1396 1324 1439 che
1359 1391 1610 1450 compraria
1640 1399 1764 1436 certe
1794 1405 1899 1435 case

274 1488 354 1532 per
375 1481 529 1518 nostra
550 1473 846 1527 habitatione,
871 1473 1056 1517 sarebbe
1075 1473 1120 1517 18
1140 1471 1344 1525 schuole,
1364 1477 1410 1516 et
1425 1470 1624 1514 darebbe
1639 1483 1728 1512 vna
1744 1467 1898 1512 chiesa

273 1553 359 1596 che
380 1558 450 1595 sta
471 1565 661 1608 appreso
683 1551 726 1594 la
747 1565 867 1604 casa,
892 1556 938 1594 et
959 1563 1049 1594 non
1071 1548 1343 1593 dimandaua
1362 1562 1413 1593 se
1434 1561 1525 1591 non
1547 1545 1789 1602 rhetorica,
1809 1546 1898 1588 hu-

273 1629 440 1673 manita
452 1628 490 1682 b,
505 1627 814 1686 grammatica,
828 1635 874 1671 et
891 1641 1046 1684 greco,
1059 1626 1256 1671 secondo
1272 1625 1458 1670 solemo:
1472 1624 1717 1668 intendeua
1730 1626 1895 1675 tamen,

273 1709 358 1751 che
379 1707 576 1751 secondo
596 1706 640 1749 la
656 1703 984 1749 consuetudine
1004 1710 1174 1758 nostra,
1193 1717 1330 1747 senza
1344 1700 1637 1759 obligatione,
1655 1701 1898 1743 haueuano

274 1798 300 1828 a
316 1785 473 1836 esser’,
493 1782 788 1840 predicatore,
807 1788 854 1826 et
873 1781 1065 1837 qualche
1086 1794 1178 1824 uno
1199 1781 1284 1824 che
1303 1779 1480 1837 leggesi
1501 1777 1576 1822 alli
1597 1776 1724 1835 preti.
1742 1775 1894 1833 Dipoi,

275 1861 456 1917 quando
477 1860 521 1904 io
542 1859 726 1904 ritornai
742 1873 821 1916 per
843 1857 888 1901 di
908 1858 969 1912 la,
990 1857 1196 1901 venendo
1217 1871 1243 1900 a
1260 1862 1421 1913 questo
1443 1855 1582 1908 sonte,
1608 1853 1754 1898 trouai
1777 1860 1897 1897 tutto

274 1937 305 1981 il
325 1937 512 1994 negotio
535 1937 812 1994 perturbato,
837 1935 1031 1980 volendo
1052 1933 1082 1976 il
1109 1947 1308 1978 vescouo
1329 1933 1413 1976 che
1433 1931 1618 1976 stasimo
1639 1945 1726 1975 con
1747 1930 1778 1974 li
1805 1932 1897 1974 fra-

273 2014 346 2069 tri,
372 2016 456 2058 che
477 2014 515 2058 si
541 2013 721 2068 dicono‚
752 2014 836 2057 che
863 2026 975 2056 sono
1002 2010 1153 2056 lettori
1179 2023 1344 2054 ancora
1373 2010 1470 2053 loro
1500 2008 1546 2051 di
1581 2006 1892 2065 grammatica,

272 2093 483 2137 restando
498 2092 594 2135 loro
611 2091 685 2135 nel
701 2104 785 2134 suo
802 2104 916 2147 gran
932 2089 1031 2132 loco
1047 2089 1132 2131 che
1147 2089 1319 2142 hanno,
1337 2093 1383 2131 et
1398 2086 1475 2129 noi
1490 2085 1535 2129 di
1554 2086 1683 2128 fuora
1699 2084 1746 2127 in
1761 2084 1895 2128 luoco

270 2170 408 2212 molto
430 2168 575 2225 picolo
604 2174 649 2210 et
679 2166 858 2219 misero,
888 2172 934 2209 et
962 2166 1047 2209 che
1076 2163 1295 2222 legesimo
1325 2163 1401 2207 noi
1431 2164 1475 2208 le
1504 2162 1657 2206 schole
1688 2159 1893 2217 superio-

270 2245 308 2289 ri
345 2252 452 2298 etc.,
478 2252 523 2289 et
543 2244 638 2288 loro
659 2244 701 2288 18
722 2241 936 2287 inferiori.
963 2243 1019 2284 Et
1039 2255 1171 2298 sopra
1192 2240 1238 2284 di
1264 2239 1334 2284 cio
1355 2239 1416 2284 mi
1437 2252 1679 2297 proposero
1710 2236 1742 2279 li
1768 2235 1893 2294 capi-

271 2321 367 2376 toli,
391 2335 418 2364 o
439 2319 701 2373 conditioni,
726 2320 769 2363 la
789 2318 863 2362 cui
884 2317 1016 2375 copia
1043 2317 1142 2362 sara
1172 2331 1258 2361 con
1294 2324 1467 2374 questa.
1499 2317 1544 2360 A
1570 2330 1643 2360 me
1670 2313 1894 2371 parendo-

274 2398 350 2453 mi,
375 2397 526 2442 subito
547 2398 622 2441 ch'
650 2396 796 2441 intese
822 2396 866 2439 la
893 2409 1013 2447 cosa,
1046 2408 1167 2440 esser
1197 2394 1335 2438 molto
1370 2390 1714 2438 estraordinaria
1747 2395 1792 2434 et
1823 2388 1894 2432 di-

274 2482 402 2523 costo
431 2482 449 2503 ⁰
478 2475 551 2518 dal
582 2481 736 2518 nostro
766 2474 917 2527 modo,
951 2472 1037 2516 disi
1067 2471 1212 2529 prima
1238 2471 1280 2516 al
1305 2485 1503 2515 vescouo
1533 2471 1618 2513 che
1638 2468 1682 2511 io
1703 2482 1797 2510 non
1819 2481 1893 2511 sa-

274 2567 392 2610 peua
418 2551 640 2608 essempio
668 2551 786 2595 nella
812 2548 1096 2606 Compagnia
1122 2550 1206 2592 che
1231 2549 1275 2593 le
1304 2554 1457 2592 nostre
1487 2546 1675 2590 schuole
1706 2543 1744 2587 si
1780 2557 1894 2587 con-

273 2629 547 2686 giongesero
569 2643 654 2672 con
675 2628 803 2672 altre.
824 2627 858 2670 Π
879 2625 1124 2671 medesimo
1145 2625 1242 2670 dise
1269 2640 1415 2682 avna
1449 2620 1805 2679 congregatione
1837 2620 1894 2664 de

270 2705 435 2761 cinque
457 2720 484 2749 o
505 2704 570 2750 sei
590 2704 841 2761 principali,
867 2703 972 2759 qual
993 2703 1091 2747 fece
1119 2702 1213 2745 fare
1231 2701 1264 2744 il
1289 2715 1486 2746 vescouo
1514 2698 1638 2743 accio
1669 2697 1713 2741 io
1741 2696 1894 2741 dicese

270 2782 421 2838 quello
442 2783 528 2827 che
548 2781 611 2824 mi
631 2796 798 2840 pareua
818 2779 924 2825 delli
945 2777 1126 2836 capitoli
1148 2793 1175 2822 0
1196 2777 1441 2822 conditioni
1463 2773 1754 2834 propostemi;
1779 2780 1826 2816 et
1846 2772 1892 2816 io

337 2901 358 2922 8
395 2893 652 2930 Emendatum
668 2905 691 2930 a
703 2893 790 2930 libr.
807 2904 856 2928 ex
870 2893 1107 2928 conseruata
1122 2890 1256 2937 quella
1269 2892 1380 2926 terra
1397 2889 1462 2925 del
1478 2885 1804 2925 caluinismo.—b
1816 2884 1890 2921 Ar·

267 2953 385 2997 chet„
405 2953 643 2989 humitd.—c
661 2952 738 2997 Sic,
760 2963 829 3000 pro
846 2951 1026 2988 discosto.

343 3042 353 3062 ¹
402 3041 617 3088 Episcopus
640 3041 851 3078 leodiensis
874 3044 957 3076 erat.
983 3037 1180 3076 Gerardus
1204 3049 1280 3074 van
1302 3036 1530 3075 Groesbeck
1555 3033 1659 3084 (1562
1685 3053 1698 3061 -
1723 3033 1744 3068 t
1772 3031 1893 3079 1580).

273 3099 409 3144 GAMS,
430 3101 503 3136 loc.
523 3100 589 3136 cit.
