2228 3548
82 0 120 17 αι»
135 0 405 35 ’γ-Ψῑιίτνρ-ιυνζινγῑψγμ
417 0 585 23 ··.-“;’··Α,5ς·ν.
651 15 653 18 ⁴
685 7 697 13 ».
716 0 746 13 »,-
794 4 796 6 v
815 2 819 13 ι

909 323 957 351 20
983 314 1156 353 Apulus
1185 316 1275 362 1567
1791 316 1862 364 443

262 431 374 461 non.
393 417 451 460 Et
465 430 573 473 pare
589 417 662 460 ch’
681 415 729 460 in
747 416 859 474 ogni
874 417 1009 461 modo
1024 432 1122 461 non
1138 418 1276 463 debbi
1292 418 1496 463 lasciarsi
1513 419 1570 463 ad
1588 418 1775 464 arbitrio
1791 420 1904 475 loro;

265 494 436 552 perche
457 494 501 537 13
522 493 806 551 Compagnia
826 494 853 538 e
875 482 1078 552 obligata
1094 495 1152 539 ad
1172 509 1411 541 osseruare
1438 496 1469 540 il
1501 511 1584 541 suo
1612 497 1836 551 instituto,
1860 505 1907 542 et

266 572 379 625 fare,
404 571 519 615 bona
530 571 642 628 fide,
664 571 814 628 quello
836 573 921 616 che
942 571 980 616 si
1004 571 1204 618 richiede
1225 574 1283 618 da
1310 574 1389 618 tali
1411 574 1615 632 collegii,
1640 588 1691 618 se
1712 589 1803 618 non
1825 590 1907 632 per

267 663 389 693 noua
423 647 726 705 obligatione,
756 649 966 693 almanco
1006 664 1086 706 per
1112 650 1143 693 l’
1166 651 1377 708 antiqua,
1409 665 1541 697 come
1568 652 1670 697 dice
1697 652 1728 695 il
1757 653 1906 698 Padre

268 728 383 771 Mro.
404 727 585 783 Laynez
602 726 676 770 nel
694 740 777 770 suo
794 726 953 772 ordine
968 727 1026 771 de
1043 727 1208 772 fundar
1224 728 1415 786 collegii.
1431 730 1677 782 Adunche,
1690 744 1782 773 non
1799 743 1906 787 pare

264 803 618 848 inconueniente
641 802 722 847 far’
743 803 789 846 di
811 818 934 847 nouo
955 804 1106 860 quella
1128 804 1422 862 obligatione,
1446 806 1489 851 la
1517 807 1650 863 quale
1682 807 1742 850 ha
1764 806 1840 864 gia
1861 807 1905 851 13

265 880 562 938 Compagnia.
584 882 640 924 Et
658 879 753 925 cosi
776 881 1044 937 simpliciter
1064 896 1156 926 non
1173 897 1283 939 pare
1300 897 1572 940 repugnare,
1593 883 1623 926 il
1641 884 1722 927 far’
1742 891 1902 940 questa

262 958 539 1015 obligatione
575 974 601 1002 a
637 972 687 1001 se
724 964 885 1012 stessa,
924 958 1061 1003 etiam
1090 959 1148 1003 de
1175 959 1464 1017 predicatori,
1501 969 1608 1014 etc.;
1643 962 1808 1018 perche
1844 962 1902 1007 ne

260 1050 424 1079 manco
441 1049 647 1092 repugna
664 1035 706 1078 al
723 1035 948 1089 instituto,
967 1050 1097 1080 come
1114 1037 1176 1080 ho
1197 1037 1339 1090 dett0,
1365 1044 1412 1083 et
1432 1052 1522 1081 non
1546 1038 1583 1081 si
1607 1040 1697 1095 puo
1715 1038 1903 1083 lasciare

263 1112 422 1166 libero;
448 1113 613 1169 perche
635 1111 662 1155 1'
684 1111 894 1156 instituto
919 1112 960 1166 ὲ,
985 1114 1070 1157 che
1091 1113 1241 1158 diamo
1262 1113 1370 1158 nelli
1398 1114 1578 1172 collegij
1611 1115 1899 1171 predicatori.

263 1190 338 1233 Ad
360 1190 480 1242 Izaec,
497 1203 547 1233 se
568 1189 612 1233 13
629 1188 913 1247 Compagnia
927 1189 1116 1235 acettasi
1133 1198 1294 1247 queste
1309 1191 1548 1245 dotationi,
1569 1193 1663 1236 cosi
1680 1193 1900 1249 simplici-

266 1271 334 1310 ter
357 1268 484 1321 fatte,
509 1282 536 1310 a
556 1266 841 1323 beneplacito
862 1281 962 1320 suo,
986 1268 1180 1312 essendo
1206 1268 1312 1312 date
1333 1269 1612 1326 simpliciter,
1638 1269 1674 1313 si
1698 1269 1902 1326 seguita-

264 1345 419 1397 rebbe,
445 1358 524 1401 per
546 1344 589 1388 la
614 1342 951 1389 dechiaratione
967 1344 1040 1388 del
1059 1346 1128 1388 2.⁰
1145 1344 1272 1402 cap.⁰
1288 1345 1407 1390 della
1422 1358 1451 1401 4
1467 1354 1611 1403 parte,
1632 1348 1719 1391 che
1737 1347 1766 1390 li
1784 1347 1902 1391 saria

264 1421 424 1474 libero,
450 1421 632 1477 quando
654 1435 745 1465 non
767 1420 798 1464 li
819 1435 977 1478 parese
998 1421 1247 1467 conuenire
1275 1423 1318 1467 la
1348 1423 1634 1476 fundatione,
1659 1424 1901 1481 applicarla

263 1499 320 1542 ad
342 1498 456 1542 altra
476 1512 628 1554 opera;
648 1497 679 1540 il
696 1499 784 1542 che
801 1499 991 1542 sarebbe
1011 1498 1219 1543 fraudare
1236 1499 1267 1542 li
1285 1500 1512 1544 fundatori
1530 1501 1603 1546 del
1619 1516 1703 1545 suo
1725 1501 1901 1546 intento

262 1583 307 1621 et
334 1575 572 1620 desiderio.
597 1575 646 1620 Si
675 1575 766 1632 puo
793 1574 1063 1633 aggionger'
1083 1577 1172 1621 che
1201 1575 1249 1619 in
1277 1584 1439 1633 questo
1466 1579 1616 1631 modo,
1642 1579 1899 1623 anchorche

262 1654 377 1697 altro
397 1667 488 1696 non
514 1653 618 1705 fusi,
643 1652 687 1696 la
708 1653 994 1710 Compagnia
1016 1654 1076 1698 ha
1103 1653 1149 1697 di
1177 1654 1272 1698 dar'
1297 1654 1454 1700 ordine
1483 1654 1730 1712 (rieeuutta
1751 1655 1898 1700 simile

196 1724 199 1727 “
260 1730 524 1787 dotatione),
545 1737 591 1775 et
606 1729 879 1783 obedientia,
898 1731 986 1775 che
1002 1730 1041 1774 si
1059 1729 1203 1775 faccia
1218 1731 1370 1787 quello
1385 1733 1473 1776 che
1490 1732 1527 1776 si
1544 1732 1752 1778 desidera
1768 1748 1849 1790 per
1865 1732 1896 1775 il

263 1808 520 1861 fundatore,
545 1806 705 1864 poiche
727 1806 1021 1852 liberamente
1043 1808 1104 1851 ha
1133 1808 1244 1852 satta
1269 1808 1313 1853 13
1340 1809 1598 1854 donatione.
1626 1809 1689 1854 Mi
1711 1824 1897 1854 occorre

264 1884 542 1939 dimandare,
566 1899 617 1929 se
639 1886 785 1941 quest'
810 1883 967 1930 ordine
989 1891 1035 1929 et
1056 1884 1303 1930 obedienza
1323 1886 1384 1932 ha
1404 1887 1462 1931 da
1484 1888 1621 1931 esser'
1645 1888 1838 1933 durante
1856 1888 1903 1932 >la

263 1961 510 2015 dotatione,
542 1976 570 2005 o
596 1976 703 2005 non.
741 1962 802 2006 Se
838 1962 864 2006 e
896 1961 926 2004 il
959 1961 1119 2018 primo,
1143 1961 1307 2019 poiche
1342 1962 1372 2006 l'
1393 1963 1552 2009 ordine
1590 1964 1650 2008 ha
1686 1965 1744 2008 da
1765 1963 1906 2009 esser’

262 2039 419 2090 fermo,
445 2053 536 2082 non
559 2037 804 2096 impedisee
825 2037 980 2083 niente
1002 2039 1091 2082 che
1111 2039 1155 2082 la
1171 2039 1454 2098 Compagnia
1472 2040 1587 2084 faeci
1603 2043 1679 2084 vn’
1700 2048 1795 2085 atto
1812 2056 1901 2098 pu-

257 2115 394 2170 blico;
419 2115 580 2173 poiche
603 2117 661 2159 ha
677 2116 735 2159 da
749 2115 953 2172 obligare
970 2131 1051 2172 per
1068 2115 1316 2161 obedienza
1331 2123 1378 2162 et
1393 2133 1473 2175 per
1490 2118 1665 2163 ordine:
1685 2125 1732 2161 et
1748 2118 1779 2160 l’
1801 2126 1898 2162 atto

258 2207 349 2237 non
381 2192 617 2250 aggionge
644 2206 694 2236 se
725 2207 817 2236 non
846 2192 1099 2237 ceremonia
1126 2193 1339 2239 esteriore
1352 2201 1390 2249 ⁸,
1422 2195 1548 2239 aecio
1577 2196 1619 2239 la
1659 2195 1901 2239 traditione

260 2271 346 2314 che
368 2269 406 2312 si
433 2270 476 2314 fa
504 2270 649 2321 verbo,
676 2283 768 2313 non
797 2269 835 2314 si
863 2269 987 2326 possi
1015 2284 1184 2327 negare
1210 2271 1316 2315 dalli
1347 2272 1491 2317 nostri
1526 2271 1798 2316 successori.
1840 2273 1903 2317 Se

261 2360 352 2389 non
381 2345 418 2389 s’
439 2347 500 2389 ha
527 2347 585 2390 da
614 2346 708 2391 fare
738 2347 797 2390 ne
824 2347 982 2390 ordine
1011 2347 1068 2391 ne
1097 2347 1373 2403 obedienza,
1403 2349 1569 2407 prima,
1600 2364 1708 2407 pare
1738 2350 1823 2392 che
1854 2350 1898 2393 la

261 2423 547 2480 Compagnia
582 2437 674 2467 non
701 2424 830 2468 suole
858 2423 952 2468 cosi
983 2425 1090 2470 fare.
1129 2424 1215 2479 2.⁰,
1238 2440 1330 2470 non
1359 2427 1619 2472 douerebbe
1646 2427 1830 2471 acettar'
1854 2427 1898 2470 la

262 2500 510 2546 dotatione.
537 2502 621 2556 3.⁰‚
645 2507 767 2545 resta
789 2501 900 2558 ogni
920 2515 1027 2545 cosa
1048 2501 1237 2547 incerta.
1261 2504 1349 2558 4⁰,
1374 2503 1582 2548 fraudata
1610 2505 1653 2547 la
1680 2517 1900 2560 speranza

262 2578 321 2622 de
342 2578 585 2621 fundatori.
611 2577 675 2622 Mi
701 2591 886 2623 occorre
906 2577 1060 2631 etiam,
1088 2579 1249 2633 Padre,
1273 2587 1436 2638 questo
1456 2596 1562 2625 caso
1584 2596 1592 2624 :
1618 2594 1668 2623 se
1693 2594 1781 2623 vno
1802 2580 1899 2624 dasi

262 2655 349 2698 alla
360 2654 642 2712 Compagnia
658 2669 748 2698 vna
761 2668 937 2699 summa
950 2656 1140 2712 grande,
1155 2662 1201 2701 et
1214 2657 1463 2703 solamente
1478 2657 1644 2701 dicese:
1664 2657 1899 2701 «Fundate

257 2747 319 2775 vn
341 2732 535 2789 collegio
551 2740 773 2790 perpetuo
794 2747 820 2775 a
842 2733 976 2776 modo
994 2740 1163 2787 vostro,
1182 2748 1319 2779 senza
1334 2734 1603 2779 nominarmi
1624 2749 1707 2791 per
1729 2734 1896 2779 funda-

210 2817 216 2823 ·
258 2815 357 2852 tore
374 2809 431 2852 ne
448 2809 578 2852 altro.
590 2827 608 2850 ι)
624 2808 916 2854 Dimandarei
932 2809 1019 2854 alla
1030 2810 1329 2868 Compagnia,
1343 2813 1430 2856 che
1447 2813 1632 2856 farebbe
1650 2811 1695 2854 in
1713 2818 1894 2867 questo.

256 2885 314 2928 Et
335 2884 397 2928 mi
418 2884 456 2928 si
479 2893 739 2942 rapresenta
760 2886 849 2930 che
870 2885 1187 2931 accettarebbe
1208 2887 1325 2934 bene
1345 2889 1388 2933 la
1409 2888 1676 2940 donatione,
1703 2893 1749 2932 et
1773 2887 1899 2945 dipoi

257 2963 445 3006 farebbe
481 2963 525 3006 la
561 2962 830 3007 fundatione
866 2970 1084 3020 perpetua
1120 2963 1164 3007 d’
1187 2979 1250 3009 un
1277 2965 1490 3023 collegio,
1521 2980 1608 3009 con
1637 2964 1892 3022 predicato-

0 2630 18 2756 l

0 3105 14 3198 {l
335 3136 356 3158 ἃ
394 3128 579 3178 Sequitur
591 3132 734 3178 perche}
751 3132 792 3168 la
811 3131 1077 3169 obliteratum.
