2228 3548
877 319 925 348 20
950 312 1123 350 Apmms
1151 311 1242 358 1567
1758 291 1831 359 433

237 428 368 458 corne
387 411 447 456 lei
469 418 614 458 stessa
634 412 673 456 si
694 412 938 457 ricordara.
959 412 1177 471 Supplico
1198 414 1242 458 13
1264 415 1318 458 P.
1339 415 1418 468 V.,
1437 429 1519 472 per
1539 414 1690 471 quello
1706 414 1794 458 che
1816 415 1878 458 ha

238 491 298 534 da
313 489 485 544 venire,
505 491 593 535 che
609 490 670 533 mi
686 489 836 534 scriua
856 490 1213 546 risolutamente,
1239 498 1285 536 et
1300 491 1362 534 mi
1379 491 1453 535 dia
1474 492 1517 536 13
1533 491 1726 535 formula
1740 492 1878 534 etiam

242 568 293 611 in
315 567 570 621 indiuiduo,
588 574 759 624 quanto
776 566 814 611 si
830 567 1010 625 puotra,
1029 568 1146 612 delle
1161 568 1434 613 fundationi:
1459 575 1505 613 et
1526 568 1570 612 io
1594 582 1683 612 non
1705 569 1879 613 hauero

242 646 302 689 da
322 643 404 688 far'
425 645 540 688 altro
561 659 610 689 se
632 659 725 688 non
746 651 1060 701 rapresentare
1087 646 1239 701 quello
1260 647 1348 690 che
1369 646 1430 689 mi
1451 645 1652 691 scriuera
1671 645 1716 689 la
1738 647 1790 689 Ρ.
1816 646 1877 690 V.

182 724 184 728 ’
241 721 317 766 alli
340 721 584 774 fundatori,
609 728 656 765 et
678 723 746 765 far
766 721 863 766 dire
890 736 1040 767 messe
1059 729 1106 766 et
1127 721 1209 766 far’
1231 722 1421 767 orationi
1443 737 1522 780 per
1543 722 1575 766 il
1595 723 1721 768 buon
1740 723 1881 767 'effet-

243 805 306 851 to,
331 805 441 852 etc.‚
465 805 511 843 et
533 798 614 842 far'
637 798 746 855 ogni
767 798 1020 855 diligentia,
1048 806 1095 842 et
1125 798 1301 844 metter’
1334 799 1443 856 ogni
1474 799 1772 844 solecitudine
1802 799 1881 856 piu

241 877 329 920 che
350 875 439 919 mai
460 890 547 920 con
567 876 611 919 la
631 875 779 932 gratia
799 876 872 920 del
889 875 1101 933 Signore,
1121 875 1246 921 30οἰὸ
1263 875 1299 920 s’
1316 876 1599 933 essequischi
1620 876 1774 933 quello
1791 877 1881 921 che

242 953 285 998 13
307 954 361 997 Ρ.
387 955 446 998 V.
471 953 696 997 ordinata.
722 953 851 998 Veda
871 953 916 997 13
938 954 991 997 P.
1017 954 1074 998 V.
1107 968 1189 1010 per
1217 952 1356 997 amor’
1384 954 1457 998 del
1494 953 1693 1010 Signore
1730 953 1882 1011 quello

243 1031 331 1076 che
353 1029 602 1074 determina
622 1045 702 1087 per
722 1029 751 1073 l’
774 1029 975 1083 auenire3
1000 1030 1165 1087 perche
1197 1030 1313 1074 oltra
1333 1031 1376 1075 10
1397 1045 1503 1075 cose
1525 1032 1664 1084 dette‚
1690 1030 1751 1074 mi
1772 1045 1881 1087 pare

241 1107 489 1152 conuenire
509 1108 551 1151 31
573 1108 708 1151 modo
729 1106 775 1151 di
795 1107 1043 1164 procedere
1058 1107 1176 1151 della
1192 1107 1477 1165 Compagnia
1493 1109 1597 1160 che,
1618 1109 1799 1151 etiamsi
1814 1107 1881 1165 gli

243 1175 490 1239 fundatori,
514 1199 594 1242 per
614 1185 657 1229 13
677 1191 873 1229 estrema
893 1183 1116 1230 necessita
1138 1192 1185 1228 et
1202 1185 1300 1229 zelo
1315 1186 1404 1229 che
1421 1186 1575 1229 hanno
1592 1184 1694 1229 dell'
1712 1185 1879 1240 anime,

245 1277 464 1308 venesero
485 1277 512 1306 a
532 1261 790 1306 consentire
810 1261 857 1305 in
879 1275 984 1306 cose
1016 1276 1043 1306 a
1063 1261 1159 1306 loro
1180 1261 1366 1316 difficili,
1391 1277 1471 1319 per
1493 1277 1583 1306 non
1605 1269 1769 1319 puoter
1796 1262 1879 1305 far’

243 1339 377 1393 altro,
401 1354 496 1383 non
517 1338 822 1384 deueressimo
844 1338 1028 1397 exigere
1050 1346 1178 1384 tanto
1200 1347 1531 1393 strettamente‚
1556 1346 1667 1384 etc.:
1693 1346 1739 1384 et
1761 1353 1879 1396 puo-

244 1416 329 1461 tria
350 1415 487 1461 esser'
510 1418 598 1461 che
619 1415 742 1473 dipoi
763 1417 851 1461 che
872 1415 1054 1460 sforzati
1083 1417 1433 1462 condescessero
1460 1417 1503 1460 al
1531 1424 1687 1460 nostro
1724 1416 1878 1469 modo,

241 1494 449 1538 venendo
470 1509 497 1538 a
519 1501 671 1550 tempo
692 1494 780 1538 che
801 1507 893 1537 non
923 1494 1146 1539 hauesero
1169 1500 1295 1537 tanta
1315 1493 1538 1539 necessita
1560 1493 1606 1537 di
1628 1492 1719 1546 noi,
1752 1492 1790 1536 si
1818 1492 1882 1535 ri-

242 1571 484 1616 cordasero
505 1570 551 1614 di
573 1577 753 1627 questo,
778 1574 819 1614 et
839 1571 1004 1615 uellent
1039 1585 1172 1614 suam
1200 1572 1448 1615 libertatem
1477 1576 1766 1628 recuperare,
1797 1584 1878 1613 nec

243 1651 367 1691 stare
382 1649 641 1705 promissis,
663 1662 791 1692 come
813 1648 913 1692 sara
941 1662 1119 1705 sempre
1140 1647 1274 1693 facile
1295 1663 1322 1692 a
1342 1648 1439 1692 loro
1461 1648 1507 1691 in
1528 1647 1790 1693 Germania.
1822 1648 1880 1690 Et

245 1732 407 1781 questo
429 1739 563 1782 posso
584 1725 851 1769 confirmare
873 1739 953 1782 per
973 1724 1198 1782 essempio
1218 1725 1292 1769 del
1320 1724 1615 1769 arciuescouo
1647 1725 1705 1769 de
1741 1724 1880 1768 Cam-

245 1802 373 1859 bray,
394 1802 426 1845 il
441 1802 572 1859 quale
589 1801 636 1846 in
653 1803 869 1859 Augusta
883 1802 913 1844 l'
933 1816 1053 1845 anno
1069 1809 1251 1858 passato
1266 1801 1445 1848 diceua:
1470 1802 1612 1845 «mihi
1627 1805 1693 1845 est
1708 1802 1882 1858 ingra-

247 1883 356 1933 tum,
379 1880 496 1936 quod
516 1879 704 1922 audiam
727 1880 844 1922 male
865 1879 1029 1922 audire
1049 1878 1308 1922 Societatem
1330 1880 1452 1936 apud
1473 1893 1559 1932 eos,
1582 1880 1662 1936 qui
1682 1879 1781 1922 eius
1801 1878 1881 1922 de-

243 1957 453 2000 siderant
477 1962 680 2014 operam,
711 1957 828 2013 quod
856 1956 936 1999 hoc
964 1960 1172 2012 tempore,
1200 1956 1301 1999 c'um
1328 1957 1478 2000 videat
1504 1957 1701 2000 Societas
1728 1959 1880 1999 extre-

242 2049 366 2077 mam
394 2048 489 2077 esse
515 2035 821 2078 necessitatem
848 2048 1043 2076 suarum
1070 2037 1333 2088 operarum,
1364 2037 1457 2077 tam
1494 2033 1638 2076 multa
1668 2035 1806 2089 petat,
1837 2035 1880 2075 et

240 2113 333 2155 tam
350 2111 599 2169 dffcilia,»
615 2117 703 2155 ete.
726 2112 783 2154 Et
799 2110 840 2154 ci
856 2110 1092 2155 mettiamo
1110 2117 1131 2137 a
1145 2109 1191 2152 in
1207 2110 1420 2166 pericolo,
1441 2125 1522 2168 per
1543 2117 1703 2167 questa
1719 2123 1874 2162 causa,

235 2187 283 2231 di
304 2203 397 2232 non
418 2202 685 2245 promouere
706 2188 749 2231 13
771 2186 1055 2243 Compagnia
1075 2186 1123 2230 in
1145 2187 1417 2244 Alamagna,
1442 2187 1486 2231 13
1507 2186 1581 2230 cui
1602 2186 1749 2229 salute
1765 2185 1797 2228 li
1817 2185 1838 2213 ¹²
1852 2185 1877 2230 ὲ

240 2265 585 2309 raccomandata
606 2265 728 2307 inter
744 2265 905 2320 prima
926 2264 1203 2307 ministeria.

334 2351 374 2397 5.
442 2341 566 2386 Sono
595 2341 765 2394 andati,
795 2347 956 2396 quatro
984 2355 1012 2384 o
1040 2340 1205 2396 cinque
1239 2340 1388 2398 giomi
1425 2341 1491 2394 fa,
1518 2342 1633 2385 Mro.
1669 2338 1874 2384 Antonio

246 2418 414 2470 Vinch‚
439 2424 485 2461 et
511 2419 626 2461 Mro.
652 2418 887 2461 Hermano
914 2418 924 2438 ¹
949 2432 975 2461 a
997 2416 1179 2460 visitare
1200 2416 1230 2460 il
1252 2418 1380 2462 Rmo.
1402 2418 1542 2462 eletto
1570 2415 1819 2461 treuirense
1848 2429 1875 2458 a

247 2494 553 2547 Confluentia,
579 2495 666 2538 che
687 2495 713 2538 e
738 2494 889 2550 quello
915 2495 1004 2539 che
1031 2493 1106 2550 gia
1124 2507 1210 2538 era
1240 2494 1429 2547 decano,
1464 2501 1511 2538 et
1546 2493 1686 2537 molto
1717 2498 1874 2535 nostro

244 2586 425 2628 sempre
445 2572 479 2625 ’ς
504 2578 550 2616 et
571 2578 589 2598 0
618 2572 732 2615 oltre
753 2571 842 2615 che
863 2577 1143 2614 trattaranno
1165 2571 1360 2616 alchune
1387 2585 1492 2615 cose
1513 2570 1630 2614 delle
1650 2567 1874 2612 necessita

243 2648 458 2706 presenti,
485 2654 753 2692 tentaranno
774 2646 812 2690 si
833 2647 967 2690 vuole
990 2653 1176 2690 trattare
1196 2647 1314 2692 della
1343 2646 1611 2691 fundatione
1633 2645 1706 2688 del
1733 2644 1874 2688 colle-

243 2724 337 2782 gio.
367 2726 415 2768 Io
441 2740 533 2769 non
569 2724 611 2768 ci
647 2740 731 2768 son
758 2725 946 2777 andato,
986 2724 1155 2780 perche
1184 2730 1418 2780 aspettaua
1446 2723 1524 2780 qui
1554 2724 1669 2767 Mro.
1709 2722 1872 2765 Coste-

314 2880 335 2901 a
372 2881 394 2908 2
412 2873 533 2908 verba
549 2884 658 2920 seqq.
679 2883 795 2919 supra
812 2883 915 2907 vers.
933 2869 1082 2906 addidit
1099 2870 1260 2907 libr.—b
1273 2870 1360 2907 Hoc
1377 2871 1488 2907 verb.
1509 2880 1625 2916 supra
1643 2879 1747 2904 vers.
1768 2866 1878 2903 addi-

242 2931 302 2967 dit
319 2931 477 2967 libr.—c
494 2931 516 2966 8
534 2932 655 2968 verba
672 2943 785 2979 seqq.
814 2930 854 2967 in
872 2941 994 2976 marg.
1014 2928 1163 2965 addidit
1179 2929 1272 2966 libr.

319 3061 329 3083 ¹
380 3062 597 3109 Thyraeus‚
614 3067 742 3098 rector
758 3059 915 3107 collegii
931 3059 1180 3096 trevirensis.

317 3121 333 3144 ²
382 3120 482 3157 Vide
499 3119 668 3168 append.
687 3120 777 3156 XLI
795 3125 836 3156 et
852 3119 998 3158 XLIV.
