2228 3548
1011 283 1233 323 Arpznmx
1821 285 1894 332 789

1057 440 1182 498 XLn

854 529 899 564 P.
920 527 1195 567 ANTONIUS
1213 529 1379 568 VINCK

695 620 909 652 SANCTO
940 620 1256 652 FRANc1sco
1287 621 1357 652 DE
1390 620 1566 661 BORJA

576 697 821 754 Augustae
851 695 1168 748 Trevirorum,
1208 707 1261 739 10
1291 694 1461 752 Aprilis
1499 695 1609 750 1567
1641 695 1671 739 ¹.

744 785 806 821 De
838 785 1000 834 collegii
1027 784 1218 831 spirensis
1246 785 1511 821 institutione.

396 863 489 908 Alli
506 862 570 908 sei
601 863 675 908 del
695 869 906 920 presente
926 861 973 905 di
1009 861 1200 906 Colonia
1230 862 1256 905 e
1292 860 1489 906 arriuato
1511 861 1589 918 qui
1617 861 1663 904 in
1695 860 1886 906 Treueri
1907 860 1939 904 il

307 924 362 967 R.
389 925 444 967 Ρ.
469 923 631 978 Nadal,
657 923 733 980 gia
759 922 807 966 di
833 922 1026 966 alchune
1053 921 1293 966 settimane
1313 927 1556 977 espettato,
1587 920 1634 963 in
1655 921 1940 965 saluamento

302 997 386 1039 per
407 983 451 1026 la
472 982 620 1040 gratia
641 982 714 1026 del
730 981 913 1038 Signor.
933 982 1150 1037 Speramo
1171 981 1256 1024 che
1276 981 1320 1023 la
1341 994 1424 1023 sua
1440 979 1684 1036 presentia,
1710 993 1843 1023 come
1863 978 1939 1023 alli

307 1041 410 1086 altri
432 1041 614 1099 collegii
635 1042 659 1086 ὲ
690 1048 808 1085 stata
827 1040 953 1093 vtile,
987 1041 1088 1083 sara
1109 1040 1309 1083 anchora
1331 1045 1376 1084 et
1400 1053 1426 1082 a
1452 1046 1631 1094 questo.
1656 1040 1750 1084 Sua
1772 1041 1855 1083 R.⁸
1879 1040 1939 1083 ha

307 1101 642 1145 communicato
677 1114 806 1144 meco
826 1099 976 1156 quella
1006 1098 1240 1152 difficulta,
1260 1099 1303 1142 13
1334 1098 1468 1153 quale
1491 1099 1679 1142 trouala
1695 1099 1749 1142 R.
1787 1100 1840 1142 P.
1876 1099 1935 1142 V.

308 1160 430 1204 circa
450 1160 495 1204 di
516 1167 788 1218 promettere
808 1159 851 1203 al
872 1159 989 1203 Rdo.
1014 1165 1060 1202 et
1081 1158 1231 1203 nobile
1253 1157 1452 1214 capitulo
1473 1157 1675 1213 spirense
1697 1171 1757 1201 un
1786 1157 1940 1214 predi-

309 1227 464 1264 catore
484 1227 530 1264 et
552 1221 711 1264 lettore
738 1218 786 1263 in
821 1217 1067 1274 theologia,
1106 1224 1153 1262 et
1188 1217 1363 1262 benche
1385 1231 1476 1259 non
1504 1216 1652 1260 vorria
1672 1216 1718 1259 in
1740 1230 1940 1260 nessuno

309 1280 444 1323 modo
460 1280 548 1324 che
569 1278 804 1323 facessimo
826 1292 854 1321 o
869 1276 1232 1322 domandassimo
1247 1289 1354 1320 cosa
1369 1278 1565 1319 alchuna
1581 1282 1740 1319 contra
1757 1277 1786 1318 l’
1806 1276 1941 1319 insti-

311 1346 410 1382 tuto
427 1339 544 1382 della
559 1337 857 1394 Compagnia,
876 1335 1211 1381 nientedimeno
1227 1336 1367 1379 molto
1384 1334 1445 1378 mi
1462 1335 1747 1378 contristaria
1765 1349 1815 1380 se
1835 1349 1941 1378 cum

308 1405 469 1454 questa
490 1397 726 1441 occasione
762 1404 808 1442 et
829 1395 875 1440 in
898 1396 1047 1452 quella
1069 1395 1158 1439 cita
1190 1402 1237 1439 et
1258 1394 1304 1438 in
1331 1395 1445 1438 altre
1466 1394 1504 1438 si
1527 1394 1767 1450 impedisse
1795 1394 1942 1451 grand

307 1457 448 1500 frutto
470 1458 589 1501 delle
610 1456 773 1509 anime,
798 1462 844 1500 et
869 1454 1010 1500 sarria
1039 1453 1278 1498 occasione
1312 1454 1359 1497 di
1381 1468 1472 1497 non
1501 1454 1667 1496 fundar
1689 1453 1745 1497 ne
1773 1461 1940 1510 questo

308 1516 364 1560 ne
387 1516 487 1560 altri
509 1515 691 1573 collegii
712 1515 758 1558 in
780 1521 938 1571 queste
959 1514 1123 1567 bande,
1152 1514 1272 1558 doue
1292 1514 1336 1557 13
1362 1527 1501 1556 causa
1529 1513 1647 1557 della
1677 1512 1943 1557 fundatione

305 1575 354 1618 di
370 1575 570 1632 ,collegio
597 1576 621 1619 ὲ
642 1575 690 1618 in
710 1589 825 1632 gran
852 1580 979 1631 parte
1014 1588 1094 1630 per
1128 1574 1272 1617 hauet
1309 1572 1608 1629 predicatore.
1649 1573 1869 1628 Legendo
1897 1580 1943 1616 et

308 1635 586 1679 conferendo
608 1634 639 1677 li
662 1633 782 1678 lochi
817 1634 934 1678 delle
956 1631 1265 1676 constitutioni
1291 1640 1338 1676 et
1364 1631 1657 1676 declarationi
1689 1639 1735 1675 et
1756 1632 1875 1675 bolle
1897 1638 1943 1675 et

305 1695 422 1738 altre
444 1693 669 1751 raggioni,
690 1694 732 1737 le
748 1693 882 1749 quale
902 1705 1224 1744 occorreuano,
1244 1706 1271 1735 a
1286 1705 1360 1734 me
1376 1705 1482 1747 pare
1499 1693 1585 1734 che
1602 1691 1644 1733 13
1660 1690 1942 1747 obligatione

308 1753 355 1796 in
378 1754 515 1797 modo
532 1767 660 1796 come
681 1753 712 1795 il
733 1751 931 1808 capitulo
952 1752 996 1794 lo
1017 1751 1255 1803 domanda,
1275 1750 1313 1794 si
1334 1750 1425 1808 puo
1445 1751 1503 1794 da
1525 1751 1581 1794 V.
1610 1752 1662 1793 P.
1690 1750 1783 1793 fare
1805 1763 1943 1793 senza

309 1812 560 1869 preiudicio
581 1813 655 1855 dal
675 1811 883 1854 instituto
904 1811 1021 1854 della
1037 1809 1374 1867 Compagnia...
1400 1816 1445 1854 et
1466 1809 1630 1866 perche
1652 1808 1682 1850 il
1705 1810 1758 1852 R.
1793 1810 1846 1852 P.
1872 1808 1943 1851 vi-

309 1871 496 1916 sitatore
518 1871 564 1915 di
584 1878 747 1927 questo
766 1872 909 1927 (come
930 1869 1082 1926 credo)
1104 1868 1301 1913 scriuera
1329 1869 1416 1912 alla
1437 1870 1491 1912 R.
1519 1870 1573 1912 P.
1599 1869 1656 1911 V.
1677 1868 1764 1910 alla
1784 1868 1940 1924 longa,

310 1945 403 1974 non
424 1931 485 1974 mi
501 1931 740 1975 estendero
762 1929 838 1986 piu
860 1928 906 1972 in
927 1934 1104 1984 questo;
1123 1929 1370 1973 solamente
1391 1927 1422 1970 li
1445 1927 1636 1984 pregaro
1658 1928 1744 1971 che
1765 1926 1811 1970 in
1835 1940 1941 1970 caso

308 1991 396 2034 che
418 1991 538 2034 fosse
560 2003 774 2046 appresso
796 1988 842 2031 di
863 1989 921 2033 V.
947 1989 1002 2032 R.
1024 1989 1084 2033 P.
1119 1988 1313 2044 qualche
1348 1986 1581 2040 difficustzi,
1606 1987 1691 2029 che
1719 1985 1764 2028 in
1793 1986 1943 2041 quello

308 2050 394 2092 che
415 2049 441 2092 e
462 2049 539 2106 gia
560 2049 673 2092 fatto
696 2063 723 2092 0
745 2047 1000 2099 accordato‚
1025 2060 1155 2092 come
1179 2046 1256 2104 gia
1276 2048 1445 2090 hauera
1473 2046 1619 2090 inteso
1642 2058 1721 2100 per
1742 2045 1785 2087 la
1813 2045 1943 2101 copia

305 2107 355 2151 di
370 2108 496 2152 detta
517 2108 782 2152 fundatione
803 2107 877 2151 del
892 2105 1086 2163 collegio
1106 2105 1324 2163 spirense,
1347 2107 1434 2150 che
1455 2105 1608 2162 voglia
1625 2103 1876 2160 dispensar,
1896 2111 1943 2148 et

307 2181 389 2224 per
410 2167 439 2210 l’
464 2167 653 2212 aduenit
673 2167 712 2211 si
734 2166 864 2223 potra
889 2166 956 2209 far
976 2164 1054 2222 piu
1076 2172 1383 2211 cautamente.
1403 2199 1414 2211 .
1434 2199 1444 2210 .

1055 2277 1198 2322 XLIII

841 2365 885 2402 P.
919 2363 1194 2403 ANTONIUS
1219 2365 1384 2402 VINCK

692 2456 905 2488 SANCTO
936 2455 1251 2498 FRANCISCO
1282 2457 1353 2488 DE
1385 2455 1559 2496 BORJA

561 2533 804 2590 Augustae
839 2531 1154 2585 Trevirorum,
1200 2543 1252 2575 10
1286 2531 1456 2588 Aprilis
1500 2530 1609 2585 1567
1647 2529 1687 2574 ³.

446 2622 507 2658 De
523 2621 662 2658 habitu
678 2633 705 2657 a
721 2621 836 2657 sociis
845 2621 1042 2668 gestando
1059 2621 1114 2656 ad
1126 2622 1298 2656 mentem
1306 2619 1531 2668 praepositi
1540 2617 1748 2666 generalis
1760 2618 1797 2651 et

948 2680 1091 2716 Patris
1113 2679 1292 2717 Natalis.

393 2760 424 2816 †
486 2759 630 2803 Molto
653 2758 774 2803 Rdo.
803 2763 959 2801 nostro
980 2756 1028 2801 in
1049 2756 1232 2801 Christo
1248 2758 1411 2801 Padre.
1436 2757 1532 2799 Pax
1554 2751 1740 2798 Christi.
1758 2752 1794 2796 ss
1815 2750 1933 2795 Rdo.

303 2819 351 2862 in
389 2817 574 2862 Christo
605 2820 741 2862 Pater
767 2817 930 2861 Natale
954 2818 1014 2860 ha
1041 2815 1374 2861 communicato
1411 2828 1542 2858 meco
1579 2813 1731 2870 quello
1767 2812 1853 2864 che
1891 2810 1935 2852 la

377 2948 386 2968 ¹
439 2948 498 2983 Ex
515 2947 769 2994 autographo,
787 2945 828 2982 in
848 2944 944 2982 Cod.
963 2955 1015 2992 29
1029 2945 1092 2994 g),
1110 2944 1181 2992 253
1198 2947 1317 2992 (414).
1341 2944 1443 2981 Vide
1462 2954 1557 2991 pag.
1579 2941 1662 2986 3683
1683 2945 1724 2976 et
1740 2938 1826 2976 382.

374 3010 390 3031 ²
439 3009 498 3043 Ex
515 3008 768 3054 autographo,
789 3006 829 3043 in
846 3006 975 3052 Epist.
995 3006 1151 3049 Natal„
1169 3007 1219 3049 II,
1236 3005 1421 3043 schedula
1439 3004 1480 3040 in
1497 3004 1567 3050 4⁰,
1596 3001 1662 3038 182
1688 2999 1809 3047 (423).
1833 2997 1936 3035 Vide

306 3078 395 3114 pag·
413 3066 498 3112 3553
517 3076 602 3113 400;
622 3072 663 3102 et
682 3073 767 3112 477·
