2228 3548
411 255 483 300 814
997 251 1135 287 EPIST.
1163 250 1208 286 P.
1236 250 1388 286 NADAL

364 354 527 411 spondi
558 360 710 398 autem
740 352 805 395 illi
833 351 978 411 serius
1005 352 1126 395 hanc
1157 350 1512 395 admonitionem
1544 351 1638 395 huc
1669 365 1770 396 esse
1801 352 2002 409 missam,

364 413 578 470 dispersis
600 413 639 468 ej
647 427 699 456 us
722 406 880 455 excusi
902 409 1052 466 operis
1073 424 1166 453 non
1188 410 1347 467 paucis
1369 409 1721 466 exemplaribus.
1745 411 1924 458 Deinde
1945 414 2004 458 ad

363 474 418 517 P.
442 473 649 516 Natalem
673 471 871 514 rationes
893 469 1167 536 complures,
1193 475 1239 514 et
1260 483 1444 526 graves,
1467 476 1519 513 ut
1540 477 1771 526 putamus,
1801 472 2003 528 perlatae

361 538 487 584 sunt,
512 531 571 574 ob
594 545 707 586 quas
729 544 819 573 non
844 529 1054 585 expediat
1075 528 1296 585 scriptum
1318 529 1431 572 illud
1451 529 1511 573 de
1533 529 1788 573 sacrificio
1775 545 1823 574 in
1850 531 2000 577 lucem

363 565 558 648 prodire,
584 589 671 633 nisi
692 588 879 632 multis
868 603 915 632 in
936 587 1049 632 locis
1070 594 1302 632 retexatur
1324 595 1462 645 atque
1482 594 1719 635 mutetur..

1082 738 1276 782 LXXIV

907 833 953 868 B.
981 831 1186 869 PETRUS
1213 832 1463 870 CANISIUS

646 930 856 961 ΟΤΤΟΝῙ
906 929 1235 961 TRUCHSESS
1281 931 1351 961 DE
1398 931 1713 962 WALDBURG

784 1012 1044 1068 Augustae,
1076 1024 1092 1055 1
1118 1011 1386 1055 Decembris
1415 1013 1525 1070 1569
1550 1013 1581 1057 ¹.

667 1100 833 1136 Librum
849 1100 1022 1135 doctoris
1045 1099 1188 1136 Torres
1206 1100 1256 1135 P.
1275 1099 1420 1136 Natali
1435 1101 1547 1136 mitti
1563 1103 1698 1136 curat.

477 1201 506 1211 ..
524 1167 742 1224 joannes,
768 1165 845 1221 qui
868 1179 1027 1210 recens
1049 1164 1158 1208 hinc
1181 1179 1272 1209 una
1293 1179 1398 1209 cum
1421 1165 1594 1222 Majore
1621 1165 1845 1221 discessit,
1881 1167 1999 1211 inter

359 1225 473 1269 alios
494 1225 633 1269 libros
655 1225 827 1269 adferet
850 1224 1195 1269 Confessionem
1216 1232 1536 1282 augustanam,
1571 1225 1737 1269 librum
1765 1227 1994 1283 Turriani,

359 1292 408 1329 et
429 1285 545 1329 duos
566 1286 624 1330 de
646 1284 886 1328 haereticis
907 1284 1119 1327 omnibus
1141 1284 1302 1329 editos.
1329 1285 1540 1328 Alterum
1568 1286 1734 1329 horum
1763 1286 1890 1330 reddi
1912 1301 1997 1331 cu—

361 1344 436 1401 pio
459 1345 513 1390 P.
538 1344 820 1400 Hieronymo
842 1343 1010 1398 Natali‚
1035 1343 1113 1400 qui
1134 1344 1273 1388 semel
1297 1350 1344 1388 et
1359 1344 1524 1389 iterum
1542 1345 1631 1388 hoc
1646 1345 1790 1390 voluit
1807 1350 1922 1403 opus
1939 1347 1998 1390 ad

362 1419 413 1449 se
434 1403 606 1450 mitti...

1100 1535 1273 1579 LXXV

553 1629 621 1664 EX
652 1628 892 1664 LITTERIS
929 1627 1130 1665 ANNUIS
1162 1629 1197 1664 A
1233 1629 1277 1665 P.
1315 1629 1538 1676 JIMENEZ
1576 1630 1807 1668 SCRIPTIS

809 1713 995 1766 Romae,
1023 1725 1079 1767 30
1094 1711 1360 1756 Decembris
1383 1723 1490 1768 1571
1517 1714 1552 1759 ².

574 1800 751 1847 Natalis,
765 1801 944 1836 vicarius
953 1800 1162 1848 generalis
1177 1800 1398 1849 Societatis,
1415 1803 1574 1850 Borgia
1591 1802 1767 1840 absente.

532 1895 586 1939 P.
626 1893 792 1947 Natali,
831 1894 1015 1947 vicario,
1041 1893 1213 1937 homini
1240 1894 1287 1937 id
1310 1895 1468 1939 aetatis
1491 1895 1612 1940 uires
1638 1896 1858 1940 diuinitus
1889 1896 1995 1941 addi

364 1953 596 2007 uidentur,
634 1953 698 1997 ita
734 1953 935 1998 studiose
956 1953 1003 1996 in
1025 1953 1220 2010 negotiis
1248 1954 1461 2011 gerendis
1491 1955 1822 2013 Societatisque
1845 1955 1991 2000 admi-

364 2013 631 2058 nistratione
652 2019 859 2058 versatus
876 2021 961 2067 est,
981 2020 1031 2056 ut
1049 2020 1201 2058 tamen
1222 2014 1278 2057 de
1299 2015 1436 2057 modo
1463 2014 1720 2059 adhibendo
1747 2031 1773 2059 a
1801 2030 1994 2083 praepo-

364 2072 451 2116 sito
488 2072 585 2128 ipso
618 2072 820 2129 generali
858 2087 961 2116 eum
997 2072 1228 2116 admoneri
1265 2074 1532 2129 oportuerit,
1568 2089 1842 2130 quamquam
1864 2074 1994 2118 initio

362 2132 563 2187 quidem,
605 2139 656 2174 ut
693 2131 989 2198 complurium
1011 2139 1354 2187 procuratorum
1386 2133 1590 2190 negotia,
1622 2148 1739 2189 quae
1759 2133 1866 2177 hinc
1887 2149 1994 2191 pro-

364 2206 529 2247 perans
556 2191 631 2235 ille
658 2190 944 2248 permiserat,
976 2191 1180 2235 celeriter
1207 2191 1545 2247 expedirentur,
1570 2207 1757 2238 necesse
1786 2193 1872 2236 fuit
1899 2194 1994 2238 ela—

363 2252 527 2294 borare
560 2252 868 2295 uehementer.
899 2251 940 2293 Is
962 2250 1084 2293 dedit
1113 2266 1295 2307 operam
1319 2259 1370 2294 ut
1397 2252 1547 2295 omnia
1577 2267 1710 2295 suum
1732 2259 1900 2296 statum
1924 2259 1995 2297 te-

364 2317 542 2363 nerent,
568 2309 721 2353 multis
742 2309 954 2353 uidelicet
976 2310 1226 2366 praeceptis
1249 2326 1374 2364 usus,
1395 2326 1512 2368 quae
1541 2311 1614 2355 ille
1639 2311 1931 2368 proficiscens
1952 2311 1994 2357 ei

362 2370 566 2414 dederat.
591 2371 748 2425 Itaque
769 2383 860 2411 non
883 2370 1051 2412 Romae
1069 2370 1214 2413 solum
1237 2376 1423 2426 totaque
1444 2370 1585 2424 Italia,
1612 2385 1771 2414 uerum
1793 2372 1929 2415 etiam
1945 2371 1992 2414 in

359 2428 575 2472 omnibus
597 2429 672 2472 uel
692 2427 884 2480 Galliae,
906 2429 979 2472 uel
1000 2428 1272 2473 Germaniae
1293 2430 1538 2486 prouinciis
1560 2429 1780 2487 singulari
1802 2430 1888 2474 Dei
1909 2431 1992 2474 be·-

361 2488 526 2531 neficio
547 2487 867 2544 percommode
889 2487 1262 2532 administrantur
1282 2489 1488 2534 omnia...

435 2629 445 2649 ¹
497 2630 555 2665 Ex
573 2629 793 2676 apographo
809 2627 960 2664 recenti
978 2628 1091 2665 nobis
1110 2629 1356 2668 transmisso.

431 2690 446 2710 ²
497 2689 555 2724 Ex
577 2688 673 2725 Cod.
702 2697 759 2734 31,
778 2687 911 2735 Epist.
935 2687 1097 2734 Italiae,
1117 2698 1226 2735 1571.
1249 2688 1350 2726 Vide
1368 2689 1488 2737 epist.
1512 2697 1596 2735 541,
1614 2698 1709 2735 n.1;
1735 2688 1817 2737 543;
1845 2698 1928 2736 547,
1954 2694 1995 2726 et

361 2747 536 2794 append.
560 2747 738 2783 LXXVI.
