2228 3548
967 284 1188 320 A-PFENDut
1776 287 1846 328 705

251 390 341 432 che
378 391 548 431 ancora
578 387 807 430 trouiamo
845 401 908 430 un
944 385 1225 442 predicatore
1263 386 1450 429 tedesco
1485 399 1566 442 per
1599 386 1806 442 Ispruch‚
1846 392 1895 431 et

257 454 422 505 questo
443 447 583 490 molto
605 448 669 490 ho
690 447 1041 490 raccomandato
1063 446 1106 489 al
1129 447 1182 490 P.
1208 446 1408 490 Natale..
1430 479 1439 487 .
1461 479 1469 488 .
1489 479 1499 487 .

1021 559 1130 603 XIV

713 648 757 684 P.
784 647 1163 686 THEODORICUS
1189 646 1433 684 CANISIUS

618 739 835 770 SANCTO
882 738 1199 770 FRANCISCO
1242 739 1311 769 DE
1357 738 1536 778 BORJA

750 814 980 872 Dilingae,
1014 826 1038 858 2
1044 824 1067 869 5
1085 813 1195 872 Julii
1224 814 1336 870 1566
1362 815 1390 857 ¹.

251 905 498 941 Mutationes
514 905 657 940 variae
673 903 719 940 in
730 902 947 951 provincia
959 906 996 939 et
1013 903 1058 939 in
1071 903 1240 951 collegio
1256 903 1474 950 dilingano
1492 915 1518 938 a
1536 902 1681 939 Natali
1698 905 1889 940 statutae.

343 983 481 1039 Quod
504 981 675 1025 tardius
697 982 757 1025 ad
775 982 830 1026 P.
857 982 910 1025 Τ.
937 981 1132 1024 scribam
1160 981 1312 1024 effecit
1339 982 1390 1023 P.
1417 981 1593 1024 Natalis
1614 981 1887 1037 praesentia,

250 1042 331 1097 qui
354 1056 456 1084 cum
481 1042 725 1097 plaeraque
746 1043 834 1085 hoc
855 1040 903 1083 in
918 1041 1021 1084 loco
1042 1047 1300 1084 mutaturus
1315 1040 1562 1092 videretur,
1583 1055 1675 1083 non
1691 1040 1816 1095 prius
1832 1041 1891 1085 ad

256 1103 307 1145 Ρ.
331 1103 383 1145 Τ.
422 1101 710 1144 scribendum
743 1099 903 1157 putaui
925 1114 1060 1156 quam
1091 1112 1165 1143 res
1185 1114 1344 1144 omnes
1375 1099 1646 1143 constitutas
1668 1100 1886 1143 viderem.

255 1160 475 1204 Discessit
497 1167 648 1204 autem
678 1159 935 1216 praedictus
957 1161 1095 1204 Pater
1122 1159 1230 1202 hinc
1256 1159 1301 1202 in
1325 1158 1558 1202 Austriam
1583 1171 1636 1202 22
1654 1158 1779 1216 Julii,
1805 1158 1889 1202 ab-

253 1220 408 1263 ductis
430 1234 586 1263 secum
607 1219 714 1262 hinc
735 1226 932 1274 quatuor
956 1234 1013 1263 ex
1034 1218 1267 1270 fratribus,
1293 1217 1504 1262 nimirum
1528 1220 1584 1262 D.
1607 1220 1747 1261 Petro
1767 1220 1890 1261 hun-

255 1294 383 1336 garo,
412 1281 463 1323 P.
490 1278 691 1323 Henrico
718 1279 839 1334 Payz
864 1285 903 1332 ⁸,
927 1277 1143 1331 lusitano,
1167 1277 1463 1334 Sigismundo
1484 1278 1679 1322 bohemo
1701 1278 1716 1298 '
1746 1285 1793 1320 et
1808 1279 1889 1335 Ja-
1963 1316 1967 1317 ⁷

254 1339 371 1383 cobo
408 1339 608 1390 Seelero,
649 1337 910 1381 coadiutore
937 1337 1194 1394 temporali.
1232 1337 1543 1393 Ablegauerat
1572 1344 1723 1381 autem
1753 1337 1890 1392 paulo

253 1406 361 1443 ante
382 1398 489 1441 hinc
526 1397 571 1440 in
594 1397 832 1440 Franciam
857 1399 913 1441 D.
940 1398 1161 1440 Thomam
1193 1396 1380 1453 anglum
1403 1397 1436 1447 ³,
1469 1398 1519 1439 P.
1541 1397 1767 1454 jacobum
1793 1397 1889 1440 Va-

253 1457 502 1500 lentianum
524 1463 570 1500 et
593 1457 862 1501 Vualterum
889 1463 1082 1509 scotum,
1115 1455 1305 1501 rectoris
1335 1455 1593 1512 parisiensis
1615 1470 1887 1511 germanum

252 1517 450 1561 fratrem.
479 1516 750 1572 Magistrum
773 1530 880 1559 vero
904 1516 1150 1559 Robertum
1167 1515 1443 1560 leodiensem
1463 1515 1778 1569 Oenipontum
1801 1515 1888 1558 mi·-

248 1575 324 1628 sit,
350 1583 399 1618 vt
421 1578 483 1619 M.
510 1575 703 1631 Gaspari
725 1574 934 1619 Textoris
957 1574 1048 1631 (qui
1069 1574 1188 1618 votis
1210 1574 1286 1618 hic
1302 1575 1479 1618 solutus
1501 1582 1546 1619 et
1567 1574 1780 1617 dimissus
1801 1576 1886 1631 est)

249 1634 295 1678 in
319 1635 543 1678 rhetorica
563 1635 707 1678 classe
723 1634 846 1678 illhic
881 1635 1112 1691 suppleret
1132 1635 1299 1677 locum.
1325 1634 1594 1688 Magistrum
1617 1634 1847 1678 Simonem
1870 1635 1886 1655 ⁴

248 1693 324 1737 hic
346 1693 544 1750 reliquit,
570 1700 622 1736 ut
659 1694 781 1748 quod
803 1708 859 1736 ex
881 1708 1019 1737 cursu
1047 1695 1101 1737 P.
1141 1693 1334 1737 Gerardi
1357 1693 1542 1737 Pastelii
1563 1699 1787 1749 superest,
1819 1694 1884 1736 le-

250 1754 402 1810 gendo
424 1754 646 1797 absoluat.
671 1754 788 1797 Nam
814 1755 865 1796 P.
890 1753 1139 1806 Gerardus,
1164 1759 1346 1809 propter
1366 1752 1615 1796 discessum
1647 1754 1697 1795 P.
1726 1752 1886 1810 Jacobi

250 1812 524 1865 Valentiam,
565 1812 663 1857 eius
702 1812 850 1856 Patris
885 1826 1068 1856 cursum
1105 1811 1323 1868 superiori
1357 1819 1576 1855 autumno
1598 1812 1883 1863 inchoatum,

250 1872 461 1928 prosequi
483 1879 689 1928 cogetur,
709 1872 831 1927 quod
849 1874 910 1916 M.
932 1871 1091 1916 Simon
1109 1885 1200 1915 non
1220 1871 1451 1915 videretur
1473 1870 1736 1915 commodus
1754 1886 1887 1926 prae-

248 1931 360 1974 dicti
384 1931 531 1974 Patris
541 1930 701 1989 Jacobi
718 1933 899 1974 futurus
916 1945 1165 1974 successor.
1187 1931 1375 1975 Patrem‘
1385 1932 1571 1974 Petrum
1589 1929 1822 1974 Canisium
1840 1938 1886 1973 et

249 1990 432 2033 nomine
453 1998 499 2035 et
521 1990 668 2034 officio
691 1990 1015 2046 prouincialem
1038 1989 1300 2043 declarauit,
1325 1990 1505 2034 sublato
1523 1989 1888 2045 viceprouincia-

246 2049 302 2092 lis
323 2049 520 2094 nomine.
549 2051 871 2106 Augustanam
895 2050 1154 2093 cathedram
1174 2051 1226 2093 P.
1247 2049 1453 2094 Hei-meti
1472 2050 1742 2104 Halpawero
1759 2063 1885 2091 com—

246 2108 381 2152 misit.
409 2108 785 2152 Concionatorem
808 2123 889 2165 pro
911 2107 1240 2164 oenipontanis,
1266 2109 1343 2164 qui
1367 2111 1419 2153 P.
1442 2108 1647 2152 Hermeti
1665 2109 1885 2151 succede—

246 2175 330 2220 ret,
356 2168 403 2210 in
424 2169 510 2210 hac
532 2167 765 2224 prouincia
787 2183 878 2211 non
901 2167 1082 2224 reperit.
1108 2169 1198 2212 Res
1225 2167 1406 2225 collegii
1427 2167 1563 2211 huius
1591 2166 1764 2211 meliori
1793 2181 1884 2221 quo

245 2226 396 2283 potuit
417 2227 551 2269 modo
569 2226 838 2282 composuit,
858 2234 904 2271 et
921 2235 970 2269 ut
986 2226 1337 2272 instrumentum
1355 2227 1699 2283 qualiscumque
1716 2226 1883 2268 tunda-

246 2285 381 2329 tionis
403 2300 429 2328 a
451 2287 581 2329 Rmo.
608 2286 835 2331 cardinale
861 2286 1179 2339 conficeretur,
1204 2301 1381 2331 summo
1409 2288 1563 2339 labore
1593 2285 1758 2330 effecit.
1792 2285 1882 2328 Vix

243 2346 471 2396 crederes,
495 2346 646 2398 Pater,
667 2353 883 2400 quantam
904 2345 952 2388 in
973 2344 1200 2403 plerisque
1215 2346 1358 2390 rebus
1387 2345 1664 2391 senserimus
1686 2344 1733 2387 in
1756 2351 1883 2388 tanto

320 2453 342 2474 a
403 2444 484 2491 Sic,
502 2455 571 2492 pro
588 2445 708 2480 Paez.

322 2535 331 2555 ¹
384 2535 441 2570 Ex
472 2535 725 2581 autographo,
758 2533 799 2569 in
831 2533 927 2569 Coa.
958 2543 1010 2579 29
1039 2534 1090 2581 f),
1123 2545 1162 2570 n.
1194 2543 1265 2570 220
1293 2533 1416 2580 (132).
1448 2533 1549 2570 Vide
1570 2544 1658 2580 pag.
1694 2540 1761 2578 192
1774 2558 1783 2575 ,
1814 2543 1881 2578 ap-

248 2593 365 2642 pend.
384 2603 470 2639 xm,
490 2598 570 2629 etc.

319 2656 332 2675 ²
384 2652 659 2699 Sigismundus
676 2651 940 2699 Dominatius,
957 2651 1008 2688 de
1024 2663 1102 2700 quo
1118 2652 1210 2689 vide
1228 2665 1318 2701 pag.
1338 2663 1422 2700 229,
1441 2658 1481 2689 et
1504 2650 1673 2699 append.
1693 2660 1779 2686 xm.

317 2714 332 2734 ³
382 2711 654 2748 Darbishirus.

314 2773 330 2793 ⁴
378 2770 526 2812 Simon,
546 2770 772 2817 leodiensis,
788 2769 900 2816 cujus
917 2781 1135 2817 cognomen
1152 2770 1416 2808 diversimode
1438 2771 1627 2816 scriptum
1641 2768 1875 2815 reperimus.

242 2830 342 2866 Vide
360 2841 449 2877 pag.
473 2837 552 2875 1743
571 2837 655 2875 4713
674 2835 754 2865 etc.
778 2828 1042 2866 Theodericus
1055 2829 1236 2866 Canisius
1249 2831 1430 2877 Borgiae,
1449 2839 1491 2875 19
1505 2827 1749 2875 Septembris
1767 2826 1875 2873 1566,

240 2890 336 2926 haec
352 2889 562 2925 scribebat:
583 2887 732 2924 «Adest
750 2887 908 2935 quidem
925 2888 988 2924 hic
1011 2889 1069 2924 M.
1097 2888 1233 2925 Simon
1255 2889 1479 2934 Demerius,
1499 2886 1727 2932 leodiensis,
1746 2897 1874 2932 nuper

241 2949 289 2985 ad
305 2960 375 2984 nos
394 2947 536 2984 isthinc
554 2947 735 2983 missus.»
752 2949 812 2983 Ex
830 2952 987 2994 autogr.
1010 2947 1050 2983 in
1069 2947 1164 2984 Coa.
1184 2958 1235 2994 29
1244 2949 1306 2996 f),
1325 2948 1358 2984 f.
1382 2955 1490 2984 222.a
1504 2945 1583 2983 Ubi
1601 2945 1872 2981 Theodorieus

240 3018 317 3044 non
336 3008 566 3044 Demesium
585 3006 655 3043 sed
674 3006 911 3043 Demerium
926 3007 1082 3044 scribit.
1103 3008 1160 3044 Ita
1177 3018 1227 3044 ex
1245 3008 1289 3044 P.
1309 3008 1604 3053 Braunsberger
1621 3016 1748 3052 nuper
1766 3015 1881 3040 acce-

243 3066 371 3113 pimus
389 3068 447 3110 (21
470 3065 616 3112 Aprilis
636 3065 759 3111 1902).
