2228 3548
381 307 453 353 438
590 357 592 359 -
894 303 1033 338 ΕΡιεΤ.
1061 301 1106 337 Ρ.
1134 300 1405 346 Naxon-475

323 409 413 453 cita
451 407 496 450 di
534 404 750 458 scriuere‚
790 404 1020 448 confidato
1051 402 1126 446 nel
1158 401 1356 459 Signore
1392 407 1549 446 nostro
1584 401 1702 446 della
1729 401 1968 459 benignita

328 486 447 530 della
471 486 524 527 P.
552 484 611 526 V.

415 562 457 604 6.
524 561 588 603 Le
616 556 914 610 instruttioni‚
946 558 1032 602 che
1068 556 1169 601 dice
1205 556 1248 600 la
1270 557 1323 600 P.
1359 557 1418 601 V.
1451 570 1542 600 non
1570 555 1608 600 si
1635 555 1812 600 ricorda
1841 555 1963 613 quali

326 639 453 682 siano
477 637 625 693 quelle
647 637 732 680 che
752 634 982 687 dimando,
1007 647 1121 678 sono
1142 634 1336 679 alchune
1356 647 1462 678 cose
1484 633 1530 677 di
1551 633 1787 697 deuotioni
1808 634 1894 678 che
1910 647 1964 677 so

327 719 386 759 ha
408 716 514 759 data
534 715 577 758 la
599 715 652 758 P.
689 714 747 757 V.
778 713 837 757 la:
868 712 1052 764 sicome,
1083 711 1126 755 la
1156 710 1379 755 diuisione
1409 711 1527 756 delle
1556 712 1682 764 hore,
1706 711 1750 755 16
1770 710 1963 755 instrut-

331 792 441 837 tioni
463 793 519 835 de
542 790 755 835 scacciar'
778 789 810 833 li
831 788 1027 847 pensieri
1055 789 1161 834 nell’
1191 788 1398 832 oratione
1424 794 1461 841 ²,
1486 794 1532 833 61
1558 788 1685 833 altre.
1711 788 1746 831 Il
1767 787 1968 832 sumario

329 873 414 914 che
435 871 495 913 ha
516 870 630 912 fatto
651 869 694 911 la
717 869 770 911 P.
797 868 854 911 V.
881 881 1014 923 sopra
1034 866 1077 910 le
1097 864 1430 921 constitutioni,
1455 864 1616 922 poiche
1637 879 1732 908 non
1753 879 1867 909 sono
1885 880 1967 909 an-

331 945 568 999 notationi,
594 945 650 989 ne
679 943 855 1001 scholij,
880 958 974 987 non
1001 943 1102 988 sarai
1130 942 1343 1000 bisognio
1374 942 1622 986 mandarlo.
1657 943 1796 986 Tutte
1824 943 1974 999 quelle

332 1038 456 1077 cose,
481 1026 567 1067 che
589 1023 632 1067 io
654 1024 834 1066 haueua
862 1037 941 1078 per
962 1022 993 1064 l’
1017 1020 1204 1065 historia
1225 1021 1282 1066 de
1304 1021 1363 1065 N.
1391 1021 1445 1064 P.
1471 1022 1586 1064 Mro.
1612 1018 1806 1077 Ignatio,
1840 1019 1884 1063 le
1913 1021 1976 1063 ho

333 1101 408 1158 gia
432 1101 644 1144 mandate
665 1099 686 1126 ¹³
714 1099 773 1142 da
794 1098 998 1143 Colonia.
1023 1098 1111 1142 Del
1135 1100 1187 1142 P.
1214 1099 1329 1142 Mro.
1356 1098 1540 1154 Laynez
1562 1106 1654 1140 non
1675 1111 1728 1140 so
1746 1098 1832 1142 che
1853 1095 1978 1151 cisia

333 1185 454 1222 stato
477 1176 634 1221 scritto
655 1176 851 1220 alchuno
878 1174 1013 1219 insin’
1044 1175 1205 1220 adesso
1237 1176 1266 1218 ¹:
1299 1181 1344 1219 et
1372 1173 1466 1218 cosi
1499 1174 1543 1218 io
1564 1189 1655 1217 non
1687 1174 1717 1217 1’
1750 1175 1827 1218 ho.
1862 1174 1974 1219 Sara

335 1254 594 1312 gratissimo
615 1253 647 1296 il
667 1253 845 1297 fratello
866 1252 1015 1297 Gioan
1038 1251 1248 1305 Battista‚
1273 1266 1323 1295 se
1343 1251 1514 1295 ritorna
1535 1251 1582 1294 in
1603 1250 1877 1296 Germania.-

427 1343 469 1386 7.
536 1332 679 1375 Come
706 1332 768 1373 ho
798 1329 955 1373 scritto
985 1330 1071 1373 alla
1101 1331 1153 1373 P.
1186 1330 1265 1382 V.,
1299 1328 1344 1372 io
1375 1327 1492 1386 parti
1530 1329 1587 1372 da
1618 1327 1808 1373 Colonia
1838 1327 1870 1371 il
1901 1329 1973 1383 4⁰

335 1410 497 1466 giorno
519 1409 576 1453 de
596 1409 779 1465 pascha,
804 1421 953 1452 venne
982 1422 1008 1450 a
1030 1406 1334 1460 Confluentia,
1359 1413 1406 1451 et
1433 1421 1525 1450 non
1547 1420 1623 1450 era
1644 1406 1781 1450 eletto
1803 1405 1835 1448 il
1856 1404 1972 1450 arci-

336 1500 553 1530 uescouo.
578 1484 714 1542 Dipoi
735 1485 765 1527 1’
790 1486 943 1528 hanno
964 1485 1118 1537 eletto‚
1138 1485 1226 1529 ete
1246 1483 1279 1527 11
1300 1485 1473 1529 decano
1489 1485 1523 1536 ¹,
1543 1485 1628 1528 che
1649 1484 1675 1527 6
1696 1483 1727 1526 11
1748 1482 1974 1540 maggior’

338 1563 484 1607 amico
512 1569 559 1606 et
588 1563 764 1607 fautore
794 1563 878 1606 che
904 1561 1146 1605 habbiamo
1182 1561 1228 1604 in
1262 1568 1381 1606 tutte
1417 1568 1578 1619 queste
1615 1567 1750 1615 terre,
1783 1560 1815 1603 il
1846 1560 1981 1616 quale

338 1646 670 1684 summamente
692 1638 1034 1684 desiderauamo
1062 1640 1147 1683 che
1170 1639 1259 1683 fusi
1288 1639 1441 1684 eletto.
1474 1640 1626 1684 Penso
1657 1639 1741 1682 che
1772 1638 1802 1680 1’
1837 1638 1980 1682 anda-

339 1731 483 1761 ranno
504 1733 530 1761 a
551 1715 735 1760 visitare
755 1715 786 1758 il
810 1718 863 1759 P.
895 1716 1115 1770 Antonio,
1139 1723 1185 1760 et
1213 1716 1245 1760 il
1267 1718 1320 1760 P.
1348 1717 1598 1770 Hermano,
1621 1715 1668 1759 in
1691 1721 1819 1759 tanto
1841 1714 1913 1758 ch'
1934 1714 1982 1758 io

339 1794 484 1838 saccio
507 1793 538 1836 li
559 1793 770 1837 essamini
798 1800 843 1838 61
864 1794 906 1837 16
933 1793 1226 1847 confessioni,
1251 1794 1336 1837 che
1357 1808 1450 1837 non
1477 1795 1536 1837 ho
1564 1807 1728 1837 ancora
1755 1791 1979 1836 incomin-

341 1871 474 1916 ciat0.
502 1872 551 1914 Io
573 1885 666 1914 non
687 1884 819 1927 spero
845 1870 1039 1927 parlarli,
1064 1871 1230 1927 perche
1258 1885 1350 1914 non
1378 1870 1508 1915 verra
1540 1885 1645 1926 qua,
1670 1875 1716 1914 et
1743 1884 1835 1913 non
1862 1869 1978 1913 hab—

341 1948 494 1992 biamo
517 1962 735 2004 speranza
756 1948 840 1990 che
863 1954 989 1991 tanto
1016 1955 1168 2004 presto
1190 1948 1315 2005 vogli
1341 1948 1516 2005 parlare
1544 1948 1601 1992 de
1628 1947 1894 1990 fundatione
1920 1946 1979 1989 de

344 2024 557 2081 collegio,
583 2025 639 2068 ne
662 2023 798 2080 possi,
823 2039 903 2080 per
925 2025 1212 2081 occupationi
1234 2024 1411 2082 grandi.
1438 2026 1495 2067 Et
1512 2023 1663 2077 etiarn,
1684 2024 1846 2068 stando
1867 2023 1911 2067 io
1932 2023 1979 2066 in

346 2101 487 2145 dubio
508 2115 640 2145 come
668 2103 728 2144 ho
757 2102 814 2144 da
841 2108 1026 2146 trattare
1054 2103 1112 2147 de
1140 2101 1409 2155 fundationi,
1440 2102 1505 2145 fin
1531 2103 1616 2146 che
1648 2099 1784 2145 habbi
1811 2097 1982 2144 'risolu-

346 2179 470 2223 tione
491 2178 644 2222 chiara
665 2178 782 2222 dalla
806 2180 858 2221 P.
883 2180 961 2232 V.,
986 2179 1046 2222 mi
1069 2193 1177 2236 pare
1198 2181 1284 2225 che
1304 2194 1396 2223 non
1417 2181 1477 2223 ho
1499 2179 1557 2223 da
1577 2180 1755 2223 metter’
1779 2192 1915 2222 mano
1936 2177 1983 2220 in

349 2256 537 2308 nisuna,
573 2269 623 2299 se
651 2255 726 2312 gia
762 2269 853 2298 non
884 2255 973 2299 fusi
1004 2271 1084 2313 per
1116 2256 1330 2313 semplice
1360 2256 1691 2300 informatione.
1727 2256 1861 2300 Altro
1892 2269 1985 2298 non

349 2346 537 2376 occorre
557 2347 638 2389 per
659 2339 833 2389 questa.
860 2333 977 2376 Nelli
1006 2333 1123 2377 santi
1151 2333 1359 2377 sacrificii
1385 2340 1431 2378 et
1461 2331 1653 2379 orationi
1683 2333 1801 2377 della
1832 2334 1886 2376 P.
1921 2333 1979 2376 V.

350 2411 495 2453 molto
517 2410 558 2453 ci
587 2409 988 2463 raccomandiamo,
1017 2418 1063 2454 et
1084 2411 1355 2456 similmente
1376 2411 1481 2455 delli
1504 2410 1639 2455 Padri
1661 2410 1905 2467 assistenti,
1938 2415 1986 2454 et

352 2487 421 2530 del
456 2489 507 2530 P.
541 2487 755 2539 Polanco,
790 2492 835 2530 et
865 2489 917 2529 P.
950 2487 1143 2541 Madrid‚
1173 2494 1261 2532 etc.
1292 2489 1523 2531 Dominus
1549 2489 1608 2531 sit
1635 2488 1880 2530 nobiscum.
1912 2487 1982 2530 Da

350 2562 548 2618 Treuiri,
573 2562 647 2606 alli
669 2563 713 2619 xj
738 2563 796 2608 de
822 2563 981 2619 Aprile
1010 2565 1136 2620 1567.
1161 2566 1220 2609 D.
1241 2566 1299 2609 V.
1326 2566 1380 2609 P.
1405 2579 1539 2608 seruo
1561 2579 1619 2609 en
1640 2564 1742 2616 X.⁰,

1421 2643 1451 2700 †
1482 2643 1668 2758 NAq-AL.
1704 2640 1734 2699 †

426 2818 447 2838 a
486 2820 508 2846 2
525 2812 646 2847 verba
663 2822 775 2858 seqq.
799 2810 947 2848 addidit
965 2812 1057 2849 libr.
1082 2824 1197 2860 supra
1215 2824 1319 2849 vers.
1334 2813 1391 2841 -b
1406 2821 1429 2848 2
1446 2813 1567 2848 verba
1584 2823 1699 2860 seqq.
1722 2811 1871 2848 addidit
1891 2811 1987 2848 libr.

356 2880 475 2915 supra
493 2881 603 2906 vers.

429 2963 438 2982 ¹
492 2963 593 2999 Vide
611 2963 731 3011 epist.
753 2964 838 3009 462,
857 2976 895 2999 n.
916 2972 952 3009 73
973 2971 1012 3002 et
1029 2965 1115 3013 473,
1133 2979 1174 3003 n.
1200 2976 1240 3003 2.

428 3025 442 3044 ²
493 3023 664 3068 Jacobus
681 3024 731 3059 ab
748 3023 830 3059 Els.
