2228 3548
730 268 985 304 PROOEMIUM
1013 274 1153 302 TERTu
1178 273 1409 303 VOLUMINIS
1792 274 1849 302 vn

247 373 323 428 tis,
347 379 444 416 tum
465 369 606 428 legati
626 368 975 421 Commendoni,
997 375 1093 412 tum
1121 368 1220 424 ejus
1243 367 1463 412 auditoris
1474 367 1665 431 Joannis
1682 368 1898 413 Andreae

248 454 448 514 Caligari
485 461 530 500 et
567 454 783 506 aliorum,
823 452 1124 496 illustrantur.
1164 452 1240 495 Ad
1275 466 1424 509 genus
1461 451 1682 495 familiare
1717 451 1897 496 adscri-

249 540 400 586 benda
415 538 646 591 videntur,
670 552 763 581 non
785 537 931 580 solum
949 535 1190 592 epistolare
1207 535 1529 579 commercium
1552 534 1700 579 Patris
1721 521 1898 578 Natalis

250 638 355 668 cum
384 623 615 666 Everardo
644 620 932 666 Mercuriano
959 618 1091 663 annis
1124 629 1379 674 1574-1577
1407 619 1631 674 habitum,
1654 619 1738 663 sed
1759 617 1897 663 etiam

249 707 496 752 nonnullae
530 705 787 763 Borgianae
817 703 1018 756 litterae,
1052 717 1132 747 seu
1163 710 1315 760 partes
1350 702 1626 755 litterarum,
1665 702 1724 747 de
1762 703 1899 746 rebus

247 789 511 835 domesticis
533 787 793 842 Societatis,
812 786 966 831 Natali
983 788 1134 840 datae,
1153 794 1199 831 et
1216 799 1390 843 paucae
1407 785 1522 830 aliae
1544 786 1732 829 Patrum
1756 784 1898 829 Riba-

232 874 476 928 'deneirae,
510 873 738 932 Jimenez,
774 878 821 917 et
857 870 988 927 siqua
1023 870 1110 914 alia
1138 870 1299 914 similis
1335 869 1608 927 reperiatur.
1650 868 1792 913 Aliud
1827 875 1898 912 est

253 958 546 1015 epistolarum
576 970 747 1014 genus,
772 954 1069 999 cardinalium
1095 954 1293 1006 scilicet,
1320 954 1394 998 vel
1422 952 1614 997 aliorum
1639 951 1896 1009 principum

249 1041 607 1098 postulationes,
649 1053 772 1083 nunc
801 1037 1061 1096 praeposito
1088 1037 1315 1095 generali,
1347 1050 1473 1080 nunc
1503 1036 1603 1093 ejus
1631 1035 1893 1088 secretario,

251 1139 375 1168 nunc
396 1124 565 1168 vicario
586 1122 795 1180 generali
816 1121 1061 1176 exhibitae,
1082 1121 1249 1177 quibus
1264 1120 1501 1164 hominurn
1520 1119 1763 1165 Societatis
1785 1133 1896 1176 ope-

252 1222 317 1261 ra,
342 1207 439 1253 sive
459 1221 542 1265 pro
563 1221 786 1250 novorum
815 1204 1111 1262 collegiorum
1134 1203 1367 1250 erectione
1381 1238 1392 1258 ,
1416 1218 1499 1247 seu
1519 1217 1602 1260 pro
1624 1202 1714 1247 fide
1735 1203 1895 1245 catho—

249 1291 335 1335 lica
371 1291 512 1336 sacris
546 1290 806 1335 ministeriis
842 1289 1152 1341 defendenda,
1192 1287 1462 1344 exquiritur.
1501 1288 1550 1330 In
1590 1285 1645 1330 iis
1679 1285 1895 1343 egregiae

246 1389 434 1432 prorsus
460 1374 717 1419 censendae
744 1380 852 1417 sunt
879 1371 1121 1416 cardinalis
1150 1370 1418 1415 varmiensis
1447 1368 1663 1416 Stanislai
1693 1367 1824 1412 Hosii
1846 1376 1892 1412 et

246 1457 493 1516 augustani
519 1456 742 1515 praesulis
766 1455 955 1500 Ottonis
994 1456 1249 1499 Truchsess
1286 1455 1344 1499 de
1372 1453 1634 1509 Waldburg
1655 1451 1889 1509 epistolae,

244 1543 291 1586 in
309 1541 639 1600 appendicibus
660 1547 707 1586 et
728 1541 1046 1598 supplemento
1075 1539 1362 1596 potissimum
1384 1537 1627 1595 repositae.
1660 1536 1747 1581 His
1776 1537 1892 1581 adde

245 1625 487 1670 nonnullas
523 1625 697 1670 litteras
728 1630 955 1681 patentes,
991 1623 1129 1666 rebus
1160 1620 1337 1666 Natalis
1370 1620 1652 1665 illustrandis
1684 1619 1888 1677 apprime

245 1709 402 1755 utiles.
431 1710 488 1753 Et
512 1710 738 1754 hactenus
760 1706 942 1764 quidem
966 1707 1023 1750 de
1045 1705 1341 1762 epistolarum
1365 1704 1632 1762 generibus.

345 1891 384 1934 3.
452 1878 543 1920 Res
560 1878 610 1920 in
627 1876 826 1933 epistolis
842 1889 921 1918 seu
939 1872 1247 1917 monumentis
1257 1867 1889 1928 pertractatae.—-Reliquum

251 1969 321 2008 est
344 1968 395 2006 ut
416 1962 474 2005 de
496 1962 634 2005 rebus
655 1966 703 2004 et
724 1957 924 2016 negotiis
947 1957 994 2000 in
1010 1955 1136 2001 hisce
1152 1953 1461 2000 monumentis
1479 1951 1769 2010 'pertractatis
1785 1952 1891 1996 bre>—

247 2045 363 2091 viter
384 2044 677 2090 disseramus.
704 2043 823 2087 Cum
846 2048 1001 2086 autem
1022 2039 1218 2084 maxima
1239 2038 1495 2082 litterarum
1527 2036 1665 2093 hujus
1694 2035 1890 2081 volumi—

245 2129 318 2172 nis
337 2143 444 2185 pars
464 2127 511 2171 in
534 2128 672 2172 rebus
693 2141 720 2170 a
742 2124 894 2170 Natali
915 2123 1047 2168 annis
1074 2123 1331 2178 1566-1568
1352 2121 1399 2164 in
1428 2118 1695 2173 Germania,
1728 2118 1890 2176 Belgio

247 2219 292 2257 et
313 2211 465 2257 Gallia
493 2210 682 2268 patratis
710 2215 935 2262 versetur,
972 2207 1071 2265 ipsa
1107 2208 1260 2251 r‘erum
1300 2207 1536 2264 gestarum
1574 2202 1807 2248 successio
1843 2209 1889 2246 et

214 2348 216 2350 v
246 2296 358 2340 ordo
384 2309 469 2339 nos
496 2293 682 2346 invitat,
709 2300 759 2337 ut
786 2291 934 2349 primo
961 2292 1063 2335 loco
1093 2290 1140 2334 in
1170 2303 1355 2335 scenam
1386 2290 1670 2346 proferamus
1699 2285 1889 2344 negotia

248 2377 484 2436 religionis
506 2377 551 2420 in
574 2374 841 2428 Germania,
866 2375 924 2418 ad
953 2387 1070 2431 quae
1097 2372 1343 2419 Societatis
1371 2386 1509 2429 opera
1537 2371 1595 2414 ab
1623 2367 1815 2426 egregio
1843 2375 1888 2412 et

249 2468 410 2506 sancto
447 2459 662 2518 pontifice
692 2458 775 2502 Pio
803 2459 845 2501 V
874 2456 1076 2501 adhibita
1107 2455 1218 2510 fuit;
1255 2462 1369 2510 tum,
1403 2452 1647 2500 Societatis
1679 2465 1888 2509 progres-

247 2559 326 2589 sus
348 2544 397 2589 in
417 2543 578 2588 iisdem
600 2549 645 2588 et
667 2542 714 2585 in
735 2540 835 2585 aliis
857 2539 1139 2597 regionibus;
1166 2539 1348 2583 tandem
1367 2553 1440 2583 res
1461 2538 1519 2581 ad
1535 2549 1775 2594 personam
1792 2535 1888 2579 Na-

245 2627 348 2673 talis
374 2627 562 2685 propius
593 2626 889 2684 pertinentes.
929 2625 1000 2669 De
1036 2625 1124 2667 hoc
1152 2622 1293 2680 igitur
1322 2621 1488 2679 triplici
1520 2625 1795 2677 argumento
1831 2632 1888 2663 ex

244 2711 403 2756 ordine
423 2726 451 2756 a
472 2711 604 2755 nobis
626 2709 872 2754 dicendum
889 2707 1088 2773 videtur.

334 2884 443 2921 1.²”²¹
505 2877 706 2934 Negotia
738 2873 1232 2932 religionis.-«Cum‚
1273 2872 1430 2930 igitur,
1472 2869 1664 2926 septima
1700 2866 1776 2911 die
1806 2868 1883 2925 Ja-

246 2960 395 3006 nuarii
418 2960 529 3004 Pius
551 2974 667 3017 papa
690 2961 749 3012 V,
780 2972 988 3002 summus
1015 2955 1236 3014 pontifex,
1261 2955 1421 2999 diuino
1446 2952 1599 3011 potius
1631 2965 1767 3007 quam
1798 2950 1888 2991 hu-

251 3058 388 3089 mano
410 3043 604 3088 consilio
625 3044 800 3088 electus
823 3041 1010 3086 fuisset»
1035 3039 1147 3084 nihil
1168 3039 1319 3098 potius
1341 3037 1522 3091 habuit,
1548 3049 1685 3092 quam
1703 3033 1751 3077 in
1768 3032 1894 3077 Ger-
