2228 3548
896 287 941 325 14
967 275 1160 316 Aucusn
1189 279 1280 326 1567
1796 291 1867 330 515

255 390 377 438 tore,
416 389 462 428 et
499 382 693 427 facendo
725 389 746 410 a
772 382 821 428 S.
856 381 973 428 Stia.
1009 381 1315 439 grandissima
1351 382 1592 437 instancia,
1628 390 1675 430 et
1706 399 1799 429 non
1833 387 1918 430 ha-

258 461 415 506 uendo
445 460 522 518 gia
550 474 770 517 speranza
803 460 850 504 d’
879 459 910 503 il
937 460 1046 504 Fae.
1078 459 1125 503 Io
1153 473 1234 517 per
1261 459 1294 503 il
1321 460 1551 504 contrario
1581 460 1612 504 li
1650 461 1812 506 diceua
1846 470 1916 508 tre

260 552 388 582 cose.
413 537 479 581 La
501 537 661 594 prima,
687 539 773 582 che
799 537 820 565 '³
842 537 890 580 in
912 535 1140 590 Traiecto,
1165 537 1286 582 doue
1314 551 1427 581 sono
1456 537 1563 582 stati
1585 538 1751 582 infiniti
1781 541 1915 585 here-

260 615 359 670 tici,
382 622 428 660 et
449 630 564 659 sono
591 623 626 668 0,
654 616 698 659 fa
719 615 952 672 singulare
975 615 1118 658 frutto
1134 613 1155 642 ‘¹
1182 612 1302 659 nell'e
1324 614 1475 660 anime
1492 623 1656 671 questo
1677 617 1804 660 buon
1822 619 1916 662 Pa-

262 694 346 739 dre
375 700 410 748 ²,
436 699 481 737 et
504 693 551 736 in
574 692 815 750 Maguntia
836 707 928 736 non
951 691 1139 737 farebbe
1160 692 1275 735 altro
1291 693 1378 737 che
1398 693 1576 750 legger’
1595 708 1686 737 vna
1707 694 1910 740 lettione.

259 773 351 825 .2.⁰,
371 773 456 815 che
474 771 668 816 essendo
686 771 838 826 quella
853 769 964 813 citta
987 769 1033 813 in
1055 783 1250 813 comune
1271 770 1346 813 del
1367 783 1417 813 re
1440 769 1652 827 Philippo
1674 778 1720 816 et
1736 771 1810 816 del
1832 786 1916 816 ve-

256 863 404 894 ¹scouo
441 848 487 891 di
516 847 706 904 Lieggi3
739 847 932 891 essendo
966 853 1092 890 tanta
1119 846 1343 891 necessita
1374 848 1535 892 adesso
1563 848 1638 892 del
1666 862 1751 892 suo
1778 848 1916 892 mini—

259 926 414 980 sterio,
455 939 549 969 non
585 939 694 981 pare
730 923 1051 977 conueniente,
1077 923 1214 967 etiam
1250 938 1332 980 per
1370 924 1560 980 rispetto
1597 925 1717 970 della
1739 933 1912 971 venuta

259 1004 404 1061 <come
432 1005 468 1046 s’
501 1009 679 1059 aspetta
716 1003 817 1045 sara
839 1001 1006 1058 presto)
1036 1000 1110 1045 del
1140 1013 1205 1053 re,
1246 1001 1436 1053 leuarlo‚
1468 1003 1554 1044 che
1592 1003 1786 1047 sarebbe
1822 1018 1914 1047 vna

257 1095 377 1138 gran
399 1078 658 1123 turbatione
680 1079 738 1124 de
760 1077 898 1122 animi
919 1077 993 1121 nel
1015 1077 1196 1134 popolo;
1222 1083 1268 1120 et
1289 1077 1614 1134 specialmente
1646 1079 1752 1122 delli
1783 1093 1914 1123 com-

257 1156 454 1202 missarii
476 1157 551 1202 del
572 1172 638 1210 re,
663 1155 693 1199 li
716 1154 839 1212 quali
854 1154 886 1197 li
903 1161 1096 1211 portano
1113 1168 1228 1211 gran
1247 1154 1520 1207 reuerentia,
1541 1162 1587 1199 et
1611 1170 1755 1200 usano
1772 1157 1913 1201 molto

261 1235 336 1280 del
357 1233 593 1292 conseglio
616 1247 716 1277 suo.
744 1232 828 1288 3.⁰‚
854 1233 940 1276 che
962 1231 992 1274 il
1014 1244 1218 1276 vescouo
1239 1230 1286 1274 di
1316 1231 1482 1288 Lieggi
1509 1234 1518 1253 ¹
1549 1232 1683 1276 stima
1710 1248 1913 1278 summa-

261 1319 417 1357 mente
438 1319 484 1356 et
504 1311 568 1354 lui
591 1318 636 1355 et
658 1309 689 1353 il
711 1323 796 1353 suo
818 1308 1070 1354 ministerio
1092 1308 1138 1351 in
1160 1308 1312 1364 quella
1334 1307 1442 1362 citz'13
1474 1316 1519 1352 et
1547 1310 1592 1352 lo
1628 1309 1837 1354 desidera
1865 1311 1913 1355 in

259 1397 440 1447 questa,
466 1387 633 1445 perche
656 1401 770 1430 sono
793 1385 920 1430 molti
942 1385 988 1428 di
1011 1385 1160 1442 quella
1189 1384 1350 1443 lingua
1378 1386 1452 1430 del
1483 1388 1533 1430 P.
1570 1386 1808 1443 Dionysio,
1844 1395 1913 1432 tra

261 1467 292 1511 li
315 1466 437 1524 quali
460 1479 603 1523 penso
625 1465 638 1492 f
673 1465 758 1508 che
780 1463 822 1507 ci
844 1463 911 1507 sia
933 1463 1097 1507 alcuna
1119 1461 1344 1507 necessita
1372 1469 1412 1519 ‘5
1437 1470 1484 1507 et
1513 1462 1559 1506 in
1593 1471 1722 1507 tanto
1756 1466 1841 1509 che
1874 1465 1911 1508 si

257 1551 398 1589 tratta
419 1545 476 1588 de
503 1541 698 1599 collegio
730 1557 823 1585 non
851 1541 1045 1585 sarebbe
1073 1540 1228 1583 buono
1260 1539 1452 1585 alterare
1484 1548 1648 1596 questo
1686 1541 1907 1598 principe.

259 1624 327 1667 La
349 1620 614 1665 risolutione
637 1621 704 1674 fu,
732 1618 896 1671 Padre,
923 1619 1008 1662 che
1026 1619 1141 1661 Mro.
1163 1616 1368 1661 Antonio
1385 1617 1424 1660 si
1441 1621 1658 1662 contento
1677 1620 1763 1663 che
1780 1634 1904 1663 man—

260 1699 434 1743 dasimo
458 1698 488 1741 11
512 1700 564 1742 P.
593 1696 902 1741 Maximiliano
925 1695 939 1715 ²
965 1709 990 1738 a
1014 1693 1274 1751 Moguntia,
1300 1708 1349 1739 se
1371 1694 1435 1738 lui
1453 1695 1497 1739 lo
1514 1695 1785 1751 dimandasi,
1805 1710 1912 1753 per-

245 1777 347 1821 fehe
375 1774 556 1833 puotria
584 1775 723 1819 esser’
756 1774 861 1830 (non
893 1770 1158 1815 trouandosi
1191 1770 1358 1829 meglio
1391 1771 1422 1814 li
1455 1772 1598 1816 nostri
1632 1772 1678 1816 in
1711 1773 1907 1828 Treuiri,

259 1855 384 1899 doue
406 1853 428 1897 ὲ
453 1859 601 1896 morto
624 1866 685 1893 vn
709 1850 857 1894 Padre
880 1848 926 1892 di
945 1848 1087 1905 peste)
1112 1849 1198 1891 che
1222 1863 1310 1892 vno
1332 1848 1378 1892 di
1402 1849 1541 1905 quelli
1564 1850 1768 1907 theologi
1797 1865 1910 1894 con-

264 1931 423 1977 uenesi
445 1928 634 1973 ritirarsi
657 1943 682 1971 a
705 1926 962 1984 Moguntia.
990 1927 1048 1968 Et
1069 1927 1222 1968 tamen
1242 1925 1274 1969 il
1297 1927 1350 1970 P.
1378 1926 1686 1971 Maximiliano
1710 1928 1733 1971 ὲ
1756 1928 1907 1973 deter-

261 2008 434 2052 minato
456 2014 502 2051 et
524 2010 759 2063 promesso
783 2003 858 2061 gia
882 2001 1038 2046 auanti
1064 2017 1091 2046 a
1117 2002 1386 2060 monsignor
1413 2002 1459 2046 di
1491 2003 1674 2061 Lieggi,
1711 2019 1791 2062 per
1823 2006 1907 2049 far'

259 2101 323 2129 vn
344 2083 566 2143 principio
588 2083 635 2125 in
656 2088 820 2138 questo
842 2079 1056 2137 collegio,
1082 2085 1151 2124 tra
1171 2086 1299 2124 tanto
1327 2082 1412 2125 che
1434 2095 1649 2137 vengono
1672 2080 1702 2124 li
1733 2082 1905 2136 mastri,

258 2163 291 2206 il
312 2164 399 2207 che
420 2177 500 2218 per
523 2167 676 2217 presto
699 2161 785 2202 che
807 2158 888 2210 sia,
914 2171 1007 2200 non
1034 2170 1228 2201 verrano
1250 2157 1404 2202 auanti
1432 2159 1477 2201 d’
1512 2172 1574 2200 un
1603 2172 1740 2211 anno,
1774 2172 1908 2204 come

259 2253 476 2297 pensan03
503 2245 549 2282 et
570 2236 683 2289 cosi,
709 2233 839 2279 come
859 2234 976 2279 vede
997 2234 1040 2278 la
1063 2235 1116 2278 P.
1142 2234 1223 2291 V.,
1246 2233 1389 2278 siamo
1405 2234 1511 2279 stati
1530 2234 1690 2278 sorzati
1706 2242 1910 2291 promet-

258 2323 330 2361 ter
353 2330 378 2358 a
401 2317 516 2359 Mro.
544 2311 869 2365 Maximiliano,
899 2325 949 2354 se
979 2324 1067 2368 pur
1086 2310 1131 2354 lo
1163 2309 1428 2356 dimandarzi
1456 2310 1495 2365 ¹²,
1522 2313 1637 2355 Mro.
1679 2312 1904 2366 Antonio,

258 2407 393 2437 come
414 2392 474 2435 ho
497 2391 637 2435 detto.
666 2391 723 2432 Et
755 2387 988 2445 pensiamo
1009 2389 1188 2443 puoter'
1214 2391 1447 2434 trattener'
1472 2387 1503 2431 il
1527 2403 1744 2441 vescouo,
1769 2388 1905 2433 insin'

264 2485 292 2513 a
314 2476 442 2527 tanto
464 2469 550 2512 che
572 2468 615 2509 la
639 2468 692 2510 P.
720 2466 777 2510 V.
802 2463 956 2508 mandi
977 2479 1039 2508 vn
1061 2465 1277 2522 theologo
1299 2466 1357 2509 da
1379 2467 1524 2509 Roma
1545 2480 1626 2522 per
1654 2466 1830 2522 legger’
1860 2466 1908 2511 in

265 2544 510 2603 Moguntia
531 2542 777 2600 theologia,
802 2541 833 2584 il
855 2542 989 2597 quale
1010 2540 1072 2584 mi
1099 2542 1160 2585 ha
1186 2541 1263 2599 gia
1296 2557 1530 2599 promesso
1561 2543 1604 2585 la
1637 2544 1690 2586 P.
1728 2544 1785 2587 V.
1826 2557 1910 2600 per

334 2689 355 2710 a
399 2680 587 2728 Sequitur
601 2679 662 2715 lui
681 2678 932 2715 obliteratum
949 2688 972 2712 a
988 2675 1076 2713 libr.
1092 2677 1149 2704 -b
1176 2676 1363 2725 Sequitur
1381 2678 1443 2713 lui
1461 2678 1713 2714 obliteratum
1727 2689 1750 2714 a
1766 2677 1907 2715 libr.—

260 2748 279 2769 0
297 2740 483 2788 Sequitur
506 2739 623 2775 molti
647 2737 900 2774 obliteratum
924 2747 946 2771 a
970 2736 1057 2772 libr.
1077 2735 1132 2764 -d
1154 2744 1175 2771 2
1199 2737 1321 2774 verba
1345 2749 1454 2785 seqq.
1483 2749 1599 2784 supra
1624 2748 1727 2773 vers.
1754 2737 1908 2774 addidit

253 2799 418 2836 libr.-e
443 2807 488 2835 10
514 2800 636 2835 verba
659 2809 769 2845 seqq.
795 2797 836 2832 in
858 2806 981 2842 marg.
1008 2794 1159 2832 addidit
1182 2795 1340 2832 libr.-r
1360 2796 1622 2832 Emendatum
1647 2808 1670 2832 a
1695 2796 1783 2833 libr.
1805 2809 1855 2833 ex
1871 2797 1908 2833 si

252 2862 445 2895 tama-11
458 2857 720 2894 Emendatum
745 2867 795 2893 ex
819 2855 895 2892 alio
913 2855 1036 2891 verbo
1060 2866 1218 2902 prorsus
1235 2855 1458 2892 delet0.-h
1479 2865 1500 2891 2
1520 2857 1640 2892 verba
1658 2867 1767 2904 seqq.
1789 2867 1910 2904 supra.

257 2929 362 2954 vers.
382 2917 533 2953 addidit
551 2917 641 2953 libr.

333 3037 344 3058 ¹
395 3035 595 3072 Gerardus
615 3047 691 3071 van
709 3034 953 3071 Groesbeck.

334 3097 350 3118 ²
401 3094 689 3131 Maximilianus
709 3106 731 3130 a
749 3094 910 3141 Capella
926 3091 1163 3140 (Chapelle).
