2228 3548
0 2487 12 2571 “ww-¹
0 2382 5 2464 ⁷⁸³⁴
0 2316 3 2350 *<

0 2864 8 2919 ηιμ,
0 2813 10 2855 ιν.
0 2741 12 2798 m...
9 2691 11 2698 ,

877 273 920 310 13
946 273 1117 310 Arruns
1145 273 1236 319 1566
1777 277 1826 314 63

991 392 1113 434 3²8

675 467 728 509 Ρ.
764 465 1179 510 HIERONYMUS
1210 466 1429 510 NADAL

565 540 810 580 SANCTO
844 540 1195 580 FRANCISCO
1230 542 1308 578 DE
1342 541 1540 590 BORJA

743 616 958 653 DILINGAE,
977 606 1020 644 13
1036 615 1199 644 APR1L1s
1218 607 1310 653 1566
1331 610 1355 643 ¹.

233 681 271 709 ι.
297 672 389 719 Quo
418 674 537 720 pacto
566 672 849 709 lustrationem
877 673 1040 721 collegii
1071 673 1235 731 incepit.
1247 683 1332 709 —2.
1376 673 1573 718 Ordinem
1612 675 1871 723 inspectionis

277 734 528 769 caeterorum
557 732 822 779 collegiorum
841 733 1146 780 proponit.-—3.
1177 733 1227 768 P.
1251 733 1483 770 Hermetem
1501 735 1727 782 Halpawer
1747 734 1869 773 Oeni-

272 795 394 840 ponte
407 792 491 827 alio
509 791 736 839 transferre
753 794 790 828 et
808 792 975 840 reginae
993 791 1251 840 Margaritae
1264 792 1503 830 reluctantis
1519 795 1681 831 veniam
1694 795 1870 833 obtinere

278 850 448 898 satagit.

356 929 393 960 1.
452 917 584 974 Jhus.
612 917 724 972 Muy
746 917 858 960 Rdo.
898 916 1046 960 Padre
1082 923 1270 962 nuestro
1290 931 1348 960 en
1384 918 1584 963 Christo.
1611 921 1708 964 Pax
1731 921 1868 965 Chri-

230 993 290 1038 sti
315 1000 405 1037 etc.
437 991 616 1037 Viendo
645 1007 734 1048 que
760 1008 818 1038 en
845 994 889 1037 la
918 992 1041 1036 dieta
1061 1007 1121 1036 no
1138 1007 1187 1037 se
1219 997 1402 1037 trataria
1430 1009 1537 1039 cosa
1558 996 1612 1039 de
1640 998 1867 1055 religione

229 1074 375 1131 (como
396 1087 452 1117 en
475 1073 519 1116 13
536 1079 636 1116 otra
649 1070 836 1116 'escriuo
857 1075 884 1114 3
905 1073 963 1116 V.
991 1071 1043 1126 P)
1066 1071 1100 1123 ²,
1123 1085 1154 1127 y
1175 1069 1334 1115 siendo
1355 1072 1620 1117 certifieado
1643 1075 1774 1119 desto
1790 1076 1865 1121 del

232 1153 363 1195 Rmo.
388 1150 569 1207 legado,
595 1148 860 1200 determine,
892 1148 1084 1205 passada
1105 1148 1148 1191 13
1172 1147 1288 1192 furia
1309 1149 1367 1193 de
1390 1149 1456 1192 las
1477 1151 1786 1196 confessiones
1807 1154 1866 1198 de

231 1229 275 1272 13
295 1242 480 1273 semana
497 1233 642 1279 santa,
662 1225 790 1282 pedir
806 1229 833 1268 3
850 1225 917 1270 Su
933 1225 1044 1270 851⁸
1064 1225 1206 1269 Illma.
1233 1224 1423 1270 licencia
1444 1226 1501 1271 de
1517 1227 1646 1271 venir
1662 1232 1689 1272 3
1705 1228 1866 1273 uisitar

232 1312 330 1351 este
350 1303 560 1361 collegio,
590 1303 632 1347 el
655 1303 762 1358 qual
788 1302 979 1346 estando
1009 1309 1086 1346 tan
1114 1316 1245 1346 cerea
1273 1303 1330 1347 de
1358 1303 1590 1360 Augusta,
1615 1308 1734 1350 seria
1761 1306 1867 1350 feeil

231 1397 337 1427 cosa
356 1381 617 1425 mandarme
654 1380 826 1432 llamar,
851 1378 890 1422 si
916 1393 998 1435 por
1021 1386 1215 1424 uentura
1235 1393 1286 1424 se
1314 1387 1465 1424 tocase
1502 1381 1644 1438 algt'm
1672 1390 1818 1439 punto
1841 1388 1869 1428 ὀ

228 1474 335 1504 cosa
357 1474 414 1504 en
436 1458 480 1501 la
499 1457 636 1510 dieta,
661 1471 719 1501 en
742 1471 831 1512 que
848 1470 906 1513 yo
928 1455 1118 1513 pudiese
1144 1456 1304 1501 seruir.
1326 1457 1393 1502 Su
1422 1458 1532 1503 ΞΜ·
1559 1459 1702 1503 Illma.
1728 1474 1801 1505 me
1825 1462 1869 1504 13

229 1536 448 1581 concedio
468 1536 510 1579 el
534 1536 603 1579 2.⁰
624 1535 698 1578 dia
719 1534 776 1579 de
798 1547 980 1590 pascua,
1006 1549 1036 1590 y
1058 1537 1155 1578 ansi
1178 1533 1284 1579 vine
1305 1538 1410 1591 aqui
1431 1535 1473 1579 el
1492 1537 1561 1591 3.⁰
1584 1537 1658 1581 He
1675 1551 1867 1583 comen-

228 1615 357 1671 cado‚
383 1628 473 1658 con
494 1614 537 1657 13
553 1612 708 1656 diuina
730 1610 899 1669 gracia,
925 1615 951 1656 3
978 1611 1136 1655 hablar
1162 1625 1249 1655 000
1277 1611 1345 1655 los
1368 1613 1539 1656 Padres
1566 1614 1695 1660 deste
1723 1616 1864 1660 colle—

229 1692 323 1750 gio,
348 1695 375 1735 3
389 1693 526 1735 hazer
542 1691 608 1734 las
624 1688 969 1735 exhortaciones
984 1703 1114 1732 como
1135 1694 1157 1716 ³
1183 1689 1310 1741 solia,
1330 1703 1387 1732 en
1404 1691 1674 1747 compendio
1697 1695 1863 1747 tamen,

230 1785 261 1828 y
282 1770 440 1827 pienso
461 1767 617 1812 anadir
644 1768 688 1811 lo
710 1780 799 1824 que
825 1765 937 1810 Dios
964 1773 1150 1810 nuestro
1179 1766 1328 1811 Sefior
1355 1781 1427 1810 me
1454 1767 1593 1821 diere,
1618 1784 1649 1825 y
1670 1770 1865 1826 special-

232 1854 384 1891 mente
404 1846 458 1889 de
478 1846 571 1889 zelo
586 1845 869 1896 animarum,
891 1847 1013 1899 quan
1030 1842 1211 1899 proprio
1227 1857 1257 1899 y
1273 1843 1576 1889 conueniente
1587 1860 1665 1891 sea
1681 1850 1707 1890 3
1724 1861 1866 1891 nues-

232 1932 304 1968 tro
326 1923 534 1967 instituto
555 1924 570 1944 ³
594 1929 682 1965 etc.
718 1923 806 1966 Las
833 1935 964 1964 cosas
991 1919 1262 1963 domesticas
1285 1934 1374 1976 que
1394 1928 1523 1966 entre
1546 1930 1759 1967 nosotros
1782 1938 1867 1981 po-

230 2002 340 2045 dran
377 1999 702 2046 determinarse
737 1998 956 2041 ordenare
994 1999 1114 2052 aqui,
1146 2010 1232 2040 con
1261 1997 1303 2041 13
1324 1998 1478 2054 gracia
1510 1999 1583 2044 del
1611 2000 1774 2045 Sefior:
1800 2002 1868 2045 las

228 2079 385 2123 demas
420 2084 632 2122 externas
668 2090 698 2132 y
735 2089 824 2130 que
862 2081 996 2117 tocan
1032 2077 1058 2116 3
1093 2074 1136 2116 13
1171 2073 1462 2118 vniuersidad
1484 2075 1504 2102 b
1530 2091 1561 2131 y
1597 2077 1793 2134 collegio
1811 2079 1869 2122 de

231 2157 300 2201 S.t
338 2153 620 2209 Hieronymo
639 2154 805 2195 tratare
826 2165 913 2195 000
930 2151 972 2195 el
994 2151 1125 2194 Rmo.
1149 2151 1206 2194 de
1223 2151 1453 2208 Augusta,
1486 2154 1709 2197 tornando
1731 2158 1757 2197 3
1780 2155 1869 2199 ella

230 2247 317 2276 con
339 2231 381 2275 el
416 2236 574 2284 rett0r‚
599 2244 630 2285 y
665 2229 913 2274 entendera
948 2242 1007 2271 en
1028 2227 1116 2272 ello
1141 2241 1228 2271 000
1265 2235 1476 2272 nosotros
1499 2229 1788 2285 juntamente
1825 2231 1868 2274 el

233 2312 288 2354 Ρ.
314 2307 498 2353 Canisio
521 2307 556 2351 ⁴.

303 2454 324 2476 ⁸
344 2414 439 2482 vHoc
456 2444 572 2480 verb.
596 2442 649 2478 N.
673 2453 787 2489 supra
807 2451 913 2476 vers.
938 2438 1102 2487 addidit,
1119 2439 1250 2476 deleto
1267 2452 1355 2487 que,
1375 2441 1478 2489 quod
1495 2442 1704 2490 scripserat
1722 2443 1812 2480 libr.
1833 2466 1863 2470 -

233 2508 255 2535 b
291 2515 312 2551 5
329 2506 451 2541 verba
468 2515 576 2551 seqq.
602 2513 624 2538 a
649 2501 742 2538 libr.
772 2511 887 2547 supra
911 2510 1013 2535 vers.
1039 2504 1131 2536 sunt
1153 2499 1302 2536 addita.

306 2621 318 2643 ¹
367 2619 427 2655 Ex
441 2617 667 2663 archetypo,
676 2626 698 2650 3
712 2613 890 2660 Jimenez
904 2617 1078 2660 exarato,
1087 2618 1128 2648 et
1141 2613 1292 2650 Natalis
1305 2625 1421 2650 manu
1436 2614 1671 2662 subscripto,
1681 2615 1721 2650 in
1736 2616 1866 2663 Epist.

233 2679 396 2721 Natal.,
412 2678 465 2723 11,
478 2675 624 2723 duplici
637 2674 690 2711 fol
702 2701 728 2722 .,
749 2682 763 2709 1
773 2672 815 2709 18
829 2675 947 2718 (119).
967 2673 1076 2708 Haec
1088 2673 1267 2720 epistola,
1282 2679 1325 2710 ut
1342 2674 1596 2721 praecedens,
1611 2674 1701 2710 data
1714 2674 1789 2711 fuit
1804 2675 1868 2712 die

234 2738 277 2775 13
296 2737 455 2786 Aprilis.
471 2735 573 2772 Vide
590 2739 727 2771 annot.
755 2742 771 2769 1
792 2732 983 2780 epistolae
999 2730 1083 2777 375.
1275 2735 1289 2756 2
1340 2733 1442 2769 Vide
1459 2734 1575 2781 epist.
1594 2733 1677 2780 375,
1699 2746 1739 2770 n.
1759 2733 1796 2770 3.

303 2799 318 2819 ⁵
368 2794 670 2832 Adhortationes
694 2793 847 2840 aliquae
871 2790 998 2827 Patris
1022 2790 1160 2832 NadaI,
1180 2791 1320 2839 partim
1346 2794 1628 2840 autographae,
1659 2794 1801 2840 partim
1827 2794 1872 2831 in

232 2854 485 2902 transumptis
502 2857 767 2890 asservantur.
786 2852 847 2887 De
865 2850 942 2902 illis
960 2860 1031 2886 suo
1048 2850 1147 2898 loco,
1168 2851 1255 2887 Deo
1274 2850 1454 2898 juvante,
1473 2852 1663 2888 dicemus.

303 2917 318 2937 ⁴
367 2915 428 2950 De
445 2913 613 2959 collegio
625 2917 666 2948 et
684 2910 942 2948 universitate
959 2909 1142 2956 Dilingae
1161 2911 1282 2947 multa
1294 2912 1417 2947 habes
1435 2911 1476 2947 in
1490 2911 1620 2959 Epist.
1636 2911 1793 2953 Natal.,
1809 2913 1864 2949 11.

232 2975 294 3010 De
311 2975 384 3010 hae
401 2978 532 3009 autem
546 2971 696 3007 Natalis
714 2970 958 3018 inspectione
976 2967 1133 3015 scripsit
1145 2969 1412 3006 Theudoricus
1426 2969 1608 3007 Canisius
1627 2961 1794 3018 Borgiae
1809 2983 1869 3017 ea,

232 3044 334 3081 quae
361 3031 401 3068 in
419 3031 589 3080 append.
612 3031 648 3066 X
665 3030 781 3076 hujus
805 3028 1016 3065 voluminis
1041 3028 1253 3066 habentur.
1269 3028 1377 3074 ,Vide
1404 3029 1521 3067 etiam
1547 3030 1699 3066 litteras
1722 3042 1872 3066 annuas

235 3091 434 3140 Dilingae,
453 3091 625 3140 append.
648 3090 774 3143 XXII.
