2228 3548
924 255 971 294 29
996 246 1098 292 MAJi
1125 244 1217 294 1566
1764 239 1832 291 153

198 333 202 335 “
251 347 618 398 Familiarissime
639 355 872 408 praeterea
893 357 1088 409 egerunt
1109 348 1335 408 principes
1362 349 1583 394 electores
1604 361 1709 392 cum
1728 346 1874 391 Illmo.

251 427 422 486 legato.
447 429 604 485 Itaque
625 428 806 474 uidetur
822 429 964 486 janua
984 443 1085 474 esse
1111 434 1268 486 aperta
1289 427 1347 472 ad
1369 440 1587 485 magnum
1608 427 1808 469 fructum
1828 422 1876 467 in

252 504 497 550 Germania
512 506 850 564 percipiendum
870 522 927 552 ex
948 505 1197 559 catholicis,
1220 505 1267 549 in
1289 505 1491 559 Christo;
1515 504 1666 556 modo,
1690 508 1743 547 ut
1769 515 1876 546 coe-

252 589 380 642 ptum
402 590 471 629 est
491 583 583 642 agi,
606 598 773 642 magna
799 598 904 628 cum
926 584 1145 629 charitate
1166 590 1212 629 et
1231 582 1555 635 moderatione,
1579 595 1748 639 magna
1774 578 1876 624 ani-

251 675 427 705 morum
446 661 707 719 integritate
728 668 862 718 atque
884 661 1120 717 industria,
1139 661 1203 705 ita
1216 667 1379 718 pergat
1399 658 1711 704 sanctissimus
1726 656 1873 702 domi-

249 753 338 783 nus
357 746 511 784 noster
532 754 669 797 agere
689 755 768 797 per
790 754 896 784 suos
922 739 1100 797 legatos
1120 745 1165 784 et
1193 738 1392 782 nuntios.
1424 738 1515 783 Sed
1542 735 1696 792 dehis
1718 735 1871 788 rebus,

246 816 460 876 proximis
481 817 657 871 litteris,
682 819 781 863 Deo
802 817 936 872 duce,
961 817 1107 862 fusius
1127 823 1173 861 et
1189 815 1440 862 dissertius.

335 909 377 951 3.
443 895 707 940 Publicatus
727 910 818 939 non
841 902 910 940 est
937 896 1086 940 adhuc
1113 909 1335 948 recessus,
1365 893 1486 951 quod
1512 893 1590 938 fiet
1614 899 1766 936 tamen
1785 892 1872 934 hoe

243 973 382 1018 biduo
402 973 478 1017 uel
499 973 662 1017 triduo.
687 973 1007 1018 Discesserunt
1025 974 1117 1018 fere
1137 973 1225 1016 iam
1248 971 1474 1030 principes
1495 986 1668 1016 omnes.
1693 969 1874 1014 Disces-

243 1051 302 1096 sit
321 1051 417 1097 heri
438 1065 570 1095 mane
590 1051 822 1109 Dilingam
844 1053 1001 1096 Rmus.
1027 1050 1268 1095 cardinalis
1289 1056 1575 1107 augustanus
1606 1050 1635 1091 ¹.
1663 1045 1870 1104 Vesperi,

243 1128 290 1173 in
304 1129 517 1186 oppidum
534 1130 760 1186 quoddam
777 1128 997 1182 eiusdem,
1015 1129 1180 1172 Illmus.
1201 1129 1395 1185 legatus.
1416 1128 1494 1171 Ille
1516 1125 1801 1183 tempestiue,
1822 1130 1873 1168 ut

244 1214 373 1265 paret
402 1207 645 1264 hospitium
682 1206 960 1265 principibus
995 1205 1289 1259 electoribus,
1315 1204 1585 1263 moguntino
1606 1205 1640 1257 ³,
1664 1211 1709 1248 et
1732 1202 1873 1246 treui-

244 1284 364 1330 rensi
387 1286 420 1341 ³,
446 1291 542 1329 turn
558 1285 700 1329 Illmo.
725 1285 880 1342 legato
902 1291 949 1329 et
970 1284 1309 1342 archiepiscopo
1326 1282 1674 1328 cameracensi‘.
1700 1282 1869 1325 Illmus.

242 1368 391 1407 tamen
413 1363 608 1420 legatus,
633 1362 808 1418 aliquot
827 1362 1005 1416 diebus,
1030 1361 1077 1406 in
1098 1376 1182 1406 suo
1200 1361 1384 1419 oppido,
1403 1360 1527 1404 dabit
1544 1374 1725 1418 operam
1748 1359 1873 1402 vale-

241 1439 385 1485 tudini
407 1440 648 1493 curandae,
669 1454 760 1496 qua
776 1439 919 1483 utitur
942 1439 1084 1493 tenui,
1105 1454 1197 1483 non
1213 1438 1403 1483 dubium
1420 1438 1530 1496 quin
1546 1444 1728 1496 propter
1743 1437 1872 1480 labo-

238 1532 310 1563 res
331 1517 611 1571 immodicos,
635 1532 750 1575 quos
774 1517 1017 1575 insumpsit
1039 1518 1085 1562 in
1106 1517 1390 1575 grauissimis
1410 1516 1623 1575 negotiis,
1644 1530 1762 1573 quae
1779 1522 1871 1559 tra-

238 1595 381 1640 ctauit
401 1595 447 1639 in
468 1595 540 1640 his
563 1595 775 1653 comitijs.

327 1685 371 1728 4.
436 1674 642 1731 Accepta
662 1673 879 1719 facultate
907 1674 964 1718 ab
991 1674 1133 1718 Illmo.
1155 1674 1325 1731 legato,
1346 1675 1400 1718 P.
1432 1673 1644 1719 Canisius
1665 1673 1872 1718 discessit

239 1750 374 1795 hodie
411 1751 738 1808 Oenipontum,
784 1752 842 1796 ad
877 1751 1114 1809 negotium
1147 1751 1259 1795 illud
1295 1751 1643 1810 expediendum,
1683 1753 1740 1797 de
1781 1766 1872 1808 quo

240 1827 399 1886 scripsi
420 1830 474 1872 Ρ.
499 1830 558 1873 V.
581 1829 838 1886 praeteritis
860 1829 1037 1875 litteris.
1065 1831 1165 1887 Ego
1186 1830 1381 1874 crastina
1403 1830 1478 1876 die
1513 1830 1742 1876 discedam
1771 1831 1872 1876 Mo-

241 1905 469 1959 nachium,
494 1906 678 1951 Christo
700 1908 832 1951 duce.
860 1909 914 1951 P.
955 1907 1221 1952 Ledesimus
1244 1910 1259 1931 ⁵
1281 1915 1383 1965 post
1411 1909 1525 1953 duas
1546 1909 1868 1962 hebdomadaS,

237 1997 342 2027 cum
366 1984 418 2027 P.
445 1985 637 2041 Vanega
658 1986 693 2039 ⁶,
718 1984 795 2043 [et]
818 1999 922 2029 cum
946 1985 1088 2029 Illmo.
1109 1986 1262 2043 legato
1283 1986 1365 2030 ibit
1386 1986 1433 2030 in
1454 1986 1627 2031 Italiam
1653 1994 1690 2030 ²².

325 2070 365 2116 5.
432 2062 485 2104 El
508 2063 562 2105 P.
593 2060 815 2106 Ximenez
845 2070 915 2106 sta
937 2062 1093 2117 meior;
1118 2078 1216 2108 mas
1244 2065 1363 2109 anda
1389 2065 1446 2109 de
1469 2065 1530 2109 tal
1558 2079 1756 2119 manera,
1781 2079 1870 2122 que

235 2152 295 2181 no
311 2153 384 2184 me
404 2140 556 2182 confio
572 2153 645 2183 me
662 2141 812 2196 pueda
828 2142 996 2184 mucho
1013 2141 1187 2198 aiudar;
1206 2141 1339 2199 quiea
1355 2145 1546 2200 pensare
1563 2143 1620 2187 de
1638 2141 1867 2196 embiarle,

235 2215 273 2259 si
295 2230 354 2260 no
375 2231 449 2261 me
468 2230 623 2262 cresce
645 2221 742 2261 mas
763 2218 806 2261 la
827 2233 1047 2275 speranca
1068 2219 1127 2264 de
1147 2234 1201 2264 su
1225 2219 1608 2266 conualescentia.
1641 2221 1695 2264 El
1724 2221 1871 2266 Sefior

234 2307 312 2338 sea
333 2307 420 2337 con
455 2301 677 2338 nosotros.
725 2295 825 2339 Ora
855 2300 945 2352 pro
982 2297 1123 2351 nobis,
1161 2299 1321 2342 Pater.
1361 2300 1432 2343 De
1469 2299 1702 2356 Augusta,
1734 2310 1790 2356 29
1811 2298 1869 2343 de

238 2371 372 2428 Mayo
400 2371 526 2426 1566.
550 2372 622 2415 De
643 2373 701 2416 V.
728 2373 782 2416 P.
808 2387 943 2417 seruo
964 2389 1022 2418 en
1044 2373 1147 2428 X.⁰,

1318 2459 1348 2518 †
1379 2461 1569 2504 NADAL.
1605 2459 1635 2517 †

320 2606 566 2662 Inscriptio
603 2607 654 2649 in
690 2610 859 2662 quarta
890 2608 1097 2664 pagina:
1131 2610 1258 2666 jhus.
1301 2609 1562 2653 Admodum
1585 2609 1700 2652 Rdo.
1743 2608 1868 2652 Patri

231 2688 389 2726 nostro
410 2682 458 2726 in
480 2683 664 2728 Christo
685 2683 928 2728 Francisco
950 2699 976 2730 a
1006 2684 1190 2742 Borgia,
1214 2685 1460 2733 Societatis
1477 2689 1589 2745 Jesu
1611 2685 1868 2744 praeposito

299 2850 321 2872 ⁸
357 2843 432 2880 Hic
449 2845 595 2883 desinit
612 2859 750 2884 manus
769 2848 1008 2885 Wendelini.
1029 2849 1209 2897 Reliqua,
1229 2850 1380 2887 Natalis
1400 2862 1516 2886 manu
1534 2835 1680 2898 scripta
1704 2854 1814 2886 sunt.

302 2966 314 2986 ί
363 2963 459 3001 Otto
471 2965 689 3003 Truchsess
702 2967 751 3004 de
767 2968 1000 3016 Waldburg.
1051 2972 1065 2992 ²
1116 2969 1257 3007 Daniel
1274 2971 1442 3008 Brendel
1462 2972 1510 3007 ab
1528 2971 1750 3018 Homburg.

302 3023 316 3044 ³
365 3024 535 3069 Joannes
553 3036 630 3062 von
646 3026 716 3062 der
730 3027 879 3074 Leyen.
1052 3031 1068 3051 ⁴
1115 3029 1400 3067 Maximilianus
1413 3030 1462 3067 de
1476 3030 1658 3067 Walhain
1671 3029 1856 3078 (Bergis).

256 3131 259 3134 Ι
304 3083 319 3104 ⁵
367 3083 537 3129 Jacobus
555 3084 762 3123 Ledesma.
1054 3086 1070 3110 ⁶
1118 3089 1282 3130 Michael
1300 3091 1498 3138 Vanegas.
