2228 3548
421 278 489 311 220
932 270 1069 306 Ems'r.
1097 270 1142 305 P.
1173 269 1445 315 NADAL-427

372 380 429 422 V.
463 379 535 428 R.,
566 388 696 418 come
723 374 868 417 anche
905 378 1075 428 quanto
1113 371 1155 414 al
1183 378 1325 415 rettor
1352 370 1398 414 di
1434 370 1614 416 Vienna
1654 372 1683 424 ¹,
1713 377 1760 414 et
1781 371 1872 428 agl'
1903 371 2005 415 altri

370 452 569 510 soggetti
591 453 676 495 che
697 450 743 493 di
764 451 807 493 la
828 456 1007 502 stanno,
1033 454 1078 491 et
1100 447 1145 491 di
1168 462 1258 503 qua
1279 447 1316 491 si
1333 448 1586 491 mandorno
1607 446 1737 501 hieri,
1762 449 1847 492 ch'e
1867 450 2003 492 furno

369 529 531 586 questi:
572 529 606 571 Il
645 529 697 571 Ρ.
736 524 963 583 Gregorio
999 526 1033 579 ³,
1075 526 1127 569 P.
1169 524 1372 581 Georgio
1407 526 1442 578 ³,
1483 526 1535 568 P.
1575 524 1770 570 Michael
1792 524 1936 569 Mario
1965 526 1997 579 ⁴,

368 610 502 651 Mtro.
535 604 801 648 Hieronimo
831 609 1108 656 treuerense,
1148 603 1232 645 che
1264 616 1323 645 ua
1351 602 1436 645 alla
1472 601 1698 658 prouintia
1724 602 1797 646 del
1820 603 1997 658 Rheno,

369 683 520 727 Pietro
547 681 827 735 louaniense,
855 679 1031 738 Jacobo
1068 679 1286 735 spirense,
1321 681 1499 737 Joanne
1534 679 1690 736 anglo,
1722 680 2000 724 Alessandro

365 775 549 813 saxone,
570 759 831 814 Xpophoro.
854 757 1056 801 tudesco.
1077 758 1135 799 Et
1150 757 1316 813 perche
1333 756 1371 799 si
1387 756 1534 800 amalo
1554 756 1600 799 di
1623 757 1748 800 febre
1768 756 1815 799 in
1832 758 1999 801 Loreto

366 837 397 879 il
416 839 468 879 P.
494 836 676 880 Giouan
692 835 864 892 Jacobo
888 836 1031 877 Basso
1056 835 1087 887 ⁵,
1118 833 1156 876 si
1185 834 1350 877 mando
1379 833 1424 876 di
1452 835 1597 877 Roma
1622 832 1669 876 in
1691 844 1775 877 suo
1801 834 1903 877 loco
1920 836 2000 892 Ja-

363 914 482 957 cobo
512 913 753 969 ginouese;
785 926 870 967 pur
898 911 939 954 al
971 926 1125 967 passar
1152 925 1233 967 per
1260 912 1446 963 Loreto,
1487 925 1536 954 se
1571 910 1610 954 si
1637 917 1768 954 troua
1802 912 1888 955 che
1915 911 2002 955 stia

362 991 478 1035 bene
519 991 644 1034 detto
687 989 871 1033 Giouan
912 988 1085 1046 Jacobo
1108 1022 1116 1042 ,
1169 987 1233 1031 lui
1276 989 1445 1032 andara
1466 1022 1476 1041 ,
1521 994 1567 1032 et
1614 989 1786 1031 restara
1827 988 1999 1046 jacobo

362 1066 625 1125 [geno]uese
652 1074 688 1109 a·
721 1068 824 1110 Non
861 1066 900 1109 si
935 1066 1100 1110 manda
1127 1066 1356 1123 Volfango
1393 1067 1589 1111 bohemo
1616 1067 1631 1088 ⁶
1659 1065 1808 1109 insino
1830 1080 1856 1109 a
1889 1066 1999 1110 satta

363 1160 550 1201 pasqua,
576 1146 742 1200 perche
765 1144 821 1187 al’
863 1145 971 1187 hora
1009 1143 1086 1201 gia
1120 1146 1221 1187 sara
1258 1145 1509 1196 sacerdote,
1533 1149 1580 1187 et
1600 1144 1771 1187 hauera
1798 1142 1996 1187 studiato

362 1229 485 1265 certe
503 1236 607 1266 cose
629 1221 674 1263 di
696 1221 774 1277 piu
796 1236 821 1264 a
844 1235 927 1264 suo
948 1220 1195 1278 proposito.
1223 1221 1503 1264 Alessandro
1525 1235 1698 1265 saxone
1722 1222 1736 1242 ⁷
1767 1219 1805 1263 si
1830 1221 1995 1264 manda

362 1299 409 1341 in
431 1299 491 1341 tal
514 1299 667 1352 modo,
692 1299 792 1352 che,
833 1298 1015 1354 quando
1031 1312 1123 1342 non
1139 1296 1176 1340 si
1199 1297 1438 1354 diportassi
1460 1311 1588 1340 come
1609 1296 1847 1351 conuiene,
1873 1299 1993 1341 stara

362 1375 408 1418 in
431 1390 564 1418 mano
587 1375 631 1418 di
655 1376 710 1419 V.
739 1377 792 1418 R.
813 1374 1086 1428 licenciarlo,
1110 1375 1287 1418 benche
1310 1374 1373 1417 lui
1395 1382 1598 1431 promete
1619 1374 1751 1417 assai.

452 1465 493 1495 2.
558 1454 604 1497 S’
630 1454 655 1495 e
677 1453 862 1509 agionto
884 1468 910 1496 a
931 1453 994 1509 gl'
1019 1452 1120 1496 altri
1142 1452 1313 1496 Mathia
1335 1452 1611 1506 coloniense,
1635 1453 1721 1496 che
1742 1452 1767 1495 e
1792 1466 1853 1495 un
1869 1452 1994 1495 buon

362 1529 573 1586 giouane,
604 1538 648 1573 et
678 1530 795 1572 forse
825 1532 952 1586 potra
979 1529 1123 1573 seruir
1149 1530 1268 1573 bene
1295 1530 1351 1572 de
1379 1529 1584 1572 ministro
1611 1543 1638 1572 o
1666 1528 1994 1572 sottoministro

360 1606 405 1648 in
435 1607 627 1661 qualche
655 1606 864 1663 collegio,
899 1621 948 1651 se
975 1607 1018 1651 la
1045 1606 1190 1650 sanita
1226 1606 1317 1663 glie
1354 1607 1397 1649 lo
1435 1613 1686 1662 comporta,
1727 1607 1770 1649 la
1792 1606 1925 1661 quale
1947 1605 1994 1649 in

359 1683 484 1726 Italia
507 1698 597 1726 non
620 1691 758 1726 troua.
786 1685 835 1728 S’
860 1685 884 1727 e
907 1684 1063 1727 scritto
1085 1685 1230 1728 anche
1252 1698 1278 1726 a
1302 1684 1488 1726 Padoua
1509 1683 1644 1726 diano
1666 1685 1802 1728 Mtro.
1829 1683 1994 1727 Carolo

359 1759 525 1803 Vrsino
548 1762 580 1813 ⁸,
606 1760 636 1802 11
659 1762 762 1815 qual
785 1763 919 1804 credo
942 1775 1219 1804 menaranno
1241 1775 1346 1804 seco
1368 1760 1505 1816 quelli
1527 1762 1612 1805 che
1629 1760 1857 1816 partirono
1879 1759 1992 1804 hieri

358 1836 405 1879 di
428 1838 584 1879 Roma.
611 1839 792 1881 Matheo
815 1839 1001 1882 tudesco
1025 1841 1060 1882 s'
1081 1840 1107 1882 e
1128 1837 1300 1891 scritto,
1326 1853 1389 1881 un
1411 1845 1563 1893 tempo
1587 1838 1646 1890 fa,
1671 1838 1715 1880 10
1736 1836 1989 1880 mandassi-

358 1928 417 1956 no
439 1913 483 1956 di
502 1915 656 1968 Sacer,
677 1922 722 1958 et
745 1915 862 1958 forse
884 1930 974 1958 non
998 1916 1176 1959 tardara
1197 1922 1356 1971 troppo
1372 1913 1449 1971 piu
1465 1915 1550 1958 che
1566 1914 1630 1971 gl’
1654 1913 1770 1957 altri.
1792 1913 1841 1958 Si
1859 1916 1987 1969 potra

356 1992 502 2034 anche
530 1990 721 2034 ritenere
744 1991 774 2033 il
797 1993 849 2034 P.
881 1992 1035 2036 Simon
1063 1999 1272 2049 pruteno,
1303 1992 1483 2047 quando
1511 1992 1644 2034 uerra
1670 1990 1714 2033 di
1738 1990 1915 2043 Prusia,
1941 1998 1987 2033 et

356 2068 423 2110 fra
444 2067 507 2110 lui
528 2074 573 2110 et
595 2069 641 2111 M
649 2074 702 2110 .‘0
730 2069 892 2111 Carolo
915 2069 1080 2113 Vrsino
1097 2069 1135 2113 si
1157 2069 1408 2126 prouedera
1429 2069 1567 2111 molto
1589 2069 1707 2111 bene
1728 2081 1808 2124 per
1828 2067 1858 2109 li
1880 2068 1987 2110 duoi

355 2144 475 2187 corsi
504 2146 588 2188 che
626 2146 682 2188 V.
716 2146 764 2188 R.
797 2145 1046 2201 ricercaua,
1081 2154 1126 2191 et
1155 2161 1283 2191 come
1311 2160 1402 2188 non
1431 2147 1467 2188 s'
1500 2146 1525 2188 e
1562 2145 1766 2188 riceuuta
1796 2145 1989 2201 risposta

355 2235 437 2264 sua
459 2228 627 2276 quanto
651 2221 725 2264 alli
748 2223 962 2275 scocessi,
988 2226 1024 2266 s'
1049 2225 1074 2267 e
1098 2224 1208 2267 satta
1230 2230 1389 2280 questa
1421 2222 1651 2275 elettione,
1675 2223 1718 2265 13
1740 2222 1847 2278 qual
1870 2222 1988 2266 forse

353 2299 572 2341 conuerra
595 2297 688 2354 piu,
714 2298 838 2341 accio
859 2299 889 2340 li
917 2300 1110 2344 scocessi
1132 2300 1315 2357 possino
1336 2299 1539 2356 seguitar
1561 2299 1658 2343 suoi
1680 2298 1837 2355 studij.

444 2381 484 2423 3.
550 2368 702 2424 Quelli
731 2380 778 2423 15
798 2371 882 2414 che
899 2372 956 2414 V.
974 2366 1029 2414 R.
1054 2372 1127 2415 uol
1144 2372 1376 2424 mandare,
1396 2370 1630 2428 uenghino
1651 2370 1698 2422 in
1714 2371 1837 2413 buon
1853 2371 1979 2422 hora,

353 2446 436 2487 hor
463 2444 589 2488 siano
616 2460 693 2501 per
723 2446 765 2488 13
787 2447 1064 2502 probatione,
1090 2450 1173 2491 hor
1194 2463 1275 2504 per
1305 2447 1493 2491 studiar.
1518 2447 1553 2490 11
1581 2449 1713 2490 Mtro.
1740 2447 1935 2491 Morales
1964 2448 1979 2468 ⁹

422 2600 443 2621 a
481 2594 568 2628 Duo
586 2594 759 2640 syllabae
777 2593 1045 2631 desiderantur
1063 2596 1129 2632 ubi
1147 2597 1280 2632 charta
1297 2600 1513 2632 atramento
1537 2606 1691 2631 corrosa
1707 2600 1799 2630 est.·

425 2720 436 2740 ¹
486 2718 629 2754 Rector
669 2717 923 2755 Vindobonae
962 2721 1195 2757 constitutus
1229 2726 1312 2757 erat
1350 2722 1398 2757 P.
1438 2719 1638 2756 Emericus
1671 2721 1841 2756 Forsler.
1881 2719 1982 2756 Vide

351 2775 468 2821 epist.
488 2785 573 2823 422,
594 2789 637 2812 n.
666 2785 703 2812 Ι.

422 2838 435 2856 2
487 2836 696 2871 Roseffius.
723 2835 823 2871 Vide
847 2836 966 2883 epist.
988 2839 1072 2884 426.
1281 2841 1295 2861 ³
1345 2839 1483 2875 Bader.
1499 2838 1600 2874 Vide
1619 2838 1734 2885 epist.
1753 2846 1838 2884 425.

422 2896 435 2915 ⁴
485 2894 611 2941 Hujus
632 2906 796 2930 examen
814 2895 903 2932 vide
922 2897 960 2932 in
975 2898 1105 2945 Epist.
1120 2899 1276 2944 Natal.,
1291 2900 1343 2946 11,
1358 2907 1442 2944 5743
1457 2903 1497 2934 et
1515 2898 1629 2944 infra,
1645 2897 1759 2945 epist.
1777 2905 1860 2945 447,
1882 2909 1921 2933 n.
1941 2896 1978 2933 3.

421 2955 435 2974 ⁵
485 2955 545 2988 De
564 2955 637 2989 hoc
656 2954 763 2999 vide,
783 2955 902 3001 epist.
925 2966 1009 3003 422,
1028 2970 1071 2994 n.
1095 2966 1130 3002 53
1150 2964 1190 2994 et
1207 2968 1291 3004 425.

420 3013 434 3034 ⁶
483 3012 583 3048 Vide
602 3012 717 3059 epist.
737 3022 820 3058 421.
1010 3016 1023 3035 ⁷
1074 3017 1173 3053 Vide
1192 3018 1306 3064 epist.
1328 3017 1412 3063 426.
1572 3019 1587 3039 ⁸
1637 3016 1737 3053 Vide
1755 3015 1870 3064 epist.
1889 3014 1975 3061 426.

417 3071 433 3092 9
482 3071 654 3107 Gabriel.
675 3071 769 3119 Ejus
787 3083 950 3109 examen
969 3075 1058 3111 vide
1077 3075 1117 3112 in
1135 3077 1267 3123 Epist.
1292 3077 1449 3123 Natal„
1467 3077 1520 3123 11,
1539 3084 1622 3122 550.
