2228 3548
422 295 493 341 644
938 294 1078 332 EP1sT.
1106 293 1151 330 P.
1179 278 1453 341 NADAL-‘539

373 396 492 440 sario
513 396 558 438 di
580 394 770 439 lasciare
790 394 838 438 in
860 396 1003 440 ferma
1025 395 1153 439 detto
1174 394 1388 451 priorato,
1413 397 1580 453 perche
1601 397 1856 442 altrimente
1885 397 1926 442 ci
1953 398 2018 444 ἀεὶ

372 471 674 530 grandissima
704 471 1006 525 distrattione‚
1039 478 1085 516 et
1111 470 1307 529 bisogna
1336 486 1416 528 per
1443 473 1562 517 forsa
1590 475 1675 518 che
1701 475 1827 518 molti
1854 475 1896 519 ci
1923 475 2008 520 irn-

370 549 601 606 pacciamo
618 549 675 593 de
697 563 804 594 cose
825 549 1044 602 secoIare,
1064 556 1110 592 et
1127 549 1217 594 che
1238 563 1333 593 non
1354 563 1554 606 possono
1573 551 1682 596 dare
1698 552 2009 606 edificatione,

368 634 414 671 et
436 641 523 670 con
544 625 744 682 pericolo
765 625 872 670 delli
893 625 1053 669 nostri.

454 704 701 760 Inscriptio
722 704 773 746 in
796 706 964 760 quarta
985 704 1185 761 pagina:
1206 703 1235 761 †
1251 704 1312 747 Al
1339 704 1484 748 molto
1498 705 1613 748 Rdo.
1632 704 1678 748 in
1697 706 1817 762 Xpo.
1835 698 2004 760 Padre‘,

365 781 426 839 [il]
451 782 504 825 Ρ.
531 780 797 824 Hieronimo
820 781 999 834 Natale,
1024 782 1229 838 professo
1250 781 1369 825 della
1390 781 1676 839 Compagnia
1699 782 1744 826 di
1766 781 1925 837 Giesu,
1955 783 2008 828 in

363 861 522 903 Roma.
559 860 609 902 In
641 873 724 902 sua
761 858 967 902 absentia
1004 859 1046 902 al
1085 860 1138 902 P.
1180 858 1418 903 Ludouico
1450 860 1664 904 Codreto.
1700 860 1809 903 Alia
1846 875 2012 904 manu:

361 952 407 980 n.
433 951 474 981 e.
500 951 546 993 p.
568 937 690 979 Alia:
719 936 846 991 1568.
874 937 928 980 C.
956 937 1172 980 Tornone
1196 937 1249 980 Ρ.
1276 935 1470 980 Claudio
1493 938 1711 982 Mattheo.
1744 938 1794 982 18
1818 936 1863 981 di
1887 938 2009 992 7·er

359 1014 521 1072 Sigillz·
547 1014 812 1072 vestigium.

1119 1136 1241 1178 539

794 1229 854 1271 Ρ.
890 1227 1291 1272 HIERONYMI
1319 1228 1565 1273 NADAL

847 1337 1151 1368 ATTESTATIO
1188 1338 1512 1369 FACULTATUM

601 1416 630 1446 A
653 1415 693 1446 S.
721 1414 801 1445 ΡΙΟ
824 1415 869 1454 V,
896 1414 1004 1445 IPSO
1034 1415 1367 1455 POSTULANTE,
1398 1415 1753 1447 CONCESSARUM

879 1504 1040 1543 ROMAE,
1059 1496 1082 1531 6
1101 1504 1310 1533 ocrossms
1333 1496 1422 1542 1568
1447 1496 1474 1532 ¹.

351 1575 542 1611 Facultas
559 1574 826 1609 ministrandi
843 1574 1006 1609 calicem
1025 1574 1069 1609 in
1087 1574 1327 1620 quibusdam
1345 1574 1591 1622 regionibuS,
1606 1577 1643 1610 et
1662 1577 1706 1610 ut
1718 1575 1860 1622 plures
1877 1578 1999 1611 canoss

701 1633 860 1669 nicatus
877 1633 926 1668 ab
945 1644 1024 1668 uno
1037 1633 1326 1679 possideantur
1343 1634 1388 1669 in
1410 1632 1652 1670 Germania.

439 1711 527 1755 Die
555 1711 583 1754 6
615 1709 784 1754 mensis
823 1710 1038 1754 Octobris
1076 1711 1186 1765 1568
1215 1718 1251 1754 Β.
1278 1710 1516 1755 Concessit
1547 1725 1752 1754 summus
1784 1711 1991 1768 pontifex

351 1789 463 1833 Pius
490 1788 694 1844 quintus,
726 1802 798 1831 me
827 1787 1125 1843 supplicante,
1157 1794 1208 1830 ut
1235 1787 1378 1831 nostri
1405 1787 1451 1831 in
1478 1787 1606 1840 locis,
1632 1787 1710 1831 ubi
1740 1801 1993 1832 concessus
2025 1841 2028 1844 ι
2095 1835 2098 1837 ,

347 1957 502 1988 sacrae
519 1956 741 1999 synaxeos
758 1941 952 1998 speciem
970 1941 1105 1986 etiam
1123 1957 1205 1998 pro
1226 1942 1391 1986 uiatico
1407 1942 1521 1986 etad
1538 1943 1724 1998 pascha,
1745 1942 1783 1986 si
1801 1942 1991 1999 quando

345 2020 761 2064 animaduerterent
789 2033 815 2061 a
837 2018 1046 2074 parochis
1074 2018 1289 2062 solicitari
1317 2020 1374 2062 ad
1396 2025 1639 2075 utramque
1663 2019 1861 2076 speciem
1886 2034 1987 2072 eos>

346 2097 424 2153 qui
445 2096 662 2140 libentius
684 2095 870 2139 alteram
893 2102 1052 2139 essent·
1073 2096 1322 2152 accepturi.

433 2174 578 2219 Simul
600 2172 825 2217 concessit
851 2173 887 2225 b,
910 2180 959 2215 ut
981 2172 1027 2215 in
1044 2172 1291 2217 Germania
1314 2187 1434 2216 unus
1456 2172 1601 2229 possit
1622 2173 1774 2229 plures
1796 2172 1992 2217 canoni-

342 2258 473 2295 catus
495 2250 742 2310 possidere,
767 2263 871 2292 cum
894 2249 1071 2293 audiret
1093 2265 1149 2294 ex
1171 2265 1243 2293 me
1266 2249 1555 2294 residentiam
1586 2264 1679 2293 non
1710 2250 1879 2306 requiri
1909 2251 1984 2295 uel

342 2328 465 2386 exigi
486 2328 533 2371 in
555 2326 642 2371 illis
664 2325 867 2370 ecclesiis
891 2326 977 2369 nisi
1000 2326 1173 2382 aliquot
1198 2326 1437 2371 mensium.

1072 2403 1101 2461 †
1134 2405 1463 2448 HIERONYMUS
1496 2404 1738 2448 NATALIS.
1777 2402 1806 2461 †

1416 2480 1446 2538 †

409 2602 430 2622 a
469 2595 514 2629 In
539 2605 661 2640 marg.
688 2592 848 2628 Polanci
874 2603 1007 2627 manu:
1035 2592 1225 2628 Facultas
1246 2591 1513 2627 ministrandi
1537 2591 1825 2628 eucharistiam
1845 2593 1890 2627 in
1905 2595 1987 2640 pa-

336 2654 465 2689 schate
479 2656 556 2699 pro
576 2651 811 2689 viatica-b
827 2651 871 2686 In
890 2663 1011 2697 marg.
1032 2651 1189 2687 Polanci
1208 2661 1345 2686 manu:
1367 2651 1558 2686 Facultas
1574 2650 1746 2687 habendi
1759 2651 1901 2698 plures
1917 2664 1985 2688 ca-

339 2714 568 2748 nonicatus.

410 2816 419 2836 ¹
470 2815 529 2849 Ex
548 2814 777 2859 archetypO,
803 2811 842 2847 in
866 2812 1014 2853 codice,
1040 2811 1104 2847 cui
1130 2810 1280 2846 titulus:
1309 2810 1492 2856 Antiqua
1516 2810 1636 2846 vinae
1662 2812 1770 2846 uocis
1794 2811 1980 2856 oracula,

337 2883 427 2919 pag.
450 2873 506 2917 16,
528 2885 566 2907 n.
587 2871 647 2917 34.
669 2870 913 2917 Subscriptio
939 2877 977 2906 et
1003 2870 1192 2917 particula
1215 2872 1265 2911 et,
1291 2881 1407 2917 quam
1430 2869 1572 2905 litteris
1598 2869 1739 2905 italicis
1762 2869 1983 2916 signamus,

335 2937 426 2966 sunt
444 2931 597 2967 Natalis
616 2942 732 2966 manu
751 2934 927 2965 exarata.
951 2929 1116 2976 Reliqua
1135 2940 1156 2963 a
1174 2928 1332 2964 librario
1352 2928 1496 2974 scripta
1515 2933 1619 2964 sunt.
1640 2929 1729 2963 Duo
1747 2928 1822 2964 alia
1845 2940 1981 2964 exem-

334 2990 397 3035 pla
422 2991 643 3036 apographa
667 2988 783 3035 hujus
808 2988 1051 3023 monumenti
1077 2988 1271 3022 habentur
1295 2986 1335 3022 in
1360 2986 1499 3023 eodem
1523 2986 1678 3023 codice:
1705 2987 1869 3022 alterum
1888 2987 1973 3034 qui-

332 3047 421 3083 dem
441 3048 480 3082 in
498 3048 670 3083 secunda
687 3051 796 3094 parte
814 3046 973 3088 codicis,
994 3046 1060 3082 fol.
1085 3044 1142 3092 13,
1161 3043 1242 3080 litt.
1266 3045 1317 3079 D:
1338 3044 1497 3080 tertium
1523 3055 1618 3080 vero
1641 3045 1681 3081 in
1706 3045 1821 3081 tertia
1843 3050 1969 3092 parte,

334 3105 400 3143 fol.
424 3115 480 3150 12,
502 3106 579 3142 litt.
600 3107 649 3141 D.
