2228 3548
388 280 443 307 ·VI
838 272 1093 308 Pnoommm
1119 277 1259 306 TER-ru
1285 277 1512 307 voumlms
1530 301 1532 305 ,

351 372 538 416 luminis
573 373 817 418 editionem
861 380 1084 430 repertae,
1118 386 1231 427 quas
1267 371 1314 414 in
1344 371 1662 428 Supplemento
1686 371 1827 414 totius
1865 370 2002 416 seriei

352 456 487 499 simul
517 456 673 500 ordine
702 456 1030 513 chronologico
1063 456 1350 511 reponendas
1387 454 1602 498 duximus
1632 455 1690 499 ad
1713 454 1885 499 calcem
1907 455 1997 497 hu-

347 540 425 596 jus
447 540 708 586 voluminis.

442 624 602 666 Exstat
618 631 855 680 praeterea
871 623 1035 679 ingens
1053 635 1273 665 numerus
1287 620 1597 677 epistolarum,
1612 622 1685 666 vel
1700 635 1726 665 a
1740 620 1908 674 Natali,
1923 621 1996 665 vel

353 708 452 763 ejus
475 708 672 761 nomine,
698 710 756 752 ad
787 708 1046 751 universam
1070 706 1349 752 Societatem
1383 706 1653 762 scriptarum
1686 720 1740 751 eo
1774 712 1997 762 tempore,

355 807 446 848 quo
468 792 541 835 ille
559 791 715 835 vicarii
739 792 966 849 generalis
988 791 1137 835 officio
1166 792 1447 848 fungebatur
1475 804 1558 847 pro
1580 789 1784 847 generali
1806 803 2000 847 praepo—

355 875 443 918 sito
466 875 651 932 Borgia,
685 875 762 931 qui
791 875 837 918 in
860 875 1130 932 Hispaniam
1153 891 1180 919 a
1202 889 1381 918 summo
1403 873 1622 930 pontifice
1644 872 1727 916 Pio
1755 874 1814 927 V,
1849 887 2003 918 comes

358 958 600 1002 cardinalis
622 959 938 1012 Alexandrini,
970 960 1027 1003 ad
1056 973 1213 1016 regem
1235 958 1496 1014 Philippum
1536 956 1704 1000 missus
1725 958 1890 1002 suerat.
1917 956 2009 1000 His

355 1044 559 1098 profecto
576 1042 739 1087 litteris
761 1044 890 1100 plura
913 1050 1096 1087 nostrae
1118 1042 1252 1087 seriei
1276 1041 1507 1085 volumina
1528 1041 1716 1098 implere
1745 1054 2001 1098 possemus;

357 1127 414 1169 ab
437 1126 491 1170 iis
513 1133 666 1171 tamen
688 1128 778 1170 hoc
800 1127 901 1170 loco
923 1126 1112 1170 edendis
1135 1125 1267 1170 nobis
1285 1125 1606 1170 abstinendum
1624 1124 2003 1178 existimavimus;

356 1208 463 1253 licet
485 1208 606 1253 enim
629 1224 656 1253 a
676 1209 827 1253 Natali
850 1210 982 1253 datae
1006 1209 1190 1263 fuerint,
1217 1210 1273 1252 ad
1298 1208 1513 1266 Borgiam
1536 1208 1688 1265 potius
1706 1215 1912 1265 spectare
1935 1206 2005 1251 vi«

359 1293 540 1346 dentur,
567 1293 699 1349 cujus
732 1293 915 1337 nomine
943 1299 988 1337 et
1010 1292 1298 1346 auctoritate,
1325 1293 1378 1337 P.
1410 1291 1587 1336 Natalis
1615 1292 1891 1338 Societatem
1914 1305 2006 1348 gu-

297 1373 301 1383 ’
363 1376 603 1421 bernabat.
629 1377 807 1420 Paucas
835 1376 1132 1420 nihilominus
1161 1391 1216 1420 ex
1246 1376 1406 1421 iisdem
1433 1376 1508 1420 hic
1538 1375 1805 1420 inserendas
1827 1375 2005 1420 censui·

363 1473 480 1512 mus,
515 1473 633 1515 quae
670 1460 728 1502 ad
759 1459 933 1503 Natalis
971 1467 1102 1517 gesta
1139 1459 1406 1504 illustranda
1435 1460 1685 1504 collaturae
1716 1459 2007 1512 videbantur,

365 1541 695 1598 praetermissis
726 1542 954 1586 interdum
992 1543 1305 1600 paragraphis,
1338 1558 1457 1599 quae
1488 1543 1545 1586 ad
1578 1543 1788 1587 Natalem
1825 1541 2012 1587 minime

368 1632 594 1682 spectant.
621 1626 678 1668 Et
700 1627 815 1669 haec
837 1626 895 1670 de
917 1626 1048 1682 copia
1070 1634 1487 1671 monumentorum.

453 1711 523 1753 De
552 1709 726 1753 ratione
753 1716 906 1754 autem
934 1724 960 1753 a
988 1709 1122 1754 nobis
1151 1717 1332 1755 servata
1360 1710 1407 1753 in
1434 1710 1614 1754 illorum
1647 1709 1863 1762 editione,
1889 1708 2012 1753 dixi-

366 1807 468 1836 mus
484 1793 580 1848 jam
601 1792 646 1834 in
668 1792 947 1849 praefatione
966 1793 1184 1850 generali,
1216 1807 1333 1849 quae
1362 1795 1559 1838 habetur
1581 1794 1627 1837 in
1655 1793 1755 1850 ipso
1784 1791 2013 1837 vestibulo

371 1875 503 1931 primi
525 1875 789 1930 voluminis,
814 1890 955 1933 pagg.
981 1891 1191 1921 xx-xxn.

465 2137 508 2171 2.
572 2126 884 2182 Epistolarum
902 2131 942 2170 et
959 2132 1353 2171 monumentorum
1368 2129 1695 2186 genera.--Ut
1709 2128 1913 2186 priorum
1929 2141 2016 2171 vo—

376 2209 615 2262 luminum,
640 2209 703 2253 ita
724 2212 861 2266 hujus
877 2218 1171 2254 monumenta
1194 2212 1252 2255 ad
1274 2211 1481 2256 intimam
1505 2211 1682 2256 Natalis
1698 2226 1803 2256 cum
1820 2225 2018 2268 praepo-

376 2292 475 2335 sitis
503 2292 793 2349 generalibus
825 2293 1066 2338 Societatis
1088 2295 1549 2341 communicationem
1577 2296 1636 2341 de
1655 2294 2014 2353 provinciarum,

379 2376 677 2433 collegiorum
705 2384 751 2421 et
779 2391 1071 2433 personarum
1100 2379 1314 2435 negotiis,
1340 2394 1508 2437 magna
1546 2395 1602 2425 ex
1638 2386 1768 2437 parte
1801 2378 2013 2441 attinent.

378 2460 511 2503 Unde
528 2459 659 2503 facile
676 2459 944 2516 intelligitur
960 2461 1183 2516 ejusmodi
1200 2462 1417 2519 epistolas
1439 2462 1818 2520 historiographis
1833 2461 2018 2519 potissi-

379 2557 503 2585 mum
530 2542 681 2596 utiles,
716 2557 775 2587 ne
796 2542 944 2586 dicam
975 2545 1269 2598 necessariaS,
1306 2545 1648 2601 existimandas,
1679 2553 1731 2590 ut
1752 2559 1905 2589 rerum
1928 2558 2015 2602 ge-

380 2633 555 2669 starum
572 2626 811 2671 veritatem
828 2627 1055 2684 attingere
1072 2636 1257 2684 queant.
1279 2631 1336 2673 Et
1353 2632 1439 2674 hoc
1458 2645 1627 2688 genere
1644 2629 1906 2674 continetur
1927 2643 2020 2672 ma·
2047 2635 2051 2637 ’

382 2708 502 2751 xima
530 2716 789 2752 nostrorum
818 2718 1214 2754 monumentorum
1239 2728 1359 2769 pars.
1384 2715 1504 2759 Sunt
1525 2713 1820 2757 nihilominus
1848 2719 1894 2757 et
1915 2712 2020 2766 alia,

384 2791 502 2835 inter
534 2806 650 2847 quae
683 2793 877 2849 primum
915 2794 1065 2837 locum
1095 2795 1181 2839 sibi
1216 2796 1452 2840 vindicant
1483 2797 1704 2841 nonnulla
1735 2795 1891 2852 magni
1923 2810 2025 2840 mo-

384 2875 525 2919 menti
547 2875 837 2930 documenta‚
863 2892 889 2920 a
911 2877 1003 2921 PP.
1029 2879 1198 2933 Natali,
1224 2880 1408 2924 Canisio
1430 2887 1477 2925 et
1497 2881 1720 2924 Ledesma
1748 2878 2020 2936 subscripta,

385 2965 431 3001 et
454 2957 651 3015 Borgiae
672 2959 793 3013 data,
818 2966 870 3002 ut
891 2967 1050 3003 sancto
1074 2961 1156 3005 Pio
1179 2964 1237 3015 V,
1263 2964 1321 3006 de
1342 2963 1468 3007 exitu
1491 2969 1750 3008 conventus
1778 2961 2024 3019 augustani

384 3041 604 3095 sollicito,
636 3042 979 3097 exhiberentur;
1013 3058 1129 3099 quae
1158 3046 1342 3101 quidem
1371 3046 1469 3091 aliis
1498 3045 2024 3102 similibusmonumen-
