2228 3548
413 308 487 333 200
938 295 1079 331 Ep1s’r.
1107 293 1155 329 P.
1182 293 1452 339 NADAL—417

1144 392 1253 434 412

832 478 877 514 S.
911 476 1250 515 FRANCISCUS
1275 477 1346 512 DE
1370 475 1538 523 BORJA

698 545 911 589 PATRI
952 543 1381 587 HIERONYMO
1419 542 1662 586 NADAL

923 628 1090 666 ROMAE,
1116 618 1162 655 23
1186 627 1290 663 JULn
1318 618 1409 664 1566
1429 620 1455 654 ¹.

365 709 397 736 ι.
419 700 469 734 Ρ.
492 698 698 746 Mendoza,
731 698 966 742 Patavium;
990 698 1182 738 Ledesma
1206 700 1243 733 et
1276 697 1467 744 Venegas,
1504 696 1686 733 Venetias
1701 698 2004 746 attigerunt.—

411 769 450 795 2.
482 759 543 794 De
567 758 617 793 P.
636 758 925 804 Jimenez.—3.
955 757 1017 793 De
1043 757 1093 793 P.
1121 757 1498 801 Stevordian0.-—4.
1530 755 1637 792 Socii
1659 768 1706 793 ex
1728 757 1933 805 Hispania
1955 757 2002 793 in

412 817 680 854 Germaniam
698 818 808 853 mitti
825 819 987 864 exoptat
1003 816 1180 865 Borgia.
1191 827 1275 861 -5.
1305 816 1479 852 Decreta
1496 816 1822 864 congregationis
1843 817 2002 853 mitten-

410 876 581 913 tur.—6.
607 877 668 912 De
694 877 901 912 mittendis
923 877 968 912 in
991 877 1208 925 collegium
1227 875 1623 924 germanicum.—7.
1649 875 1711 912 De
1733 876 1900 925 collegio
1924 877 2003 912 olo-

409 937 691 974 mucensi.—8.
711 937 772 973 De
790 937 982 984 spirensi.

458 1028 495 1059 Ι.
554 1016 681 1073 Jhus.
709 1015 850 1058 Molto
873 1015 989 1058 Rdo.
1015 1013 1062 1057 in
1084 1015 1203 1071 Xpo.
1231 1014 1387 1059 Padre.
1416 1016 1512 1058 Pax
1540 1014 1668 1072 Xpi.‚
1693 1020 1786 1058 etc.
1818 1014 1870 1058 L'
1895 1013 2003 1057 ulti-

364 1107 438 1136 me
459 1092 664 1136 riceuute
686 1091 732 1135 di
754 1093 812 1136 V.
839 1093 893 1135 R.
919 1106 1032 1135 sono
1060 1091 1106 1134 di
1141 1104 1192 1149 19
1219 1091 1265 1134 di
1294 1091 1483 1149 Luglio,
1509 1098 1555 1137 et
1577 1094 1614 1136 s'
1638 1092 1664 1135 e
1685 1091 1832 1136 inteso
1854 1091 2004 1147 quello

364 1171 450 1213 6116
473 1169 622 1214 scriue
644 1170 762 1212 delle
790 1184 937 1225 spese,
961 1169 1138 1212 benche
1166 1183 1259 1213 non
1290 1169 1426 1213 credo
1454 1170 1672 1214 accadera
1699 1167 1789 1212 mai
1816 1167 2000 1225 raggio-

364 1261 446 1290 nar
467 1245 514 1289 di
536 1246 598 1289 tal
620 1259 726 1289 cosa
743 1247 775 1289 ².
801 1246 836 1288 Il
860 1247 913 1289 P.
939 1245 1109 1303 Luiggi
1131 1245 1178 1289 di
1199 1246 1423 1302 Mendoea
1445 1246 1516 1290 601
1542 1260 1626 1290 suo
1658 1259 1916 1303 compagno
1938 1260 2002 1288 un

365 1338 505 1380 pezzo
526 1325 570 1366 fa
592 1324 677 1366 che
699 1323 959 1367 intendemo
981 1322 1132 1366 arriud
1160 1338 1186 1366 a
1215 1324 1424 1377 Padoua,
1448 1330 1494 1367 et
1520 1324 1673 1380 doppo
1701 1338 1727 1367 a
1748 1321 1950 1370 Venetia
1972 1321 2003 1364 il

367 1403 420 1445 P.
442 1401 664 1445 Ledesma
681 1408 726 1445 et
747 1400 777 1442 il
800 1403 935 1445 Mtro.
962 1402 1195 1458 Vanegas,
1220 1407 1267 1444 et
1283 1403 1319 1444 s'
1339 1401 1365 1444 6
1382 1400 1540 1444 scritto
1556 1401 1707 1456 quello
1723 1402 1808 1444 che
1823 1400 2003 1444 deuono

366 1477 460 1521 fare
484 1477 589 1520 tutti
611 1478 724 1520 loro.

459 1567 501 1597 2.
568 1556 755 1610 Quanto
788 1555 829 1598 al
859 1556 911 1598 P.
944 1555 1181 1608 Ximenez,
1212 1554 1256 1598 io
1283 1554 1344 1598 mi
1377 1554 1558 1600 rimetto
1580 1569 1607 1598 a
1634 1556 1692 1599 V.
1718 1556 1793 1608 R.,
1817 1561 1864 1598 et
1885 1569 1934 1598 se
1961 1554 2007 1598 lo

367 1633 502 1675 uorra
522 1630 682 1674 lasciar
713 1630 760 1674 in
782 1631 977 1686 Vienna,
1002 1632 1045 1675 lo
1077 1634 1208 1689 potra
1236 1632 1344 1676 fare.
1382 1634 1532 1675 Penso
1561 1631 1781 1675 mandarli
1811 1647 1892 1689 per
1922 1646 2007 1675 sua

366 1707 660 1765 compagnia,
694 1715 739 1752 et
772 1723 851 1765 per
882 1708 1005 1753 aiuto
1038 1710 1113 1754 nel
1145 1709 1359 1768 seriuere,
1385 1715 1431 1754 et
1457 1709 1504 1752 in
1535 1710 1650 1754 altre
1678 1723 1799 1762 cose,
1825 1723 1917 1752 uno
1948 1710 2006 1754 de

364 1784 489 1828 duoi:
516 1784 628 1839 6106,
647 1786 820 1843 Jacobo
842 1787 1102 1840 Genouese,
1127 1787 1159 1830 il
1180 1787 1312 1844 quale
1334 1787 1464 1830 entre
1485 1787 1605 1831 nella
1627 1785 1911 1843 Compagnia
1932 1786 2005 1829 in-

366 1861 507 1906 sieme
529 1876 619 1905 con
640 1862 821 1906 Giouan
845 1863 999 1908 Pietro
1022 1866 1327 1921 Bergamaseo
1349 1878 1359 1918 ;
1390 1865 1559 1921 perche
1574 1898 1584 1918 ,
1605 1863 1642 1907 si
1664 1865 1754 1908 ben
1782 1864 1807 1907 6
1829 1863 2004 1907 nouitio

365 1939 423 1983 de
444 1938 623 1982 intorno
647 1940 703 1983 ad
726 1953 787 1982 un
810 1955 946 1994 anno,
971 1941 996 1984 6
1025 1942 1166 1985 molto
1194 1942 1348 1985 buono
1371 1947 1416 1986 et
1438 1940 1636 1986 discreto
1659 1947 1704 1986 et
1734 1942 1858 1984 buon
1889 1940 2002 1984 scri-

366 2022 483 2072 ptor,
507 2015 748 2060 esereitato
765 2018 837 2060 nel
862 2017 1010 2061 uffieio
1027 2018 1071 2061 di
1089 2018 1345 2064 secretario.
1365 2019 1416 2062 L’
1436 2018 1552 2062 altro
1568 2017 1642 2061 611
1662 2020 1713 2062 Ρ.
1734 2017 1916 2062 Giouan
1927 2019 1953 2075 J
1958 2033 2004 2061 a·

366 2094 481 2136 cobo
504 2095 662 2146 Basso,
687 2094 804 2137 assai
826 2094 1015 2139 uecehio
1036 2096 1155 2141 nella
1171 2094 1470 2152 Compagnia,
1491 2101 1538 2138 et
1554 2095 1803 2148 sacerdote,
1823 2094 1855 2137 il
1872 2095 2005 2150 quale

366 2171 426 2213 ha
447 2169 614 2213 sentito
636 2170 667 2212 il
689 2184 818 2213 corso
840 2171 886 2213 in
910 2173 1074 2227 Roma,
1100 2179 1145 2217 et
1173 2172 1317 2230 prima
1343 2186 1420 2215 era
1451 2178 1570 2216 stato
1599 2171 1841 2216 secretario
1868 2171 1914 2215 di
1945 2186 2005 2215 un

366 2246 566 2303 signore,
591 2253 636 2290 et
657 2248 716 2290 ha
737 2248 889 2291 buona
911 2264 1043 2292 mano
1065 2249 1111 2293 di
1132 2249 1352 2303 seriuere,
1377 2255 1423 2292 et
1451 2249 1526 2294 del
1553 2255 1673 2293 resto
1695 2263 1889 2306 persona
1909 2248 2005 2292 uir—

371 2329 518 2376 tuosa,
543 2330 587 2368 et
610 2326 667 2367 ha
694 2323 934 2381 insegnato
964 2327 1124 2371 lettere
1151 2326 1197 2370 di
1224 2325 1473 2370 humanita.
1500 2312 1559 2370 Di
1582 2325 1731 2382 questi
1753 2325 1861 2369 duoi
1889 2325 2004 2369 auisi

369 2401 423 2444 V.
455 2402 509 2444 R.
542 2408 714 2456 quanto
742 2402 885 2457 prima
913 2404 1017 2458 qual
1054 2404 1084 2446 li
1115 2419 1223 2460 pare
1251 2404 1330 2461 pisi
1361 2419 1387 2447 a
1418 2418 1502 2448 suo
1532 2403 1779 2460 proposito,
1810 2402 1936 2446 accii>
1964 2402 2003 2446 si

369 2477 521 2521 mandi
544 2492 631 2521 con
653 2479 716 2535 gl’
742 2478 841 2522 altri
864 2481 948 2523 che
970 2482 1231 2526 andaranno
1253 2482 1300 2525 in
1321 2481 1568 2527 Germania
1593 2487 1632 2535 a,
1651 2481 1827 2524 benche
1848 2494 1938 2536 qua
1959 2479 2002 2523 ci

370 2553 616 2598 inclinamo
637 2555 718 2611 pisi
740 2556 783 2598 al
804 2557 1017 2600 secondo.

439 2667 460 2689 a
498 2668 520 2705 7
546 2662 666 2697 verba
691 2672 803 2709 seqq.
835 2662 971 2698 eadem
989 2675 1120 2711 manu,
1145 2663 1247 2701 inter
1270 2675 1408 2701 versus
1427 2663 1508 2711 jam
1533 2662 1712 2710 scriptos,
1733 2661 1865 2698 addita
1887 2668 1997 2700 sunt.

440 2757 450 2777 ¹
501 2757 559 2791 Ex
577 2757 803 2803 archetypo,
823 2768 845 2792 a
863 2758 1089 2794 Fernandez
1108 2765 1282 2806 exarato,
1307 2764 1348 2796 et
1366 2758 1534 2805 Borgiae
1559 2769 1675 2794 manu
1699 2758 1934 2805 subscripto,
1959 2757 2001 2793 in

369 2812 469 2849 Cod.
503 2824 564 2861 34,
591 2814 737 2862 duplici
761 2815 829 2851 fol.
863 2815 930 2851 183
960 2817 1056 2863 (65).
1092 2818 1175 2854 Sub
1205 2831 1249 2855 n.
1288 2818 1355 2864 184
1385 2818 1561 2866 ejusdem
1579 2817 1727 2854 codicis
1751 2822 1813 2853 est
1837 2817 2004 2853 alterum

366 2874 591 2919 exemplum
609 2874 864 2921 archetypum
882 2876 996 2922 hujus
1020 2877 1225 2923 epistolae,
1250 2879 1300 2914 ab
1324 2877 1464 2914 eodem
1482 2877 1710 2913 Fernandez
1736 2876 1938 2924 scriptum,
1965 2875 2007 2912 in

364 2943 442 2979 quo
461 2933 603 2978 Borgia
618 2944 740 2980 pauca
758 2935 879 2969 verba
897 2935 1049 2981 propria
1067 2948 1184 2973 manu
1202 2937 1366 2984 addidit,
1385 2942 1425 2973 et
1439 2936 1554 2973 simul
1568 2948 1658 2972 eum
1671 2936 1836 2983 epistola
1849 2943 1894 2981 27
1910 2934 2006 2982 Julii

360 2990 455 3026 data
472 2990 520 3026 ad
539 2990 721 3027 Natalem
739 2991 814 3028 alia
839 2992 902 3027 via
933 2994 1094 3030 missum
1118 3001 1193 3031 est.
1218 2995 1396 3032 Tertium
1421 2996 1644 3042 exemplum
1669 2999 1731 3031 est
1753 2994 1794 3030 in
1811 2995 2004 3040 Regesto,

365 3049 466 3086 Cod.
495 3059 536 3095 33
547 3049 609 3096 f),
630 3050 700 3087 fol.
728 3059 812 3096 152.
837 3051 938 3087 Vide
957 3053 1076 3100 epist.
1100 3063 1184 3101 414,
1203 3055 1268 3091 cui
1285 3055 1382 3091 haec
1404 3054 1634 3102 respondet.

435 3112 449 3131 ²
500 3109 600 3145 Vide
619 3109 733 3157 epist.
753 3119 838 3157 414,
857 3122 902 3147 n.
925 3119 965 3155 5.
