2228 3548
421 301 490 337 260
933 299 1071 334 prsT.
1098 296 1144 331 P.
1171 292 1443 339 Nimim-437

367 415 460 445 uno
477 401 650 444 fratello
666 414 753 443 con
771 398 851 452 lui,
867 399 938 443 de'
955 396 1166 454 migliori,
1181 402 1226 440 et
1241 395 1410 440 uiuessi
1425 395 1788 452 religiosamente
1800 395 2005 438 secondo

366 480 393 521 l'
417 476 625 520 instituto
647 484 819 520 nostro.

453 564 493 608 5.
558 553 646 596 Doi
668 552 815 609 giorni
838 551 992 595 auanti
1014 553 1100 594 che
1115 549 1177 593 mi
1193 547 1372 606 partissi
1388 549 1445 593 da
1462 547 1707 605 Tyrnauia,
1726 548 1765 592 si
1782 549 1879 593 fece
1901 556 1998 593 ret-

362 637 458 674 tore
479 630 509 672 il
534 632 585 673 P.
613 630 761 672 Pedro
789 631 1009 686 Unghero
1037 642 1122 671 con
1151 627 1291 670 molta
1321 625 1612 670 sodissatione
1641 625 1687 668 di
1714 625 1820 668 tutti
1846 627 1874 680 ¹,
1898 641 1995 670 non

360 707 459 750 solo
481 706 526 748 di
549 720 667 758 casa,
693 721 766 749 ma
787 707 860 750 del
888 706 1181 762 suffraganeo
1209 710 1254 748 et
1281 703 1508 756 canonici,
1532 705 1618 747 che
1646 717 1758 746 sono
1780 703 1994 760 vngheri;

358 790 402 826 et
425 782 456 825 il
480 785 532 826 Ρ.
560 783 732 827 Urtado
754 784 876 826 resto
899 788 1114 826 contento
1130 781 1342 826 hauendo
1365 787 1492 824 tanto
1509 787 1662 836 tempo
1677 779 1930 824 desiderato
1945 780 1991 824 di

359 874 509 904 essere
532 859 736 912 liberato,
756 861 948 912 benche,
969 874 994 902 a
1010 859 1107 903 dire
1126 858 1159 900 il
1181 873 1306 912 uero,
1327 873 1422 901 non
1441 858 1486 901 lo
1502 857 1681 901 truouai
1703 863 1828 900 tanto
1845 856 1996 903 alieno

357 951 485 981 come
507 938 536 979 1’
563 938 676 980 altra
698 938 836 980 uolta.
863 939 930 981 Lo
950 936 1131 980 mandai
1153 935 1304 979 subito
1325 949 1413 978 con
1433 934 1662 979 Giovanni
1691 935 1833 978 Paolo
1854 949 1988 991 peru-

356 1013 465 1070 gino
494 1014 508 1034 ²
533 1028 619 1056 con
641 1029 702 1056 vn
730 1013 917 1057 cocchio
944 1014 1085 1056 molto
1113 1012 1454 1056 accommodato
1486 1026 1512 1055 a
1533 1011 1733 1065 Vienna,
1758 1019 1804 1056 et
1832 1012 1988 1065 Paolo‚

356 1091 521 1146 perche
543 1098 673 1134 staua
693 1090 1257 1135 incommodissimamente
1279 1103 1414 1133 senza
1435 1088 1631 1141 medico,
1650 1102 1786 1133 senza
1801 1088 1995 1133 medici—

355 1182 430 1221 ne,
456 1174 501 1212 et
523 1182 658 1211 senza
674 1167 942 1224 prouigione
958 1167 1120 1210 alcuna
1136 1181 1216 1223 per
1236 1167 1266 1209 1’
1286 1165 1513 1209 infermita
1529 1180 1627 1218 sua,
1647 1166 1754 1222 pero
1772 1179 1858 1209 con
1875 1179 1987 1210 con-

353 1244 500 1301 seglio
523 1245 567 1287 d’
593 1259 656 1287 un
677 1244 864 1301 giouine
885 1246 970 1287 che
991 1244 1028 1287 si
1052 1245 1094 1287 fa
1115 1243 1289 1287 medico
1311 1244 1357 1286 in
1379 1243 1530 1300 quella
1546 1249 1681 1296 terra,
1701 1250 1747 1287 et
1763 1257 1852 1286 con
1869 1258 1985 1300 gran

352 1321 576 1365 desiderio
598 1335 697 1364 suo.
724 1322 770 1364 Io
791 1335 923 1378 spero
950 1321 1025 1364 nel
1047 1320 1241 1377 Signore
1263 1323 1347 1365 che
1374 1321 1417 1365 16
1444 1334 1550 1364 cose
1580 1319 1626 1362 di
1656 1321 1762 1376 quel
1790 1320 1987 1378 collegio

355 1398 618 1441 auderanno
645 1399 788 1452 bene,
821 1405 866 1443 et
893 1399 964 1441 col
993 1405 1143 1454 tempo
1171 1398 1210 1440 si
1237 1400 1365 1454 potra
1394 1396 1653 1442 transferire
1681 1412 1707 1441 a
1735 1397 1980 1455 Strigonia,

352 1474 502 1517 dando
526 1475 651 1517 Iddio
674 1474 854 1518 vittoria
875 1475 948 1518 all’
973 1474 1258 1531 imperatore.
1280 1474 1330 1519 Si
1346 1475 1371 1518 6
1388 1475 1602 1517 mandato
1619 1489 1700 1531 per
1720 1474 1878 1520 ordine
1894 1474 1993 1518 mio-

352 1552 410 1595 da
444 1551 672 1607 Tyrnauia
700 1552 730 1593 il
758 1552 933 1596 fratello
955 1551 1246 1608 Sigismondo
1267 1552 1430 1596 boemo
1460 1553 1493 1604 ⁵,
1528 1565 1607 1608 per
1629 1551 1841 1595 alleuiare
1867 1552 1987 1597 della

349 1627 536 1672 lettione
557 1628 603 1670 di
625 1628 847 1672 rhetorica
869 1631 1002 1673 Mtro.
1030 1630 1216 1673 Urbano
1237 1629 1270 1682 ⁴,
1296 1628 1327 1671 il
1344 1629 1475 1684 quale
1491 1629 1684 1672 essendo
1701 1629 1985 1685 predicatore

351 1705 604 1758 ordinario,
640 1721 715 1750 era
747 1706 933 1750 insieme
965 1708 1128 1751 lettore
1160 1706 1206 1749 di
1235 1705 1471 1751 rhetorica.
1498 1695 1535 1749 E
1558 1707 1724 1749 andato
1753 1706 1799 1749 di
1828 1707 1980 1751 buona

350 1782 502 1838 uoglia
514 1789 536 1810 ²
557 1782 587 1824 il
610 1783 785 1827 fratello
803 1783 1112 1839 Sigismondo,
1134 1790 1179 1828 et
1195 1783 1226 1825 il
1245 1785 1297 1826 P.
1320 1775 1472 1826 Pietro
1490 1784 1710 1839 Unghero
1727 1784 1770 1826 10
1787 1784 1979 1827 doman-

347 1859 406 1902 do
428 1859 764 1915 s'pecialmente,
790 1867 835 1903 et
864 1875 970 1916 pare
992 1862 1077 1905 che
1105 1861 1142 1904 si
1170 1861 1430 1912 confidaua,
1454 1860 1665 1904 hauendo
1701 1867 1820 1903 stato
1852 1860 1976 1917 Sigi-

348 1937 539 1979 smondo
557 1937 676 1980 nella
692 1951 870 1980 camera
887 1953 969 1981 sua
985 1938 1031 1980 in
1048 1937 1233 1994 Dilinga
1250 1937 1378 1993 quasi
1395 1943 1513 1980 tutto
1530 1937 1560 1979 il
1577 1943 1744 1993 tempo.
1768 1938 1849 1981 Sta
1865 1952 1983 1981 sano-

345 2012 654 2069 Sigismondo,
674 2022 719 2057 et
737 2016 761 2057 6
780 2022 904 2058 certo
922 2017 1007 2059 che
1030 2016 1134 2070 quel
1156 2029 1332 2072 sangue
1354 2016 1438 2058 che
1460 2014 1605 2071 getto,
1624 2020 1670 2057 et
1686 2015 1781 2059 sole
1798 2021 1985 2069 gettare.

345 2091 506 2133 alcuna
529 2091 666 2143 uolta,
688 2092 712 2134 ἑ
734 2091 851 2134 della
874 2098 1005 2144 testa,
1033 2099 1078 2136 et
1100 2092 1144 2135 lo
1166 2098 1294 2148 getta
1315 2092 1388 2135 dal
1409 2105 1536 2145 naso3
1558 2105 1688 2147 spero
1710 2092 1795 2134 che
1816 2091 1855 2135 si
1877 2091 1966 2136 aiu-

348 2169 443 2210 tara
465 2182 553 2210 con
574 2168 616 2211 la
638 2167 784 2224 gratia
805 2169 877 2212 del
900 2168 1108 2224 Signore.

433 2245 475 2287 6.
540 2246 612 2287 Da
635 2244 864 2300 Tyrnauia
886 2246 1031 2301 passai
1054 2261 1132 2302 per
1156 2246 1394 2300 Possonio‚
1413 2260 1542 2290 come
1562 2247 1621 2288 ho
1639 2246 1779 2298 detto,
1799 2247 1983 2290 benche

413 2364 434 2384 a
462 2355 494 2408 ¹3
511 2358 631 2392 verba
650 2368 762 2404 seqq.
786 2356 933 2392 addidit
952 2357 1042 2393 libr.
1066 2370 1181 2405 supra
1198 2370 1305 2394 vers.

412 2450 423 2471 ¹
473 2452 611 2487 Petrus
629 2452 818 2495 Hernath,
842 2461 883 2486 10
902 2451 1084 2489 Octobris
1112 2453 1216 2498 1566,
1241 2454 1337 2488 haec
1356 2453 1520 2499 Borgiae
1543 2453 1760 2489 nuntiabat:
1782 2453 1967 2489 «Decima

342 2516 479 2546 octaua
510 2510 679 2557 Augusti
702 2515 915 2546 rectoratus
940 2512 1065 2547 officio
1089 2512 1199 2558 fungi
1223 2513 1348 2559 coepi.
1376 2513 1428 2548 R.
1458 2513 1506 2547 P.
1535 2511 1822 2547 commissarius
1846 2523 1967 2558 nego-

342 2570 438 2606 tium
456 2569 612 2616 collegii
630 2569 744 2615 hujus
763 2570 945 2616 expedire
965 2582 1039 2606 non
1058 2571 1182 2618 potuit
1199 2577 1354 2618 propter
1371 2571 1587 2607 absentiam
1603 2571 1722 2617 ΚΛΜ,
1741 2571 1820 2618 qui,
1841 2572 1890 2606 ob
1909 2576 1968 2607 tu-

341 2630 484 2665 multus
511 2629 607 2664 istos
631 2628 807 2675 bellicos,
832 2640 918 2664 cum
938 2630 1128 2666 Caesarea
1154 2631 1358 2666 Maiestate
1376 2631 1544 2677 negotiis
1567 2630 1678 2676 regni
1702 2630 1974 2677 praepeditus&

340 2689 455 2735 paulo
471 2693 678 2735 antequam
702 2688 751 2723 P.
782 2688 930 2723 Natalis
953 2689 1000 2724 ad
1024 2700 1094 2724 nos
1118 2690 1283 2732 ueniret,
1303 2690 1470 2726 Posonio
1493 2689 1705 2725 Taurinum
1731 2701 1867 2725 uersus
1892 2690 1974 2726 iam.

339 2747 620 2783 discesserat.»
639 2748 697 2782 Ex
715 2749 969 2794 autographo,
990 2748 1029 2784 in
1051 2748 1146 2794 Cod,
1165 2759 1216 2794 29
1227 2749 1286 2796 f),
1308 2761 1351 2785 n.
1376 2749 1422 2794 76
1440 2747 1558 2795 (383).

408 2810 421 2828 ”²
472 2808 516 2842 In
546 2807 722 2852 catalogo
747 2806 1051 2843 vindobonensis
1075 2807 1231 2854 collegii
1255 2809 1351 2844 haec
1374 2808 1423 2844 de
1447 2809 1596 2854 Joanne
1620 2808 1740 2844 Paulo
1763 2808 1976 2844 habentur:.

337 2866 530 2911 «Joannes
545 2866 703 2912 Paulus,
718 2866 936 2912 perusinus,
952 2867 1103 2903 auditor
1118 2867 1400 2914 philosophiae,
1415 2869 1591 2903 laborans
1606 2867 1752 2914 phtysi,
1766 2872 1806 2903 et
1822 2868 1969 2914 Tyrna-

336 2923 398 2958 uia
417 2923 593 2966 ueniens,
613 2929 786 2959 mortuus
804 2929 864 2959 est
881 2924 943 2959 die
962 2934 1007 2970 24
1026 2925 1196 2971 Augusti
1221 2937 1321 2961 anno
1348 2926 1475 2971 1566.»
1501 2926 1559 2961 Ex
1577 2927 1789 2972 archetypo
1807 2927 1971 2962 Romam

336 2994 472 3018 m1sso.

404 3042 418 3061 ⁵
468 3041 742 3087 Sigismundus
760 3041 1019 3078 Dominatius.
1041 3043 1140 3079 Vide
1159 3044 1279 3091 epist.
1302 3043 1387 3090 433,
1405 3055 1445 3079 n.
1464 3051 1500 3088 7.

402 3102 416 3122 ⁴
465 3101 646 3136 Urbanus
664 3101 868 3137 Ziffeleus.
892 3101 984 3148 Ejus
1003 3114 1166 3139 examen
1184 3103 1274 3139 vide
1292 3103 1332 3139 in
1352 3103 1479 3150 Epist.
1498 3102 1661 3145 Natal.‚
1682 3103 1734 3149 ΙΙ,
1753 3101 1838 3147 588.
