2228 3548
289 370 501 429 passione
522 371 569 415 di
590 370 668 415 noi
687 371 807 425 altri,
831 385 963 416 come
981 386 1140 428 penso.
1166 373 1256 416 Per
1283 378 1428 426 tanto,
1452 387 1533 429 per
1554 371 1584 416 1’
1605 386 1760 417 amore
1779 371 1828 426 di
1847 372 1939 419 X.⁰

291 430 351 476 N.
378 432 447 485 S.,
473 432 532 475 V.
558 433 612 475 R.
641 433 694 476 P.
719 445 814 474 non
834 429 878 474 ci
893 430 1056 488 'nieghi
1077 438 1236 487 questa
1259 431 1423 489 gratia,
1448 433 1535 477 che
1555 431 1620 490 gli
1640 438 1868 488 prometto
1886 431 1938 476 in

293 505 430 534 nome
451 491 498 534 di
519 490 626 534 tutti
649 492 735 535 che
755 505 808 535 ce
829 492 930 534 sara
952 505 978 534 a
999 505 1114 547 gran
1136 491 1337 546 seruigio
1359 491 1405 535 di
1427 493 1486 536 N.
1512 493 1562 537 S.
1588 499 1634 537 et
1655 492 1774 536 della
1794 492 1939 536 Com—

293 549 464 607 pagnia
485 558 531 595 et
552 551 699 594 salute
720 557 896 603 nostra,
921 556 968 595 et
989 549 1193 595 riceuera
1224 551 1284 596 lei
1315 551 1579 596 finalmente
1609 557 1831 595 contento
1861 552 1937 598 del
1975 592 1978 595 Α

296 610 439 653 frutto
461 611 547 655 che
570 624 627 654 ue
645 610 784 655 uedra
801 609 1025 654 riuscire..
1036 643 1046 653 .
1066 609 1161 666 Qui
1178 625 1354 655 saremo
1370 625 1451 667 per
1467 610 1576 668 ogni
1593 611 1728 654 modo
1744 625 1937 656 numero

294 669 451 726 giusto
482 669 527 712 di
558 669 748 726 professi
781 684 862 726 per
893 670 989 714 fare
1018 670 1063 712 la
1093 669 1452 727 congregatione
1483 670 1712 727 legitima,
1745 669 1869 724 cioe,
1903 670 1937 714 il

294 731 348 773 P.
370 729 561 783 Nadale,
583 729 763 783 Pontio,
784 729 876 773 M.⁰
892 729 1154 774 Maldonato
1169 731 1255 774 che
1276 730 1377 773 sara
1395 730 1616 786 professo,
1641 729 1673 772 il
1693 736 1837 774 rettor
1858 731 1934 774 ch'

288 789 316 832 e
339 788 414 846 gia
436 789 658 845 professo,
683 792 724 833 et
745 790 923 832 ratione
943 789 1103 846 officii,
1125 795 1172 832 et
1202 788 1234 832 il
1263 789 1535 846 prouintiale
1556 791 1629 832 ch’
1652 790 1678 833 a
1700 790 1791 832 due
1813 789 1932 836 uoti.

288 848 349 891 Et
370 849 477 904 quel
498 849 570 891 ch'
595 848 738 892 haura
761 849 819 892 da
840 863 965 893 esser
985 849 1126 892 eletto
1148 854 1219 892 sta
1241 848 1334 904 qui,
1355 849 1398 892 al
1418 863 1577 905 parere
1598 848 1645 891 di
1666 848 1774 892 tutti
1794 855 1841 892 et
1857 850 1934 894 del

287 908 340 952 P.
368 906 524 952 Guido
545 908 707 961 anche,
732 907 831 951 cioe
851 907 884 950 il
906 908 960 952 P.
985 909 1045 952 D.
1066 908 1270 951 Emondo
1292 907 1742 965 Haugerio.1mpero
1762 907 1793 951 il
1810 915 1933 953 tutto

285 966 324 1010 si
347 968 444 1011 fara
466 967 822 1039 legitimamente
838 967 1061 1024 piacendo
1079 967 1121 1010 al
1138 966 1326 1035 Signor3
1351 972 1392 1010 et
1412 969 1656 1011 necessitas
1672 971 1796 1011 caret
1811 968 1929 1027 lege.

286 1027 375 1071 Del
396 1034 519 1071 resto
540 1042 600 1072 ne
621 1027 823 1072 scriuera
843 1027 874 1070 il
894 1034 1052 1071 nostro
1074 1027 1222 1070 Padre
1242 1026 1512 1072 visitatore.

1018 1175 1187 1222 LXVII

713 1271 754 1308 s,
783 1271 1170 1309 FRANclchs
1197 1247 1275 1308 DE
1307 1270 1503 1319 BORJA

780 1369 922 1400 PATRI
943 1369 1156 1401 CLAUDIO
1178 1369 1442 1400 MATTHAt-:o

643 1451 863 1505 Romae,
904 1462 967 1506 27
1004 1450 1344 1508 Septembris
1380 1452 1510 1507 1568
1537 1453 1568 1497 ¹.

781 1538 844 1577 De
862 1540 1025 1576 Natalis
1042 1540 1213 1577 Romam
1231 1541 1422 1578 adventu.

452 1624 486 1667 Il
505 1625 559 1667 P;
577 1624 740 1668 Natale
755 1623 918 1681 gionse
930 1624 1081 1680 questi
1094 1624 1159 1679 d“1;
1173 1639 1200 1668 e
1216 1625 1255 1668 si
1271 1624 1560 1669 considerara
1573 1625 1679 1681 quel
1695 1626 1782 1670 che
1792 1626 1852 1670 V.
1866 1626 1924 1669 R.

281 1683 434 1728 scriue
455 1683 501 1726 di
522 1684 604 1726 dar
625 1697 838 1727 soccorso
859 1685 947 1727 alla
968 1683 1166 1737 malatia,
1190 1684 1238 1728 in
1259 1685 1366 1741 quel
1392 1684 1589 1742 meglior
1616 1685 1752 1728 modo
1778 1686 1866 1730 che
1886 1684 1926 1728 si

282 1745 429 1801 potra‚
455 1743 631 1787 benche
653 1743 696 1786 la
717 1758 911 1800 persona
933 1743 978 1786 di
1000 1744 1128 1788 detto
1155 1718 1210 1788 P.
1235 1745 1415 1798 Natale,
1439 1759 1571 1788 corne
1593 1745 1753 1788 adesso
1774 1743 1927 1788 arriua

280 1804 465 1847 stracho
489 1816 575 1846 con
597 1803 642 1845 la
673 1802 1044 1859 peregrinatione
1074 1804 1132 1847 de
1163 1803 1243 1860 piu
1272 1804 1330 1848 de
1361 1803 1437 1848 doi
1468 1803 1575 1847 anni
1606 1818 1632 1847 e
1663 1818 1810 1857 mezo,
1835 1818 1929 1847 non

282 1862 451 1920 paresi
472 1877 607 1919 possa
629 1876 725 1906 cOS1
748 1870 903 1919 presto
926 1869 1118 1908 mettere
1139 1862 1187 1907 in
1208 1877 1331 1908 nouo
1353 1863 1558 1921 uiaggio.

1027 1976 1216 2021 LXVIII

754 2063 797 2100 S.
825 2063 1156 2102 FRANCISCUS
1181 2064 1253 2101 DE
1277 2065 1449 2112 BORJA

629 2155 833 2186 PATRI
878 2155 1214 2188 OLIVERIO
1256 2157 1577 2188 MANAREO

736 2232 924 2284 Romae,
951 2231 977 2274 8
1000 2231 1273 2276 Novembris
1300 2233 1411 2288 1568
1434 2233 1469 2277 ².
1491 2279 1496 2283 ,

279 2319 396 2365 Quae
414 2318 577 2355 Natalis
593 2331 675 2355 non
688 2321 824 2367 potuit
841 2321 1019 2356 lustrare
1035 2320 1219 2368 collegia,
1238 2320 1320 2369 ipsi
1335 2320 1549 2358 invisenda
1567 2320 1918 2357 commendantur.

370 2396 459 2442 Si
442 2411 466 2440 e
487 2396 634 2441 intesa
654 2397 686 2440 l'
705 2398 870 2441 andata
893 2398 936 2441 al
957 2412 1118 2470 campo
1133 2399 1207 2442 del
1224 2399 1275 2443 P.
1297 2400 1539 2443 Emundo³
1548 2397 1860 2454 ,provinciale
1874 2398 1922 2440 d’

280 2455 567 2511 Aquitania..
577 2463 654 2500 ,et
674 2458 820 2502 anche
838 2457 1003 2510 uorrei,
1023 2458 1100 2514 gia
1115 2459 1203 2503 che
1217 2458 1256 2503 si
1274 2465 1406 2502 troua
1426 2458 1647 2525 impedito
1665 2457 1740 2501 nel
1761 2471 1924 2513 campo

279 2513 311 2557 il
330 2515 611 2571 prouinciale
632 2517 690 2560 de
712 2516 977 2572 Aquitania,
1001 2519 1087 2560 che
1109 2518 1167 2561 V.
1187 2519 1243 2562 R.
1264 2531 1431 2563 ancora
1453 2516 1650 2561 uisitassi
1672 2516 1810 2571 quelli
1826 2516 1924 2559 col-

278 2574 389 2631 legii
416 2574 463 2617 di
491 2589 575 2618 sua
601 2575 836 2632 prouincia
862 2577 949 2620 che
974 2576 1207 2633 potessino
1238 2576 1434 2622 uisitarsi
1466 2591 1603 2621 senza
1633 2575 1855 2632 pericolo,
1888 2574 1922 2617 il

351 2696 361 2715 ¹
411 2694 470 2729 Ex
487 2694 677 2738 Regesto,
699 2692 800 2730 Cod.
825 2704 869 2739 33
883 2694 950 2742 g),
968 2693 1036 2731 fol.
1058 2693 1144 2730 180.
1169 2694 1270 2732 Vide
1288 2695 1409 2743 epist.
1433 2694 1517 2741 537,
1543 2707 1586 2730 n.
1620 2702 1652 2729 1.
1678 2694 1739 2729 De
1764 2692 1919 2729 Natalis

273 2751 438 2788 Romam
456 2752 644 2798 adventu,
663 2757 704 2788 et
720 2752 770 2789 de
788 2753 917 2789 officio
934 2753 972 2789 ei
989 2754 1148 2800 collato,
1166 2755 1263 2790 haec
1279 2755 1472 2791 Polancus
1498 2755 1538 2790 in
1562 2764 1635 2789 suo
1661 2763 1782 2799 parvo
1806 2753 1922 2788 chro-
1966 2749 1969 2754 ’

271 2811 362 2847 nico
384 2812 605 2848 annotavit.
635 2812 735 2848 «Die
757 2823 781 2859 9
805 2811 989 2853 Octobris
1013 2813 1130 2849 Pater
1152 2819 1286 2850 noster
1309 2814 1570 2862 praepositus,
1594 2811 1702 2859 prius
1726 2811 1919 2848 consultis

271 2869 592 2917 provincialibus,
611 2876 652 2907 et
667 2871 959 2908 consultoribus
972 2872 1069 2919 suis,
1083 2872 1300 2910 nominauit
1313 2873 1564 2910 assistentem
1576 2872 1620 2906 P.
1631 2870 1919 2918 Hieronymum

275 2929 470 2975 Natalem,
489 2930 568 2978 qui,
601 2930 771 2967 visitatis
800 2935 967 2978 quatuor
994 2931 1229 2968 Germaniae
1253 2937 1294 2968 et
1321 2932 1475 2969 duabus
1505 2930 1658 2967 Galliae
1686 2929 1921 2977 provinciis,

275 2990 391 3036 paulo
408 2994 500 3025 ante
517 2990 682 3026 Romam
699 2989 909 3027 redierat.»
928 2991 987 3026 Ex
1007 2989 1104 3026 Coa.
1123 3000 1186 3039 41,
1206 2991 1274 3028 fol.
1297 2991 1378 3037 156.

348 3051 363 3071 2
414 3049 473 3084 Ex
490 3049 680 3097 Regesto,
705 3049 801 3087 Cod.
822 3060 866 3096 33
881 3050 944 3098 g),
962 3049 1034 3086 fol.
1061 3058 1144 3096 190.
1488 3050 1504 3071 ³
1552 3047 1773 3095 Augerius.
