2228 3548
119 0 174 26 «Ψ.
211 14 252 32 Ἥ.
322 0 385 30 {zm
431 0 444 28 f
569 0 607 20 Ἡ
639 0 686 19 Μ
711 0 721 12 2

881 310 925 337 12
954 273 1201 338 Damanis
1231 301 1322 347 1566
1797 301 1866 350 335

280 402 536 461 Herbipoli‚
561 416 648 446 con
670 402 833 460 grandi
854 402 1047 460 guardie
1066 409 1112 447 et
1138 402 1367 461 diligenza
1387 417 1396 458 ;
1421 410 1469 449 et
1490 404 1674 460 quando
1695 418 1801 450 esce
1831 405 1919 450 alla

281 482 390 535 cita,
413 495 532 524 vano
555 493 643 524 con
664 479 728 523 lui
749 479 877 524 molti
898 478 1074 534 armati,
1099 480 1274 524 benche
1303 480 1365 524 mi
1392 480 1556 526 diceua
1574 481 1606 524 il
1626 482 1913 537 cancellario,

283 560 370 603 che
389 556 511 615 dipoi
532 557 649 601 della
671 556 808 610 dieta,
834 563 880 602 et
900 557 1051 600 bando
1065 557 1170 602 dell'
1193 556 1384 614 imperio
1398 559 1513 602 fatto
1535 557 1583 602 in
1599 559 1766 615 quella,
1785 566 1916 604 stano

285 634 450 690 securi,
474 634 552 692 piu
574 635 658 679 che
680 634 727 677 in
749 635 984 691 Augusta,
1009 634 1128 678 nella
1153 633 1244 678 cita
1260 668 1270 688 ‚
1294 641 1382 679 etc.
1409 636 1473 680 La
1502 635 1593 680 cita
1613 642 1659 680 et
1687 637 1856 681 ducato
1889 639 1915 681 e

286 713 426 756 molto
446 718 643 764 corroto,
670 715 765 754 tum
787 712 839 754 in
850 711 968 767 fide,
991 713 1087 754 tum
1111 711 1162 754 in
1188 712 1371 755 licentia
1391 726 1573 771 morum
1589 727 1604 756 .·
1631 727 1744 757 sono
1772 713 1916 758 molto

286 788 525 843 licentiosi,
550 795 596 834 et
616 788 662 831 di
685 794 846 832 natura
869 788 984 833 forte
1005 794 1051 833 et
1072 788 1262 845 grande,
1288 795 1334 834 et
1361 789 1456 834 cosi
1477 789 1516 833 si
1538 796 1658 834 teme
1680 789 1912 846 difficolta3

283 873 332 911 et
352 867 624 910 nominatim
646 865 678 909 il
693 866 886 923 capitolo
908 865 1048 909 molto
1065 865 1208 910 libero
1225 872 1271 910 et
1292 868 1378 911 che
1398 868 1458 911 ha
1474 866 1688 924 bisognio
1702 867 1748 910 di
1766 869 1910 912 refor-

285 943 482 987 matione
513 943 628 987 assai
651 945 678 987 ¹.
715 943 769 987 Li
804 942 943 986 vicini
978 957 1091 986 sono
1127 942 1257 999 quasi
1285 943 1392 986 tutti
1422 943 1611 988 heretici
1643 951 1690 988 et
1720 945 1911 1002 potenti:

281 1022 419 1065 credo
446 1022 532 1064 che
559 1035 651 1064 non
679 1019 818 1063 habbi
845 1020 960 1063 altro
976 1025 999 1048 ⁸
1023 1018 1227 1076 principe
1248 1019 1397 1063 vicino
1418 1021 1657 1074 catholico,
1682 1036 1732 1066 se
1764 1036 1857 1066 non
1878 1023 1909 1066 l’

282 1098 461 1141 elettor’
487 1097 772 1154 maguntino.
799 1098 864 1141 La
885 1095 1142 1151 facolta-del
1158 1109 1356 1140 vescouo
1373 1103 1419 1141 et
1435 1097 1629 1153 capitolo
1645 1099 1687 1142 al
1705 1106 1915 1155 presente

282 1176 309 1219 e
331 1189 459 1231 poca,
485 1189 565 1231 per
586 1189 724 1218 causa
745 1175 829 1217 che
849 1173 967 1218 nelle
983 1187 1151 1230 guerre
1166 1180 1347 1230 passate
1362 1173 1436 1217 del
1452 1176 1686 1220 marchese
1702 1175 1747 1219 di
1767 1178 1913 1220 Bran·

284 1253 511 1309 damburg
528 1252 544 1273 ⁸
569 1251 706 1295 lascio
728 1250 976 1294 indebitata
997 1250 1041 1294 la
1061 1250 1214 1294 chiesa
1235 1250 1281 1294 in
1309 1257 1514 1296 trecento
1536 1251 1655 1296 mille
1689 1253 1838 1296 fiorini
1867 1260 1915 1297 et

286 1329 363 1386 piu
384 1329 416 1372 il
435 1343 633 1374 vescouo
655 1334 855 1385 passato,
879 1334 925 1371 et
945 1327 1159 1372 debbono
1181 1329 1378 1372 anchora
1398 1328 1442 1372 la
1462 1329 1686 1386 maggior’
1706 1337 1849 1386 parte,
1868 1338 1914 1376 et

284 1420 465 1463 pagano
487 1407 646 1463 grand’
673 1404 904 1460 interessi,
929 1411 975 1450 et
1011 1406 1164 1449 hanno
1191 1404 1406 1450 sminuita
1434 1406 1478 1450 la
1511 1405 1687 1451 rendita
1715 1407 1913 1464 grande-

282 1490 433 1528 mente
452 1498 532 1541 per
553 1483 596 1527 le
615 1482 794 1528 miserie
814 1482 861 1526 di
882 1482 1030 1539 questi
1053 1481 1207 1539 tempi,
1231 1491 1277 1527 et
1299 1482 1584 1539 grossissime
1605 1498 1760 1541 spesse
1782 1485 1907 1529 ordi-

278 1560 403 1604 narie
429 1574 508 1617 per
537 1561 578 1604 le
611 1559 938 1604 circonstancie
969 1558 1076 1604 delli
1107 1559 1285 1603 nemici.
1314 1561 1378 1604 Le
1406 1560 1710 1614 conclusioni,
1740 1563 1904 1615 Padre,

278 1637 396 1681 dalle
417 1637 642 1681 comodita
665 1644 711 1681 et
731 1636 945 1680 difficolta
972 1637 1014 1680 le
1046 1637 1142 1680 fara
1168 1636 1211 1680 la
1240 1638 1290 1680 P.
1313 1638 1369 1682 V.
1391 1638 1532 1682 molto
1552 1638 1719 1695 meglio
1747 1639 1793 1682 di
1814 1654 1904 1693 me;

280 1715 456 1758 benche
476 1715 519 1758 le
539 1714 627 1758 mie
647 1714 685 1758 si
707 1720 929 1770 puotrano
951 1713 1254 1758 conietturare
1269 1714 1316 1757 di
1331 1715 1482 1770 quello
1498 1716 1583 1759 che
1601 1722 1721 1759 resta
1743 1731 1770 1760 a
1790 1716 1903 1762 dire.

282 1790 373 1835 Noi
394 1791 558 1835 fusimo
585 1791 725 1835 molto
753 1791 843 1836 ben
871 1789 1083 1834 riceuutti
1110 1790 1184 1834 dal
1210 1805 1423 1844 veseouo,
1458 1791 1489 1834 il
1511 1793 1644 1848 quale
1672 1792 1833 1838 rimese
1864 1794 1908 1838 la

282 1868 542 1914 trattatione
558 1869 675 1913 della
691 1867 959 1912 fundatione
975 1867 1016 1911 al
1033 1867 1316 1920 cancellario,
1340 1869 1425 1913 che
1442 1869 1487 1913 fa
1507 1869 1616 1926 ogni
1632 1884 1754 1923 cosa,
1773 1877 1820 1915 et
1836 1871 1907 1916 cio

283 1946 368 1990 che
388 1944 452 1988 lui
475 1946 540 2000 fa,
564 1946 766 2002 approba
796 1945 826 1988 il
855 1959 1069 1989 vescouo.
1094 1944 1198 1988 Co'l
1218 1945 1484 1989 cancellario
1516 1947 1731 1991 hebbimo
1760 1949 1907 2005 grand

282 2021 497 2066 difficolta
518 2023 560 2066 al
580 2022 818 2079 principio,
843 2036 924 2078 per
950 2035 1108 2073 causa,
1133 2034 1262 2065 come
1289 2019 1334 2064 io
1354 2023 1507 2075 credo,
1538 2024 1624 2068 che
1652 2023 1740 2068 mai
1767 2039 1906 2069 erano

282 2098 389 2142 stati
409 2099 636 2143 informati
657 2099 960 2143 chiaramente
981 2098 1054 2142 del
1075 2098 1208 2141 modo
1235 2098 1292 2143 de
1321 2099 1496 2143 fundar’
1522 2100 1718 2157 collegij,
1744 2108 1790 2146 et
1810 2103 1904 2145 for-

279 2177 402 2220 mula
421 2183 468 2219 et
489 2177 624 2220 modo
641 2177 686 2218 d'
709 2175 986 2232 obligatione
1007 2175 1063 2219 de
1092 2175 1318 2219 fundatori
1345 2182 1391 2221 et
1420 2183 1573 2221 nostra
1594 2191 1604 2230 3
1639 2184 1685 2221 et
1712 2177 1906 2235 special»

279 2259 431 2296 mente
454 2254 552 2298 fece
579 2267 755 2296 summa
781 2252 1016 2305 difficolta,
1042 2252 1224 2308 quando
1249 2253 1367 2296 senti
1393 2252 1425 2296 il
1452 2253 1721 2298 cancellario
1748 2256 1834 2298 che
1862 2257 1902 2299 s'

279 2330 459 2374 haueua
478 2330 537 2373 da
558 2331 652 2374 fare
674 2330 877 2373 almanco
898 2329 940 2372 la
962 2328 1226 2374 fundatione
1247 2343 1328 2386 per
1348 2330 1611 2376 alimentare
1633 2338 1813 2375 sesanta
1843 2332 1901 2376 de

280 2406 438 2460 nostri,
462 2406 494 2449 il
509 2409 595 2451 che
611 2407 659 2449 fu
675 2405 929 2451 necessario
945 2405 1041 2450 dire
1057 2405 1375 2461 chiaramente,
1395 2409 1560 2464 perche
1575 2409 1671 2452 loro
1688 2408 1903 2466 vogliono

279 2486 448 2528 hauere
470 2483 574 2527 tutti
595 2483 626 2526 li
646 2482 795 2528 lettori
816 2485 901 2526 che
922 2484 1073 2526 hanno
1094 2497 1121 2526 a
1141 2485 1279 2527 esser’
1297 2483 1344 2528 in
1361 2499 1448 2528 una
1466 2485 1714 2529 vniuersita
1730 2492 1899 2539 nostra,

282 2568 329 2606 et
350 2561 380 2604 il
401 2562 583 2606 decreto
603 2561 720 2606 della
742 2559 1096 2617 congregatione
1122 2559 1161 2603 si
1187 2559 1363 2606 rimette
1384 2563 1456 2606 all'
1480 2562 1637 2607 ordine
1664 2564 1720 2606 de
1747 2570 1904 2607 nostro

353 2705 374 2727 ²
412 2708 434 2734 z
451 2698 571 2734 verba
587 2709 701 2745 seqq.
724 2697 765 2733 in
780 2695 953 2742 margine
970 2695 1118 2732 addidit
1134 2696 1227 2733 libr.

349 2817 361 2838 ¹
412 2817 479 2854 Cf.
501 2817 855 2862 BRAUNSBRRGER‚
874 2816 950 2851 loc.
974 2815 1044 2851 cit.
1058 2843 1068 2861 ,
1085 2815 1158 2861 111,
1176 2825 1265 2861 422.

349 2877 363 2899 ²
411 2877 500 2923 Ipse
517 2876 723 2924 episeopus
746 2874 1030 2922 herbipolensis
1053 2873 1102 2910 de
1125 2875 1198 2910 hoc
1219 2876 1324 2912 bello
1346 2877 1442 2914 haec
1466 2876 1622 2924 scripsit
1646 2878 1694 2913 B.
1725 2876 1898 2926 Canisio,

276 2935 299 2971 3
318 2935 408 2982 Maji
433 2935 536 2980 1561:
563 2936 704 2971 «rebus
730 2940 769 2971 et
792 2933 931 2981 opibus
956 2933 1100 2970 nostris
1123 2934 1228 2970 bello
1250 2935 1450 2983 superiore
1474 2941 1552 2972 tarn
1577 2936 1744 2972 attritis»
1769 2948 1830 2974 sc.
1859 2937 1900 2974 in

276 2995 404 3031 «bello
416 2994 520 3042 quod
538 2994 724 3030 Albertus
737 2992 981 3036 Alcibiade&
997 2992 1168 3029 marchio
1183 2985 1566 3041 brandenburgensis
1583 3007 1623 3031 a.
1646 3004 1737 3042 1552
1751 3001 1791 3032 et
1807 2995 1900 3042 1553

277 3059 412 3090 contra
436 3053 639 3101 episcopos
662 3058 703 3090 et
725 3053 820 3089 alios
843 3051 996 3099 imperii
1019 3051 1175 3088 ordines
1198 3052 1466 3090 crudelissime
1488 3060 1688 3101 gesserat»
1711 3056 1902 3092 BRAUNS-

280 3121 461 3159 BERGER,
480 3113 557 3149 loc.
581 3111 672 3155 cit„
691 3112 764 3157 111,
785 3119 865 3156 127.
