2228 3548
475 307 545 343 400
988 294 1126 329 EmsT.
1154 293 1198 328 P.
1227 292 1498 339 NADAL—467

420 395 698 442 contentarsi
719 396 819 442 che,
845 408 981 438 senza
1010 399 1253 446 contratto,
1278 393 1392 437 fussi
1417 394 1523 438 dato
1550 393 1695 450 quest’
1718 394 1876 439 ordine
1899 394 1941 437 al
1964 399 2058 436 ret-

420 483 517 519 tore
538 474 594 516 de
617 472 764 528 Spira,
785 487 811 515 o
835 485 943 514 uero
961 471 1003 514 al
1021 468 1273 526 prouincial
1293 469 1367 514 del
1384 471 1558 524 Rheno,
1579 472 1637 516 de
1659 470 1836 517 tenerui
1858 470 1905 513 in
1922 469 2057 526 Spira

419 550 689 608 predicator,
715 556 760 593 et
782 549 927 591 anche
948 548 990 591 la
1012 546 1198 590 lettione
1221 546 1494 603 theologica.
1522 549 1579 592 V.
1605 549 1659 592 R.
1686 549 1802 592 ueda
1818 562 1868 592 se
1891 553 2056 603 questo

418 627 548 684 potrzi
565 628 760 678 bastare,
777 632 822 669 et
839 626 924 669 che
941 625 983 667 la
1000 623 1285 680 Compagnia
1303 623 1444 667 faccia
1460 625 1610 680 quello
1627 627 1712 670 che
1729 627 1836 682 puo,
1851 624 2053 668 secondo

418 706 461 749 16
483 701 796 747 constitutioni
819 716 915 745 sue.
942 701 1028 745 Del
1052 706 1187 753 resto,
1213 714 1305 743 non
1327 701 1520 745 essendo
1542 709 1712 746 uenuta
1727 702 1771 745 la
1790 701 2050 754 donatione,

418 782 474 825 nc
496 780 625 837 copia
646 779 691 822 di
713 779 878 834 quella,
904 792 995 821 non
1024 777 1061 820 si
1084 777 1175 834 puo
1197 777 1292 820 fare
1322 777 1466 822 fermo
1488 776 1697 834 giuditio:
1729 778 1815 822 alla
1843 778 2053 835 giornata

419 864 722 915 aspettaremo
745 856 905 900 lettere
927 854 973 898 di
997 854 1066 898 cio
1088 856 1117 897 ¹.

510 947 551 978 2.
618 933 752 978 Circa
774 934 803 975 l’
823 932 980 976 habito
1004 931 1109 976 delli
1126 931 1268 975 nostri
1289 931 1336 974 in
1357 930 1489 988 Spira
1510 938 1556 976 et
1577 931 1678 975 altri
1701 931 1859 989 luoghi
1875 932 1921 976 di
1937 933 2057 976 Ger·-

419 1011 590 1064 mania,
616 1010 760 1068 parmi
783 1010 899 1055 bene
921 1012 1006 1053 che
1036 1011 1093 1054 V.
1119 1010 1173 1053 R.
1202 1008 1326 1052 tratti
1356 1022 1440 1052 con
1470 1008 1501 1051 11
1528 1007 1810 1065 prouintiali:
1836 1015 1882 1053 et
1908 1009 2061 1066 quello

419 1091 505 1132 che
527 1090 686 1145 patera
706 1088 801 1131 loro
823 1094 869 1130 et
891 1102 917 1130 a
939 1088 996 1131 V.
1024 1088 1078 1130 R.
1104 1085 1285 1129 intorno
1303 1101 1328 1129 a
1350 1092 1526 1141 questo,
1552 1085 1613 1128 mi
1641 1085 1679 1129 si
1702 1085 1866 1139 scriua,
1891 1087 2058 1143 perche

420 1180 511 1221 qua
532 1180 625 1208 non
647 1179 808 1208 manca
829 1164 1056 1220 qualcuno
1084 1162 1129 1206 di
1151 1163 1288 1220 quelli
1318 1163 1404 1206 che
1431 1177 1542 1206 sano
1570 1164 1715 1207 anche
1741 1162 1772 1205 li
1797 1161 1978 1206 humori
2008 1163 2054 1207 di

419 1241 682 1294 Germania,
708 1242 793 1285 che
817 1248 946 1284 troua
968 1239 1185 1284 difficulta
1208 1238 1254 1282 in
1278 1246 1438 1296 questa
1460 1239 1650 1284 materia
1665 1240 1698 1284 ².

512 1333 552 1375 3.
619 1317 777 1364 Scriue
800 1319 858 1362 V.
884 1319 938 1361 R.
965 1319 1065 1370 che,
1086 1331 1178 1360 non
1200 1316 1239 1361 si
1260 1316 1492 1374 pigliando
1514 1331 1683 1361 nessun
1701 1316 1892 1373 collegio
1909 1308 1987 1373 pisi
2007 1315 2054 1360 in

418 1396 667 1442 Germania
689 1410 768 1452 per
792 1409 853 1438 un
876 1402 1043 1451 tempo,
1068 1402 1113 1439 et
1136 1409 1227 1438 non
1249 1394 1287 1438 si
1309 1395 1501 1438 facendo
1523 1394 1749 1448 missioni,
1770 1400 1815 1439 61
1837 1393 2053 1437 aiutando

418 1474 477 1517 da
498 1474 642 1517 Roma
663 1487 751 1516 con
774 1471 1028 1529 philosophi
1060 1479 1105 1516 et
1138 1471 1370 1529 theologi,
1395 1487 1490 1515 non
1522 1485 1828 1516 mancaranno
1860 1470 2052 1527 operarij

419 1566 499 1607 per
521 1549 551 1593 li
573 1548 769 1606 collegij,
795 1548 900 1593 delli
929 1548 1048 1604 quali
1077 1550 1136 1591 ha
1164 1547 1320 1592 scritto
1342 1549 1399 1593 V.
1426 1550 1480 1593 R.
1507 1549 1572 1593 La
1604 1547 1747 1605 prima
1777 1546 2053 1600 conditione,

419 1634 465 1670 et
486 1629 632 1672 anche
663 1627 706 1669 la
744 1625 852 1677 25¹³,
878 1640 970 1668 non
1002 1625 1167 1682 paiono
1201 1632 1359 1682 troppo
1389 1625 1563 1669 difficili
1584 1626 1629 1669 di
1658 1626 1871 1683 guardar,
1896 1624 2055 1680 pOichc

421 1719 513 1747 non
536 1703 572 1747 si
596 1703 719 1760 parla
736 1702 813 1758 pisi
830 1703 945 1745 delle
963 1702 1163 1746 missioni
1180 1703 1237 1747 de
1253 1709 1380 1759 parte
1397 1703 1470 1747 del
1490 1717 1620 1760 papa.
1641 1703 1707 1746 La
1725 1701 1811 1758 3.⁰‚
1836 1702 1909 1747 del
1925 1716 2054 1745 man-

420 1781 501 1824 dar
523 1779 776 1837 philosophi
800 1786 845 1823 et
867 1779 1083 1836 theologi,
1109 1780 1306 1823 secondo
1328 1781 1412 1824 che
1433 1780 1551 1824 uedo
1570 1780 1614 1824 16
1635 1794 1743 1824 0036
1763 1779 1809 1822 (11
1831 1793 1936 1835 qua,
1962 1793 2053 1822 non

419 1858 443 1901 ὲ
466 1864 626 1914 troppo
649 1856 779 1900 facile
801 1871 879 1912 per
907 1856 1080 1900 adesso.
1109 1856 1323 1900 Tuttauia
1346 1856 1384 1900 si
1412 1857 1575 1901 manda
1596 1872 1660 1900 un
1680 1857 1950 1913 philosopho
1971 1869 2052 1912 per

417 1933 620 1991 Dilinga,
645 1940 690 1976 et
712 1932 749 1976 si
773 1933 939 1978 uedera
962 1947 1010 1976 se
1032 1948 1165 1977 uerso
1186 1933 1217 1976 il
1247 1934 1336 1977 fine
1364 1934 1481 1979 della
1508 1941 1626 1979 state
1654 1933 1690 1977 si
1713 1933 1841 1990 potra
1863 1933 2051 1976 mandar

422 2026 485 2055 un
509 2011 639 2055 altro.

512 2101 556 2142 4.
621 2087 707 2131 Del
724 2100 915 2130 reuocar
932 2087 1068 2143 quelli
1085 2087 1274 2144 operarij
1293 2088 1411 2133 della
1427 2089 1462 2131 F
1465 2087 1586 2141 risia,
1608 2087 1645 2131 si
1660 2087 1839 2132 rimette
1855 2102 1881 2131 a
1894 2089 1950 2132 V.
1972 2088 2046 2139 R.‚

418 2167 505 2210 che
526 2179 618 2208 non
641 2178 747 2220 pare
768 2163 933 2207 habbia
950 2164 991 2207 13
1015 2179 1120 2208 0033
1135 2164 1371 2209 difficulta.
1393 2165 1624 2221 Alquanto
1646 2164 1853 2222 maggior
1874 2164 1912 2208 si
1936 2165 2050 2208 uede

420 2242 468 2285 in
491 2242 641 2298 quello
662 2240 708 2284 di
730 2242 765 2284 F
769 2241 1008 2284 ranfordia.
1037 2243 1130 2285 Pur
1152 2243 1209 2286 V.
1235 2244 1290 2286 R.
1316 2243 1481 2286 uedera
1503 2242 1534 2286 il
1555 2244 1696 2286 frutto
1715 2243 1800 2286 che
1821 2241 1859 2285 si
1880 2243 1925 2284 fa
1946 2247 1992 2286 61
2013 2240 2051 2284 31

419 2333 566 2376 spera,
590 2325 637 2362 61
659 2319 731 2362 all’
750 2319 861 2360 hora
885 2318 976 2361 fara
995 2319 1099 2374 quel
1116 2321 1200 2363 che
1216 2319 1247 2362 li
1270 2320 1426 2376 parera
1444 2314 1724 2363 in'Domino.
1745 2320 1815 2362 Fu
1830 2319 1919 2363 ben
1937 2319 2051 2362 fatto

419 2396 609 2439 mandar
631 2395 735 2451 quel
756 2394 870 2437 libro
892 2395 963 2437 del
986 2395 1214 2440 Kemnitio
1243 2397 1285 2440 al
1313 2396 1512 2441 cardinal
1538 2396 1725 2440 infante.
1754 2396 1788 2439 11
1810 2409 2049 2452 precursor

418 2473 476 2518 (16
497 2473 540 2516 13
562 2472 753 2528 risposta
774 2471 846 2515 del
870 2472 1026 2527 Payua
1049 2487 1096 2516 se
1119 2474 1142 2517 ὲ
1163 2473 1386 2528 riceuutO,
1406 2481 1452 2519 et
1472 2474 1503 2517 il
1520 2474 1671 2517 dottor
1687 2475 1851 2516 Torres
1868 2474 1900 2525 ³,
1920 2486 2047 2516 corne

419 2550 613 2602 secular,
634 2563 723 2591 non
742 2548 870 2604 potra
888 2548 962 2605 gia
981 2548 1059 2591 far’
1077 2549 1124 2593 in
1140 2565 1224 2594 suo
1240 2565 1374 2596 nome
1395 2557 1556 2607 questo
1573 2550 1749 2602 libreto,
1769 2550 1960 2594 essendo
1976 2548 2048 2591 in-

419 2633 536 2669 trato
558 2626 676 2670 nella
698 2625 993 2681 Compagnia.
1021 2627 1054 2668 Il
1081 2628 1217 2670 modo
1239 2628 1295 2671 de
1317 2627 1515 2673 scriuere
1543 2628 1585 2670 al
1613 2625 1816 2683 superior
1837 2625 1942 2669 delli
1963 2640 2046 2669 no-

417 2702 498 2745 stri
520 2702 566 2745 in
589 2701 721 2758 Spira
742 2704 778 2746 s’
798 2701 823 2746 3
843 2701 1004 2746 111163οε
1026 2718 1119 2747 11011
1137 2719 1188 2747 30
1206 2711 1376 2760 quanto
1394 2704 1460 2748 sia
1481 2703 1714 2760 spediente
1736 2717 1840 2746 usar
1862 2703 1923 2746 tal
1939 2702 2048 2745 disi-

416 2779 681 2831 mulatione‚
702 2778 912 2831 massime
928 2781 1118 2823 essendo
1140 2781 1406 2824 conosciuto
1428 2795 1556 2826 come
1578 2795 1669 2824 uno
1691 2781 1747 2824 de
1768 2778 1925 2823 nostri.
1954 2781 2048 2823 Pur

417 2855 463 2899 di
485 2855 527 2899 13
550 2870 662 2899 30110
683 2855 762 2912 pisi
782 2854 936 2908 uicini,
963 2863 1007 2900 et
1029 2864 1249 2913 potranno
1272 2858 1411 2902 ueder
1432 2858 1571 2902 molte
1593 2871 1713 2910 cose,
1739 2858 1824 2901 che
1845 2870 1934 2912 qua
1956 2870 2047 2900 non

487 2978 498 2998 ¹
551 2978 651 3014 Vide
670 2977 788 3025 epist.
814 2977 897 3025 456,
919 2990 961 3014 n.
986 2979 1021 3023 83
1042 2989 1125 3025 459,
1146 2992 1189 3016 n.
1217 2989 1250 3024 13
1269 2987 1309 3016 et
1327 2980 1497 3027 append.
1525 2981 1593 3024 VI,
1612 2980 1702 3027 VII,
1720 2980 1808 3026 XX,
1828 2984 1906 3015 etc.

491 3039 505 3059 ²
557 3037 658 3073 Vide
676 3037 794 3084 epist.
818 3046 902 3082 459,
922 3049 965 3072 n.
989 3047 1023 3082 23
1040 3045 1079 3074 et
1097 3039 1267 3086 append.
1291 3040 1419 3075 XLIII
1437 3045 1477 3075 61
1494 3039 1619 3076 XLV.

486 3097 501 3117 ³
552 3095 782 3132 Franciscus
799 3095 849 3131 de
867 3097 1022 3141 Torres,
1042 3097 1135 3134 alias
1154 3099 1366 3135 Turrianus
1384 3098 1526 3136 dictus.
