<?xml version="1.0" encoding="UTF-8"?>
<!DOCTYPE html PUBLIC "-//W3C//DTD XHTML 1.0 Transitional//EN"
    "http://www.w3.org/TR/xhtml1/DTD/xhtml1-transitional.dtd">
<html xmlns="http://www.w3.org/1999/xhtml" xml:lang="en" lang="en">
 <head>
  <title>
</title>
<meta http-equiv="Content-Type" content="text/html;charset=utf-8" />
  <meta name='ocr-system' content='tesseract 3.04.00' />
  <meta name='ocr-capabilities' content='ocr_page ocr_carea ocr_par ocr_line ocrx_word'/>
</head>
<body>
  <div class='ocr_page' id='page_1' title='image "./epistolaephieron03nadauoft_0185.png"; bbox 0 0 2228 3548; ppageno 0'>
   <div class='ocr_carea' id='block_1_1' title="bbox 867 285 1787 340">
    <p class='ocr_par' dir='ltr' id='par_1_1' title="bbox 867 285 1787 340">
     <span class='ocr_line' id='line_1_1' title="bbox 867 285 1787 340; baseline -0.004 -16"><span class='ocrx_word' id='word_1_1' title='bbox 867 294 911 335; x_wconf 86' lang='lat'>25</span> <span class='ocrx_word' id='word_1_2' title='bbox 939 285 1039 333; x_wconf 71' lang='lat' dir='ltr'>MAJ1</span> <span class='ocrx_word' id='word_1_3' title='bbox 1068 286 1158 335; x_wconf 90' lang='lat'><strong>1566</strong></span> <span class='ocrx_word' id='word_1_4' title='bbox 1721 300 1787 340; x_wconf 80' lang='lat'>147</span> 
     </span>
    </p>
   </div>
   <div class='ocr_carea' id='block_1_2' title="bbox 174 391 1833 2865">
    <p class='ocr_par' dir='ltr' id='par_1_2' title="bbox 189 391 1833 1463">
     <span class='ocr_line' id='line_1_2' title="bbox 195 391 1830 450; baseline 0.004 -14"><span class='ocrx_word' id='word_1_5' title='bbox 195 391 240 438; x_wconf 80' lang='lat' dir='ltr'>sa</span> <span class='ocrx_word' id='word_1_6' title='bbox 260 391 402 437; x_wconf 88' lang='lat' dir='ltr'>molto</span> <span class='ocrx_word' id='word_1_7' title='bbox 421 397 560 436; x_wconf 92' lang='lat' dir='ltr'>conto</span> <span class='ocrx_word' id='word_1_8' title='bbox 582 391 699 436; x_wconf 92' lang='lat' dir='ltr'>delle</span> <span class='ocrx_word' id='word_1_9' title='bbox 719 405 802 436; x_wconf 90' lang='lat' dir='ltr'>sue</span> <span class='ocrx_word' id='word_1_10' title='bbox 822 391 987 446; x_wconf 86' lang='lat' dir='ltr'><strong>littere,</strong></span> <span class='ocrx_word' id='word_1_11' title='bbox 1012 391 1184 450; x_wconf 89' lang='lat' dir='ltr'>negotij</span> <span class='ocrx_word' id='word_1_12' title='bbox 1205 398 1314 448; x_wconf 90' lang='lat' dir='ltr'>etc.,</span> <span class='ocrx_word' id='word_1_13' title='bbox 1338 399 1385 438; x_wconf 93' lang='lat' dir='ltr'>et</span> <span class='ocrx_word' id='word_1_14' title='bbox 1406 395 1588 450; x_wconf 92' lang='lat' dir='ltr'>quando</span> <span class='ocrx_word' id='word_1_15' title='bbox 1611 396 1830 442; x_wconf 91' lang='lat' dir='ltr'>uedesino</span> 
     </span>
     <span class='ocr_line' id='line_1_3' title="bbox 196 469 1833 531; baseline 0.003 -17"><span class='ocrx_word' id='word_1_16' title='bbox 196 472 280 514; x_wconf 91' lang='lat' dir='ltr'>che</span> <span class='ocrx_word' id='word_1_17' title='bbox 301 469 349 514; x_wconf 91' lang='lat' dir='ltr'>in</span> <span class='ocrx_word' id='word_1_18' title='bbox 365 469 612 515; x_wconf 85' lang='lat' dir='ltr'>Germania</span> <span class='ocrx_word' id='word_1_19' title='bbox 643 469 682 513; x_wconf 91' lang='lat' dir='ltr'>si</span> <span class='ocrx_word' id='word_1_20' title='bbox 702 470 927 514; x_wconf 89' lang='lat' dir='ltr'>mandano</span> <span class='ocrx_word' id='word_1_21' title='bbox 948 469 1089 527; x_wconf 89' lang='lat' dir='ltr'>legati</span> <span class='ocrx_word' id='word_1_22' title='bbox 1111 476 1157 515; x_wconf 93' lang='lat' dir='ltr'>et</span> <span class='ocrx_word' id='word_1_23' title='bbox 1178 469 1332 528; x_wconf 88' lang='lat' dir='ltr'>nuncij</span> <span class='ocrx_word' id='word_1_24' title='bbox 1356 471 1402 515; x_wconf 93' lang='lat' dir='ltr'>di</span> <span class='ocrx_word' id='word_1_25' title='bbox 1423 472 1561 516; x_wconf 89' lang='lat' dir='ltr'>molta</span> <span class='ocrx_word' id='word_1_26' title='bbox 1582 474 1833 531; x_wconf 90' lang='lat' dir='ltr'>reputatio-</span> 
     </span>
     <span class='ocr_line' id='line_1_4' title="bbox 197 543 1832 604; baseline 0.001 -11"><span class='ocrx_word' id='word_1_27' title='bbox 197 564 272 604; x_wconf 90' lang='lat' dir='ltr'>ne,</span> <span class='ocrx_word' id='word_1_28' title='bbox 297 555 343 595; x_wconf 93' lang='lat' dir='ltr'>et</span> <span class='ocrx_word' id='word_1_29' title='bbox 364 548 410 592; x_wconf 95' lang='lat' dir='ltr'>di</span> <span class='ocrx_word' id='word_1_30' title='bbox 431 548 587 592; x_wconf 90' lang='lat' dir='ltr'>molto:</span> <span class='ocrx_word' id='word_1_31' title='bbox 615 554 660 593; x_wconf 90' lang='lat' dir='ltr'>et</span> <span class='ocrx_word' id='word_1_32' title='bbox 682 547 930 593; x_wconf 89' lang='lat' dir='ltr'>realmente</span> <span class='ocrx_word' id='word_1_33' title='bbox 951 547 1141 592; x_wconf 88' lang='lat' dir='ltr'>sarebbe</span> <span class='ocrx_word' id='word_1_34' title='bbox 1162 548 1302 592; x_wconf 88' lang='lat' dir='ltr'>molto</span> <span class='ocrx_word' id='word_1_35' title='bbox 1324 548 1450 603; x_wconf 90' lang='lat' dir='ltr'>utile,</span> <span class='ocrx_word' id='word_1_36' title='bbox 1476 551 1561 595; x_wconf 89' lang='lat' dir='ltr'>che</span> <span class='ocrx_word' id='word_1_37' title='bbox 1579 583 1589 604; x_wconf 91' lang='lat'>,</span> <span class='ocrx_word' id='word_1_38' title='bbox 1614 543 1730 595; x_wconf 76' lang='lat' dir='ltr'>oltra</span> <span class='ocrx_word' id='word_1_39' title='bbox 1758 552 1832 596; x_wconf 92' lang='lat' dir='ltr'>del</span> 
     </span>
     <span class='ocr_line' id='line_1_5' title="bbox 197 624 1832 684; baseline 0.001 -12"><span class='ocrx_word' id='word_1_40' title='bbox 197 627 366 672; x_wconf 91' lang='lat' dir='ltr'>nuncio</span> <span class='ocrx_word' id='word_1_41' title='bbox 387 628 473 671; x_wconf 89' lang='lat' dir='ltr'>che</span> <span class='ocrx_word' id='word_1_42' title='bbox 494 634 565 671; x_wconf 87' lang='lat' dir='ltr'>sta</span> <span class='ocrx_word' id='word_1_43' title='bbox 586 640 776 684; x_wconf 87' lang='lat' dir='ltr'>appreso</span> <span class='ocrx_word' id='word_1_44' title='bbox 799 626 848 672; x_wconf 88' lang='lat' dir='ltr'>S.</span> <span class='ocrx_word' id='word_1_45' title='bbox 875 627 922 670; x_wconf 96' lang='lat' dir='ltr'>M</span> <span class='ocrx_word' id='word_1_46' title='bbox 930 659 959 679; x_wconf 90' lang='lat'>.,</span> <span class='ocrx_word' id='word_1_47' title='bbox 984 624 1073 670; x_wconf 91' lang='lat' dir='ltr'>fusi</span> <span class='ocrx_word' id='word_1_48' title='bbox 1100 627 1179 669; x_wconf 91' lang='lat' dir='ltr'>un’</span> <span class='ocrx_word' id='word_1_49' title='bbox 1204 626 1318 671; x_wconf 91' lang='lat' dir='ltr'>altro</span> <span class='ocrx_word' id='word_1_50' title='bbox 1340 626 1385 670; x_wconf 91' lang='lat' dir='ltr'>in</span> <span class='ocrx_word' id='word_1_51' title='bbox 1408 628 1445 671; x_wconf 95' lang='lat' dir='ltr'>F</span> <span class='ocrx_word' id='word_1_52' title='bbox 1448 626 1619 682; x_wconf 88' lang='lat' dir='ltr'>iandra,</span> <span class='ocrx_word' id='word_1_53' title='bbox 1644 635 1690 672; x_wconf 91' lang='lat' dir='ltr'>et</span> <span class='ocrx_word' id='word_1_54' title='bbox 1717 629 1832 674; x_wconf 90' lang='lat' dir='ltr'>altro</span> 
     </span>
     <span class='ocr_line' id='line_1_6' title="bbox 195 702 1832 763; baseline 0.001 -14"><span class='ocrx_word' id='word_1_55' title='bbox 195 705 244 750; x_wconf 89' lang='lat' dir='ltr'>in</span> <span class='ocrx_word' id='word_1_56' title='bbox 265 704 555 763; x_wconf 88' lang='lat' dir='ltr'>Alamagnia,</span> <span class='ocrx_word' id='word_1_57' title='bbox 579 703 785 748; x_wconf 91' lang='lat' dir='ltr'>huomini</span> <span class='ocrx_word' id='word_1_58' title='bbox 805 703 863 748; x_wconf 93' lang='lat' dir='ltr'>de</span> <span class='ocrx_word' id='word_1_59' title='bbox 890 703 1029 748; x_wconf 90' lang='lat' dir='ltr'>molta</span> <span class='ocrx_word' id='word_1_60' title='bbox 1050 702 1345 761; x_wconf 89' lang='lat' dir='ltr'>importanza,</span> <span class='ocrx_word' id='word_1_61' title='bbox 1370 704 1485 749; x_wconf 91' lang='lat' dir='ltr'>dotti</span> <span class='ocrx_word' id='word_1_62' title='bbox 1507 712 1553 750; x_wconf 92' lang='lat' dir='ltr'>et</span> <span class='ocrx_word' id='word_1_63' title='bbox 1574 706 1762 763; x_wconf 90' lang='lat' dir='ltr'>esperti,</span> <span class='ocrx_word' id='word_1_64' title='bbox 1787 714 1832 752; x_wconf 92' lang='lat' dir='ltr'>et</span> 
     </span>
     <span class='ocr_line' id='line_1_7' title="bbox 194 780 1831 842; baseline 0 -14"><span class='ocrx_word' id='word_1_65' title='bbox 194 783 378 842; x_wconf 91' lang='lat' dir='ltr'>possino</span> <span class='ocrx_word' id='word_1_66' title='bbox 400 785 599 828; x_wconf 87' lang='lat' dir='ltr'>anchora</span> <span class='ocrx_word' id='word_1_67' title='bbox 620 781 792 828; x_wconf 92' lang='lat' dir='ltr'>seruire</span> <span class='ocrx_word' id='word_1_68' title='bbox 819 795 947 826; x_wconf 90' lang='lat' dir='ltr'>come</span> <span class='ocrx_word' id='word_1_69' title='bbox 975 795 1057 839; x_wconf 89' lang='lat' dir='ltr'>per</span> <span class='ocrx_word' id='word_1_70' title='bbox 1089 780 1335 838; x_wconf 89' lang='lat' dir='ltr'>comissarij</span> <span class='ocrx_word' id='word_1_71' title='bbox 1367 789 1413 827; x_wconf 91' lang='lat' dir='ltr'>et</span> <span class='ocrx_word' id='word_1_72' title='bbox 1439 784 1727 839; x_wconf 87' lang='lat' dir='ltr'>essequutori</span> <span class='ocrx_word' id='word_1_73' title='bbox 1758 785 1831 830; x_wconf 94' lang='lat' dir='ltr'>del</span> 
     </span>
     <span class='ocr_line' id='line_1_8' title="bbox 193 859 1829 918; baseline 0 -12"><span class='ocrx_word' id='word_1_74' title='bbox 193 861 401 916; x_wconf 87' lang='lat' dir='ltr'>concilio,</span> <span class='ocrx_word' id='word_1_75' title='bbox 417 861 491 906; x_wconf 88' lang='lat' dir='ltr'>alli</span> <span class='ocrx_word' id='word_1_76' title='bbox 507 860 629 918; x_wconf 89' lang='lat' dir='ltr'>quali</span> <span class='ocrx_word' id='word_1_77' title='bbox 646 861 695 906; x_wconf 91' lang='lat' dir='ltr'>S.</span> <span class='ocrx_word' id='word_1_78' title='bbox 710 861 804 906; x_wconf 79' lang='lat' dir='ltr'>Sta.</span> <span class='ocrx_word' id='word_1_79' title='bbox 825 866 1015 917; x_wconf 90' lang='lat' dir='ltr'>puotese</span> <span class='ocrx_word' id='word_1_80' title='bbox 1031 859 1125 904; x_wconf 90' lang='lat' dir='ltr'>dar&#39;</span> <span class='ocrx_word' id='word_1_81' title='bbox 1143 860 1280 904; x_wconf 90' lang='lat' dir='ltr'>molte</span> <span class='ocrx_word' id='word_1_82' title='bbox 1297 860 1617 915; x_wconf 82' lang='lat' dir='ltr'>commissioni,</span> <span class='ocrx_word' id='word_1_83' title='bbox 1629 868 1675 905; x_wconf 93' lang='lat' dir='ltr'>et</span> <span class='ocrx_word' id='word_1_84' title='bbox 1692 862 1829 906; x_wconf 89' lang='lat' dir='ltr'>molta</span> 
     </span>
     <span class='ocr_line' id='line_1_9' title="bbox 192 937 1830 998; baseline -0.001 -13"><span class='ocrx_word' id='word_1_85' title='bbox 192 939 434 994; x_wconf 78' lang='lat' dir='ltr'>authorita,</span> <span class='ocrx_word' id='word_1_86' title='bbox 459 954 539 998; x_wconf 92' lang='lat' dir='ltr'>per</span> <span class='ocrx_word' id='word_1_87' title='bbox 559 938 797 983; x_wconf 88' lang='lat' dir='ltr'>conceder&#39;</span> <span class='ocrx_word' id='word_1_88' title='bbox 817 937 963 996; x_wconf 88' lang='lat' dir='ltr'>gratie</span> <span class='ocrx_word' id='word_1_89' title='bbox 978 944 1025 982; x_wconf 92' lang='lat' dir='ltr'>et</span> <span class='ocrx_word' id='word_1_90' title='bbox 1043 938 1210 981; x_wconf 74' lang='lat' dir='ltr'>faculta</span> <span class='ocrx_word' id='word_1_91' title='bbox 1225 944 1336 992; x_wconf 90' lang='lat' dir='ltr'>etc.;</span> <span class='ocrx_word' id='word_1_92' title='bbox 1357 944 1420 991; x_wconf 91' lang='lat' dir='ltr'>et,</span> <span class='ocrx_word' id='word_1_93' title='bbox 1439 952 1488 982; x_wconf 91' lang='lat' dir='ltr'>se</span> <span class='ocrx_word' id='word_1_94' title='bbox 1510 953 1536 982; x_wconf 90' lang='lat' dir='ltr'>a</span> <span class='ocrx_word' id='word_1_95' title='bbox 1555 939 1604 984; x_wconf 91' lang='lat' dir='ltr'>S.</span> <span class='ocrx_word' id='word_1_96' title='bbox 1631 940 1728 984; x_wconf 80' lang='lat' dir='ltr'>Sta.</span> <span class='ocrx_word' id='word_1_97' title='bbox 1750 955 1830 996; x_wconf 77' lang='lat' dir='ltr'>pa-</span> 
     </span>
     <span class='ocr_line' id='line_1_10' title="bbox 192 1014 1829 1074; baseline -0.001 -12"><span class='ocrx_word' id='word_1_98' title='bbox 192 1016 307 1072; x_wconf 84' lang='lat' dir='ltr'>rese‚</span> <span class='ocrx_word' id='word_1_99' title='bbox 334 1019 448 1063; x_wconf 93' lang='lat' dir='ltr'>oltre</span> <span class='ocrx_word' id='word_1_100' title='bbox 470 1017 516 1061; x_wconf 93' lang='lat' dir='ltr'>di</span> <span class='ocrx_word' id='word_1_101' title='bbox 538 1023 698 1074; x_wconf 88' lang='lat' dir='ltr'>questa</span> <span class='ocrx_word' id='word_1_102' title='bbox 719 1030 876 1074; x_wconf 90' lang='lat' dir='ltr'>spessa</span> <span class='ocrx_word' id='word_1_103' title='bbox 897 1017 982 1060; x_wconf 92' lang='lat' dir='ltr'>che</span> <span class='ocrx_word' id='word_1_104' title='bbox 1009 1014 1048 1059; x_wconf 90' lang='lat' dir='ltr'>si</span> <span class='ocrx_word' id='word_1_105' title='bbox 1070 1014 1258 1059; x_wconf 89' lang='lat' dir='ltr'>sarebbe</span> <span class='ocrx_word' id='word_1_106' title='bbox 1286 1015 1394 1059; x_wconf 89' lang='lat' dir='ltr'>nelli</span> <span class='ocrx_word' id='word_1_107' title='bbox 1423 1016 1594 1073; x_wconf 88' lang='lat' dir='ltr'>nuncij,</span> <span class='ocrx_word' id='word_1_108' title='bbox 1620 1018 1829 1074; x_wconf 90' lang='lat' dir='ltr'>spender&#39;</span> 
     </span>
     <span class='ocr_line' id='line_1_11' title="bbox 191 1092 1828 1154; baseline -0.002 -13"><span class='ocrx_word' id='word_1_109' title='bbox 191 1097 387 1142; x_wconf 89' lang='lat' dir='ltr'>alchune</span> <span class='ocrx_word' id='word_1_110' title='bbox 409 1095 616 1154; x_wconf 86' lang='lat' dir='ltr'>migliara</span> <span class='ocrx_word' id='word_1_111' title='bbox 642 1109 723 1153; x_wconf 88' lang='lat' dir='ltr'>per</span> <span class='ocrx_word' id='word_1_112' title='bbox 751 1092 1077 1139; x_wconf 88' lang='lat' dir='ltr'>trattenimenti</span> <span class='ocrx_word' id='word_1_113' title='bbox 1098 1093 1144 1136; x_wconf 89' lang='lat' dir='ltr'>d’</span> <span class='ocrx_word' id='word_1_114' title='bbox 1166 1092 1370 1136; x_wconf 89' lang='lat' dir='ltr'>huomini</span> <span class='ocrx_word' id='word_1_115' title='bbox 1398 1093 1512 1137; x_wconf 89' lang='lat' dir='ltr'>dotti</span> <span class='ocrx_word' id='word_1_116' title='bbox 1541 1094 1772 1148; x_wconf 85' lang='lat' dir='ltr'>catholici,</span> <span class='ocrx_word' id='word_1_117' title='bbox 1798 1094 1828 1138; x_wconf 90' lang='lat' dir='ltr'>li</span> 
     </span>
     <span class='ocr_line' id='line_1_12' title="bbox 193 1168 1828 1232; baseline -0.002 -14"><span class='ocrx_word' id='word_1_118' title='bbox 193 1173 315 1231; x_wconf 89' lang='lat' dir='ltr'>quali</span> <span class='ocrx_word' id='word_1_119' title='bbox 336 1181 600 1232; x_wconf 90' lang='lat' dir='ltr'>puotessero</span> <span class='ocrx_word' id='word_1_120' title='bbox 632 1172 779 1217; x_wconf 88' lang='lat' dir='ltr'>aiutar</span> <span class='ocrx_word' id='word_1_121' title='bbox 809 1171 852 1216; x_wconf 97' lang='grc'><strong>13</strong></span> <span class='ocrx_word' id='word_1_122' title='bbox 882 1169 1073 1228; x_wconf 84' lang='lat' dir='ltr'>religion</span> <span class='ocrx_word' id='word_1_123' title='bbox 1101 1168 1369 1224; x_wconf 87' lang='lat' dir='ltr'>christiana,</span> <span class='ocrx_word' id='word_1_124' title='bbox 1394 1177 1439 1214; x_wconf 93' lang='lat' dir='ltr'>et</span> <span class='ocrx_word' id='word_1_125' title='bbox 1467 1171 1728 1228; x_wconf 91' lang='lat' dir='ltr'>responder’</span> <span class='ocrx_word' id='word_1_126' title='bbox 1753 1171 1828 1216; x_wconf 91' lang='lat' dir='ltr'>alli</span> 
     </span>
     <span class='ocr_line' id='line_1_13' title="bbox 192 1246 1826 1306; baseline -0.002 -10"><span class='ocrx_word' id='word_1_127' title='bbox 192 1251 396 1306; x_wconf 89' lang='lat' dir='ltr'>heretici,</span> <span class='ocrx_word' id='word_1_128' title='bbox 421 1251 539 1296; x_wconf 89' lang='lat' dir='ltr'>saria</span> <span class='ocrx_word' id='word_1_129' title='bbox 558 1251 701 1296; x_wconf 86' lang='lat' dir='ltr'>molto</span> <span class='ocrx_word' id='word_1_130' title='bbox 722 1250 878 1294; x_wconf 92' lang='lat' dir='ltr'>buono</span> <span class='ocrx_word' id='word_1_131' title='bbox 897 1255 943 1295; x_wconf 89' lang='lat' dir='ltr'>et</span> <span class='ocrx_word' id='word_1_132' title='bbox 964 1247 1011 1292; x_wconf 90' lang='lat' dir='ltr'>di</span> <span class='ocrx_word' id='word_1_133' title='bbox 1031 1247 1192 1306; x_wconf 90' lang='lat' dir='ltr'>grand’</span> <span class='ocrx_word' id='word_1_134' title='bbox 1217 1246 1432 1302; x_wconf 83' lang='lat' dir='ltr'>efficacia3</span> <span class='ocrx_word' id='word_1_135' title='bbox 1458 1254 1503 1292; x_wconf 93' lang='lat' dir='ltr'>et</span> <span class='ocrx_word' id='word_1_136' title='bbox 1525 1248 1826 1306; x_wconf 86' lang='lat' dir='ltr'>qualsiuoglia</span> 
     </span>
     <span class='ocr_line' id='line_1_14' title="bbox 191 1324 1825 1387; baseline -0.002 -12"><span class='ocrx_word' id='word_1_137' title='bbox 191 1331 325 1375; x_wconf 91' lang='lat' dir='ltr'>modo</span> <span class='ocrx_word' id='word_1_138' title='bbox 346 1331 432 1375; x_wconf 92' lang='lat' dir='ltr'>che</span> <span class='ocrx_word' id='word_1_139' title='bbox 453 1329 492 1374; x_wconf 94' lang='lat' dir='ltr'>si</span> <span class='ocrx_word' id='word_1_140' title='bbox 512 1328 634 1387; x_wconf 91' lang='lat' dir='ltr'>possi</span> <span class='ocrx_word' id='word_1_141' title='bbox 657 1335 854 1382; x_wconf 88' lang='lat' dir='ltr'>trouare,</span> <span class='ocrx_word' id='word_1_142' title='bbox 873 1326 920 1370; x_wconf 92' lang='lat' dir='ltr'>in</span> <span class='ocrx_word' id='word_1_143' title='bbox 942 1327 1027 1370; x_wconf 90' lang='lat' dir='ltr'>che</span> <span class='ocrx_word' id='word_1_144' title='bbox 1042 1324 1238 1371; x_wconf 90' lang='lat' dir='ltr'>veddino</span> <span class='ocrx_word' id='word_1_145' title='bbox 1256 1332 1415 1383; x_wconf 86' lang='lat' dir='ltr'><strong>queste</strong></span> <span class='ocrx_word' id='word_1_146' title='bbox 1430 1325 1602 1371; x_wconf 88' lang='lat' dir='ltr'>nationi</span> <span class='ocrx_word' id='word_1_147' title='bbox 1623 1328 1707 1370; x_wconf 90' lang='lat' dir='ltr'>che</span> <span class='ocrx_word' id='word_1_148' title='bbox 1725 1326 1762 1370; x_wconf 92' lang='lat' dir='ltr'>si</span> <span class='ocrx_word' id='word_1_149' title='bbox 1781 1328 1825 1371; x_wconf 88' lang='lat' dir='ltr'>fa</span> 
     </span>
     <span class='ocr_line' id='line_1_15' title="bbox 189 1403 1341 1463; baseline -0.005 -10"><span class='ocrx_word' id='word_1_150' title='bbox 189 1415 328 1453; x_wconf 90' lang='lat' dir='ltr'>conto</span> <span class='ocrx_word' id='word_1_151' title='bbox 349 1408 407 1453; x_wconf 92' lang='lat' dir='ltr'>de</span> <span class='ocrx_word' id='word_1_152' title='bbox 427 1409 544 1463; x_wconf 89' lang='lat' dir='ltr'>loro,</span> <span class='ocrx_word' id='word_1_153' title='bbox 568 1407 759 1452; x_wconf 90' lang='lat' dir='ltr'>sarebbe</span> <span class='ocrx_word' id='word_1_154' title='bbox 780 1406 837 1450; x_wconf 94' lang='lat' dir='ltr'>de</span> <span class='ocrx_word' id='word_1_155' title='bbox 858 1404 1019 1463; x_wconf 88' lang='lat' dir='ltr'>grand&#39;</span> <span class='ocrx_word' id='word_1_156' title='bbox 1044 1403 1341 1461; x_wconf 89' lang='lat' dir='ltr'>importanza.</span> 
     </span>
    </p>

    <p class='ocr_par' dir='ltr' id='par_1_3' title="bbox 174 1480 1820 2865">
     <span class='ocr_line' id='line_1_16' title="bbox 277 1480 1819 1543; baseline -0.002 -13"><span class='ocrx_word' id='word_1_157' title='bbox 277 1500 322 1543; x_wconf 87' lang='lat'><strong>3.</strong></span> <span class='ocrx_word' id='word_1_158' title='bbox 394 1487 460 1531; x_wconf 90' lang='lat' dir='ltr'>La</span> <span class='ocrx_word' id='word_1_159' title='bbox 481 1484 722 1531; x_wconf 89' lang='lat' dir='ltr'>settimana</span> <span class='ocrx_word' id='word_1_160' title='bbox 742 1489 922 1542; x_wconf 88' lang='lat' dir='ltr'>passata</span> <span class='ocrx_word' id='word_1_161' title='bbox 943 1481 1095 1527; x_wconf 88' lang='lat' dir='ltr'>scrissi</span> <span class='ocrx_word' id='word_1_162' title='bbox 1110 1482 1197 1526; x_wconf 90' lang='lat' dir='ltr'>alla</span> <span class='ocrx_word' id='word_1_163' title='bbox 1214 1483 1268 1526; x_wconf 90' lang='lat' dir='ltr'>P.</span> <span class='ocrx_word' id='word_1_164' title='bbox 1289 1482 1347 1526; x_wconf 95' lang='lat' dir='ltr'>V.</span> <span class='ocrx_word' id='word_1_165' title='bbox 1368 1482 1453 1527; x_wconf 92' lang='lat' dir='ltr'>che</span> <span class='ocrx_word' id='word_1_166' title='bbox 1469 1481 1543 1527; x_wconf 90' lang='lat' dir='ltr'>del</span> <span class='ocrx_word' id='word_1_167' title='bbox 1560 1480 1716 1526; x_wconf 90' lang='lat' dir='ltr'>scritto</span> <span class='ocrx_word' id='word_1_168' title='bbox 1734 1495 1819 1527; x_wconf 91' lang='lat' dir='ltr'>con</span> 
     </span>
     <span class='ocr_line' id='line_1_17' title="bbox 185 1559 1820 1623; baseline -0.004 -13"><span class='ocrx_word' id='word_1_169' title='bbox 185 1565 270 1611; x_wconf 91' lang='lat' dir='ltr'>che</span> <span class='ocrx_word' id='word_1_170' title='bbox 292 1564 625 1623; x_wconf 90' lang='lat' dir='ltr'>rispondeuano</span> <span class='ocrx_word' id='word_1_171' title='bbox 646 1561 859 1610; x_wconf 82' lang='lat' dir='ltr'>catholici</span> <span class='ocrx_word' id='word_1_172' title='bbox 880 1561 952 1606; x_wconf 87' lang='lat' dir='ltr'>all’</span> <span class='ocrx_word' id='word_1_173' title='bbox 978 1561 1091 1605; x_wconf 89' lang='lat' dir='ltr'>altro</span> <span class='ocrx_word' id='word_1_174' title='bbox 1113 1559 1273 1604; x_wconf 88' lang='lat' dir='ltr'>scritto</span> <span class='ocrx_word' id='word_1_175' title='bbox 1295 1559 1354 1605; x_wconf 91' lang='lat' dir='ltr'>de</span> <span class='ocrx_word' id='word_1_176' title='bbox 1370 1559 1653 1617; x_wconf 90' lang='lat' dir='ltr'>protestanti,</span> <span class='ocrx_word' id='word_1_177' title='bbox 1674 1574 1764 1604; x_wconf 91' lang='lat' dir='ltr'>non</span> <span class='ocrx_word' id='word_1_178' title='bbox 1782 1561 1820 1606; x_wconf 94' lang='lat' dir='ltr'>si</span> 
     </span>
     <span class='ocr_line' id='line_1_18' title="bbox 184 1636 1817 1701; baseline -0.003 -14"><span class='ocrx_word' id='word_1_179' title='bbox 184 1650 384 1701; x_wconf 89' lang='lat' dir='ltr'>puoteua</span> <span class='ocrx_word' id='word_1_180' title='bbox 407 1642 488 1686; x_wconf 87' lang='lat' dir='ltr'>far’</span> <span class='ocrx_word' id='word_1_181' title='bbox 508 1640 710 1700; x_wconf 83' lang='lat' dir='ltr'>giudicio</span> <span class='ocrx_word' id='word_1_182' title='bbox 726 1639 861 1684; x_wconf 91' lang='lat' dir='ltr'>insin&#39;</span> <span class='ocrx_word' id='word_1_183' title='bbox 879 1654 907 1683; x_wconf 90' lang='lat' dir='ltr'>a</span> <span class='ocrx_word' id='word_1_184' title='bbox 924 1638 1078 1684; x_wconf 89' lang='lat' dir='ltr'>ueder&#39;</span> <span class='ocrx_word' id='word_1_185' title='bbox 1098 1636 1228 1695; x_wconf 89' lang='lat' dir='ltr'>copia</span> <span class='ocrx_word' id='word_1_186' title='bbox 1247 1643 1268 1666; x_wconf 76' lang='lat'>⁸</span> <span class='ocrx_word' id='word_1_187' title='bbox 1288 1637 1360 1682; x_wconf 90' lang='lat' dir='ltr'>del</span> <span class='ocrx_word' id='word_1_188' title='bbox 1377 1636 1534 1682; x_wconf 89' lang='lat' dir='ltr'>scritto</span> <span class='ocrx_word' id='word_1_189' title='bbox 1555 1638 1817 1692; x_wconf 86' lang='lat' dir='ltr'>medesimo,</span> 
     </span>
     <span class='ocr_line' id='line_1_19' title="bbox 185 1714 1820 1778; baseline -0.004 -13"><span class='ocrx_word' id='word_1_190' title='bbox 185 1721 260 1766; x_wconf 93' lang='lat' dir='ltr'>del</span> <span class='ocrx_word' id='word_1_191' title='bbox 290 1721 423 1778; x_wconf 91' lang='lat' dir='ltr'>quale</span> <span class='ocrx_word' id='word_1_192' title='bbox 453 1734 543 1764; x_wconf 90' lang='lat' dir='ltr'>non</span> <span class='ocrx_word' id='word_1_193' title='bbox 576 1719 606 1763; x_wconf 92' lang='lat' dir='ltr'>l&#39;</span> <span class='ocrx_word' id='word_1_194' title='bbox 630 1717 872 1763; x_wconf 88' lang='lat' dir='ltr'>habbiamo</span> <span class='ocrx_word' id='word_1_195' title='bbox 904 1723 1065 1774; x_wconf 89' lang='lat' dir='ltr'>potuto</span> <span class='ocrx_word' id='word_1_196' title='bbox 1094 1716 1294 1760; x_wconf 88' lang='lat' dir='ltr'>anchora</span> <span class='ocrx_word' id='word_1_197' title='bbox 1323 1715 1481 1760; x_wconf 88' lang='lat' dir='ltr'>hauer’</span> <span class='ocrx_word' id='word_1_198' title='bbox 1505 1714 1551 1758; x_wconf 92' lang='lat' dir='ltr'>in</span> <span class='ocrx_word' id='word_1_199' title='bbox 1583 1715 1739 1770; x_wconf 89' lang='lat' dir='ltr'>latino,</span> <span class='ocrx_word' id='word_1_200' title='bbox 1774 1723 1820 1761; x_wconf 87' lang='lat' dir='ltr'>et</span> 
     </span>
     <span class='ocr_line' id='line_1_20' title="bbox 186 1793 1815 1857; baseline -0.003 -14"><span class='ocrx_word' id='word_1_201' title='bbox 186 1798 295 1857; x_wconf 81' lang='lat' dir='ltr'>pero</span> <span class='ocrx_word' id='word_1_202' title='bbox 315 1813 408 1842; x_wconf 89' lang='lat' dir='ltr'>non</span> <span class='ocrx_word' id='word_1_203' title='bbox 429 1798 594 1842; x_wconf 88' lang='lat' dir='ltr'>mando</span> <span class='ocrx_word' id='word_1_204' title='bbox 616 1796 647 1840; x_wconf 93' lang='lat' dir='ltr'>il</span> <span class='ocrx_word' id='word_1_205' title='bbox 667 1795 758 1840; x_wconf 90' lang='lat' dir='ltr'>mio</span> <span class='ocrx_word' id='word_1_206' title='bbox 778 1794 982 1853; x_wconf 89' lang='lat' dir='ltr'>giudicio</span> <span class='ocrx_word' id='word_1_207' title='bbox 1004 1807 1084 1851; x_wconf 90' lang='lat' dir='ltr'>per</span> <span class='ocrx_word' id='word_1_208' title='bbox 1105 1798 1267 1850; x_wconf 89' lang='lat' dir='ltr'>questa</span> <span class='ocrx_word' id='word_1_209' title='bbox 1286 1806 1296 1847; x_wconf 89' lang='grc'>;</span> <span class='ocrx_word' id='word_1_210' title='bbox 1328 1793 1426 1837; x_wconf 86' lang='lat' dir='ltr'>fece</span> <span class='ocrx_word' id='word_1_211' title='bbox 1448 1795 1600 1837; x_wconf 83' lang='lat' dir='ltr'>tamen</span> <span class='ocrx_word' id='word_1_212' title='bbox 1616 1793 1646 1836; x_wconf 91' lang='lat' dir='ltr'>l&#39;</span> <span class='ocrx_word' id='word_1_213' title='bbox 1671 1794 1815 1838; x_wconf 90' lang='lat' dir='ltr'>Illmo.</span> 
     </span>
     <span class='ocr_line' id='line_1_21' title="bbox 185 1869 1816 1934; baseline -0.003 -14"><span class='ocrx_word' id='word_1_214' title='bbox 185 1876 339 1934; x_wconf 90' lang='lat' dir='ltr'>legato</span> <span class='ocrx_word' id='word_1_215' title='bbox 369 1882 438 1921; x_wconf 91' lang='lat' dir='ltr'>tre</span> <span class='ocrx_word' id='word_1_216' title='bbox 458 1874 607 1933; x_wconf 90' lang='lat' dir='ltr'>giorni</span> <span class='ocrx_word' id='word_1_217' title='bbox 639 1889 753 1918; x_wconf 92' lang='lat' dir='ltr'>sono</span> <span class='ocrx_word' id='word_1_218' title='bbox 792 1888 882 1917; x_wconf 90' lang='lat' dir='ltr'>una</span> <span class='ocrx_word' id='word_1_219' title='bbox 919 1870 1276 1929; x_wconf 83' lang='lat' dir='ltr'>congregatione</span> <span class='ocrx_word' id='word_1_220' title='bbox 1311 1869 1417 1915; x_wconf 90' lang='lat' dir='ltr'>delli</span> <span class='ocrx_word' id='word_1_221' title='bbox 1448 1870 1554 1915; x_wconf 90' lang='lat' dir='ltr'>stati</span> <span class='ocrx_word' id='word_1_222' title='bbox 1586 1871 1816 1927; x_wconf 84' lang='lat' dir='ltr'>catholici,</span> 
     </span>
     <span class='ocr_line' id='line_1_22' title="bbox 184 1947 1812 2012; baseline -0.006 -12"><span class='ocrx_word' id='word_1_223' title='bbox 184 1955 303 2000; x_wconf 90' lang='lat' dir='ltr'>nella</span> <span class='ocrx_word' id='word_1_224' title='bbox 318 1954 452 2012; x_wconf 88' lang='lat' dir='ltr'>quale</span> <span class='ocrx_word' id='word_1_225' title='bbox 467 1952 506 1997; x_wconf 91' lang='lat' dir='ltr'>si</span> <span class='ocrx_word' id='word_1_226' title='bbox 522 1952 808 1997; x_wconf 89' lang='lat' dir='ltr'>ritrouorono</span> <span class='ocrx_word' id='word_1_227' title='bbox 824 1951 852 1994; x_wconf 92' lang='lat' dir='ltr'>l&#39;</span> <span class='ocrx_word' id='word_1_228' title='bbox 871 1948 1153 1995; x_wconf 88' lang='lat' dir='ltr'>arciuescoui</span> <span class='ocrx_word' id='word_1_229' title='bbox 1168 1947 1213 1992; x_wconf 90' lang='lat' dir='ltr'>di</span> <span class='ocrx_word' id='word_1_230' title='bbox 1232 1947 1470 2007; x_wconf 77' lang='lat' dir='ltr'>Magantia</span> <span class='ocrx_word' id='word_1_231' title='bbox 1491 1949 1501 1971; x_wconf 94' lang='lat'>¹</span> <span class='ocrx_word' id='word_1_232' title='bbox 1520 1955 1567 1993; x_wconf 92' lang='lat' dir='ltr'>et</span> <span class='ocrx_word' id='word_1_233' title='bbox 1584 1947 1762 1995; x_wconf 90' lang='lat' dir='ltr'>Treuiri</span> <span class='ocrx_word' id='word_1_234' title='bbox 1780 1950 1812 2003; x_wconf 76' lang='grc' dir='ltr'>’ς</span> 
     </span>
     <span class='ocr_line' id='line_1_23' title="bbox 181 2025 1812 2091; baseline -0.002 -14"><span class='ocrx_word' id='word_1_235' title='bbox 181 2041 228 2078; x_wconf 92' lang='lat' dir='ltr'>et</span> <span class='ocrx_word' id='word_1_236' title='bbox 254 2029 612 2091; x_wconf 89' lang='lat' dir='ltr'>proponendogli</span> <span class='ocrx_word' id='word_1_237' title='bbox 640 2031 736 2076; x_wconf 88' lang='lat' dir='ltr'>Sua</span> <span class='ocrx_word' id='word_1_238' title='bbox 763 2028 878 2075; x_wconf 84' lang='lat' dir='ltr'>Sria.</span> <span class='ocrx_word' id='word_1_239' title='bbox 904 2027 1045 2072; x_wconf 90' lang='lat' dir='ltr'>Illma.</span> <span class='ocrx_word' id='word_1_240' title='bbox 1072 2033 1191 2071; x_wconf 91' lang='lat' dir='ltr'>tutte</span> <span class='ocrx_word' id='word_1_241' title='bbox 1220 2025 1263 2071; x_wconf 91' lang='lat' dir='ltr'>le</span> <span class='ocrx_word' id='word_1_242' title='bbox 1289 2039 1396 2071; x_wconf 90' lang='lat' dir='ltr'>cose</span> <span class='ocrx_word' id='word_1_243' title='bbox 1417 2026 1731 2080; x_wconf 90' lang='lat' dir='ltr'>conuenienti,</span> <span class='ocrx_word' id='word_1_244' title='bbox 1764 2028 1812 2073; x_wconf 88' lang='lat' dir='ltr'>fu</span> 
     </span>
     <span class='ocr_line' id='line_1_24' title="bbox 177 2103 1810 2168; baseline -0.003 -14"><span class='ocrx_word' id='word_1_245' title='bbox 177 2109 372 2168; x_wconf 90' lang='lat' dir='ltr'>risposto</span> <span class='ocrx_word' id='word_1_246' title='bbox 393 2109 452 2153; x_wconf 87' lang='lat' dir='ltr'>da</span> <span class='ocrx_word' id='word_1_247' title='bbox 480 2107 587 2152; x_wconf 89' lang='lat' dir='ltr'>tutti</span> <span class='ocrx_word' id='word_1_248' title='bbox 615 2106 1013 2161; x_wconf 89' lang='lat' dir='ltr'>catholicamente,</span> <span class='ocrx_word' id='word_1_249' title='bbox 1037 2118 1124 2149; x_wconf 88' lang='lat' dir='ltr'>con</span> <span class='ocrx_word' id='word_1_250' title='bbox 1145 2103 1241 2148; x_wconf 86' lang='lat' dir='ltr'>dar&#39;</span> <span class='ocrx_word' id='word_1_251' title='bbox 1265 2103 1295 2147; x_wconf 92' lang='lat' dir='ltr'>l&#39;</span> <span class='ocrx_word' id='word_1_252' title='bbox 1314 2103 1568 2149; x_wconf 86' lang='lat' dir='ltr'>obedienza</span> <span class='ocrx_word' id='word_1_253' title='bbox 1591 2119 1618 2147; x_wconf 90' lang='lat' dir='ltr'>a</span> <span class='ocrx_word' id='word_1_254' title='bbox 1639 2104 1688 2149; x_wconf 93' lang='lat' dir='ltr'>S.</span> <span class='ocrx_word' id='word_1_255' title='bbox 1714 2105 1810 2150; x_wconf 77' lang='lat' dir='ltr'>Sta.</span> 
     </span>
     <span class='ocr_line' id='line_1_25' title="bbox 178 2180 1813 2239; baseline -0.004 -7"><span class='ocrx_word' id='word_1_256' title='bbox 178 2195 224 2234; x_wconf 92' lang='lat' dir='ltr'>et</span> <span class='ocrx_word' id='word_1_257' title='bbox 245 2188 331 2232; x_wconf 87' lang='lat' dir='ltr'>alla</span> <span class='ocrx_word' id='word_1_258' title='bbox 352 2187 505 2231; x_wconf 87' lang='lat' dir='ltr'>chiesa</span> <span class='ocrx_word' id='word_1_259' title='bbox 525 2200 734 2239; x_wconf 90' lang='lat' dir='ltr'>romana,</span> <span class='ocrx_word' id='word_1_260' title='bbox 759 2191 805 2229; x_wconf 89' lang='lat' dir='ltr'>et</span> <span class='ocrx_word' id='word_1_261' title='bbox 827 2182 1095 2228; x_wconf 89' lang='lat' dir='ltr'>accettando</span> <span class='ocrx_word' id='word_1_262' title='bbox 1116 2181 1148 2225; x_wconf 92' lang='lat' dir='ltr'>il</span> <span class='ocrx_word' id='word_1_263' title='bbox 1170 2180 1361 2226; x_wconf 91' lang='lat' dir='ltr'>concilio</span> <span class='ocrx_word' id='word_1_264' title='bbox 1384 2180 1644 2235; x_wconf 89' lang='lat' dir='ltr'>tridentino,</span> <span class='ocrx_word' id='word_1_265' title='bbox 1677 2181 1813 2226; x_wconf 88' lang='lat' dir='ltr'>etiam</span> 
     </span>
     <span class='ocr_line' id='line_1_26' title="bbox 176 2259 1814 2319; baseline -0.005 -9"><span class='ocrx_word' id='word_1_266' title='bbox 176 2266 221 2310; x_wconf 91' lang='lat' dir='ltr'>la</span> <span class='ocrx_word' id='word_1_267' title='bbox 237 2264 570 2317; x_wconf 88' lang='lat' dir='ltr'>reformatione,</span> <span class='ocrx_word' id='word_1_268' title='bbox 590 2263 637 2307; x_wconf 91' lang='lat' dir='ltr'>in</span> <span class='ocrx_word' id='word_1_269' title='bbox 653 2269 824 2319; x_wconf 89' lang='lat' dir='ltr'>quanto</span> <span class='ocrx_word' id='word_1_270' title='bbox 840 2261 878 2305; x_wconf 89' lang='lat' dir='ltr'>si</span> <span class='ocrx_word' id='word_1_271' title='bbox 899 2259 1077 2319; x_wconf 88' lang='lat' dir='ltr'>puotesi</span> <span class='ocrx_word' id='word_1_272' title='bbox 1094 2260 1338 2314; x_wconf 81' lang='lat' dir='ltr'>effettuar’;</span> <span class='ocrx_word' id='word_1_273' title='bbox 1358 2259 1402 2303; x_wconf 89' lang='lat' dir='ltr'>d&#39;</span> <span class='ocrx_word' id='word_1_274' title='bbox 1427 2259 1459 2302; x_wconf 92' lang='lat' dir='ltr'>il</span> <span class='ocrx_word' id='word_1_275' title='bbox 1480 2261 1565 2304; x_wconf 92' lang='lat' dir='ltr'>che</span> <span class='ocrx_word' id='word_1_276' title='bbox 1582 2260 1814 2303; x_wconf 85' lang='lat' dir='ltr'>consulta-</span> 
     </span>
     <span class='ocr_line' id='line_1_27' title="bbox 179 2336 1814 2398; baseline -0.004 -11"><span class='ocrx_word' id='word_1_277' title='bbox 179 2344 384 2389; x_wconf 86' lang='lat' dir='ltr'>rebbono</span> <span class='ocrx_word' id='word_1_278' title='bbox 400 2343 450 2388; x_wconf 91' lang='lat' dir='ltr'>S.</span> <span class='ocrx_word' id='word_1_279' title='bbox 471 2342 567 2387; x_wconf 74' lang='lat' dir='ltr'>Sta.</span> <span class='ocrx_word' id='word_1_280' title='bbox 588 2341 766 2398; x_wconf 78' lang='lat' dir='ltr'>Questo</span> <span class='ocrx_word' id='word_1_281' title='bbox 783 2339 960 2383; x_wconf 90' lang='lat' dir='ltr'>dicemo</span> <span class='ocrx_word' id='word_1_282' title='bbox 981 2337 1059 2381; x_wconf 91' lang='lat' dir='ltr'>noi</span> <span class='ocrx_word' id='word_1_283' title='bbox 1076 2351 1134 2381; x_wconf 81' lang='lat' dir='ltr'>ex</span> <span class='ocrx_word' id='word_1_284' title='bbox 1148 2337 1322 2391; x_wconf 83' lang='lat' dir='ltr'>auditu,</span> <span class='ocrx_word' id='word_1_285' title='bbox 1338 2336 1596 2394; x_wconf 80' lang='lat' dir='ltr'>imperoche</span> <span class='ocrx_word' id='word_1_286' title='bbox 1612 2351 1702 2381; x_wconf 90' lang='lat' dir='ltr'>non</span> <span class='ocrx_word' id='word_1_287' title='bbox 1719 2343 1814 2382; x_wconf 89' lang='lat' dir='ltr'>sta—</span> 
     </span>
     <span class='ocr_line' id='line_1_28' title="bbox 181 2413 1813 2479; baseline -0.006 -12"><span class='ocrx_word' id='word_1_288' title='bbox 181 2421 294 2467; x_wconf 88' lang='lat' dir='ltr'>simo</span> <span class='ocrx_word' id='word_1_289' title='bbox 315 2419 529 2479; x_wconf 84' lang='lat' dir='ltr'>presenti3</span> <span class='ocrx_word' id='word_1_290' title='bbox 554 2425 600 2463; x_wconf 90' lang='lat' dir='ltr'>et</span> <span class='ocrx_word' id='word_1_291' title='bbox 621 2418 667 2462; x_wconf 88' lang='lat' dir='ltr'>di</span> <span class='ocrx_word' id='word_1_292' title='bbox 689 2423 850 2475; x_wconf 89' lang='lat' dir='ltr'>questa</span> <span class='ocrx_word' id='word_1_293' title='bbox 875 2414 1065 2461; x_wconf 88' lang='lat' dir='ltr'>materia</span> <span class='ocrx_word' id='word_1_294' title='bbox 1091 2429 1185 2459; x_wconf 91' lang='lat' dir='ltr'>non</span> <span class='ocrx_word' id='word_1_295' title='bbox 1212 2428 1395 2460; x_wconf 89' lang='lat' dir='ltr'>occorre</span> <span class='ocrx_word' id='word_1_296' title='bbox 1423 2414 1517 2472; x_wconf 68' lang='lat' dir='ltr'>pisi.</span> <span class='ocrx_word' id='word_1_297' title='bbox 1549 2413 1667 2459; x_wconf 91' lang='lat' dir='ltr'>Nelli</span> <span class='ocrx_word' id='word_1_298' title='bbox 1694 2413 1813 2458; x_wconf 87' lang='lat' dir='ltr'>santi</span> 
     </span>
     <span class='ocr_line' id='line_1_29' title="bbox 182 2491 1814 2555; baseline -0.006 -11"><span class='ocrx_word' id='word_1_299' title='bbox 182 2498 387 2555; x_wconf 87' lang='lat' dir='ltr'>sacrificij</span> <span class='ocrx_word' id='word_1_300' title='bbox 411 2504 457 2543; x_wconf 90' lang='lat' dir='ltr'>et</span> <span class='ocrx_word' id='word_1_301' title='bbox 477 2495 670 2542; x_wconf 89' lang='lat' dir='ltr'>orationi</span> <span class='ocrx_word' id='word_1_302' title='bbox 690 2495 809 2540; x_wconf 89' lang='lat' dir='ltr'>della</span> <span class='ocrx_word' id='word_1_303' title='bbox 830 2495 884 2538; x_wconf 89' lang='lat' dir='ltr'>P.</span> <span class='ocrx_word' id='word_1_304' title='bbox 910 2494 968 2538; x_wconf 87' lang='lat' dir='ltr'>V.</span> <span class='ocrx_word' id='word_1_305' title='bbox 994 2492 1142 2549; x_wconf 88' lang='lat' dir='ltr'>questi</span> <span class='ocrx_word' id='word_1_306' title='bbox 1170 2491 1308 2537; x_wconf 86' lang='lat' dir='ltr'>Padri</span> <span class='ocrx_word' id='word_1_307' title='bbox 1339 2491 1444 2536; x_wconf 92' lang='lat' dir='ltr'>tutti</span> <span class='ocrx_word' id='word_1_308' title='bbox 1475 2498 1520 2537; x_wconf 91' lang='lat' dir='ltr'>et</span> <span class='ocrx_word' id='word_1_309' title='bbox 1542 2491 1603 2547; x_wconf 93' lang='lat' dir='ltr'>io,</span> <span class='ocrx_word' id='word_1_310' title='bbox 1626 2498 1672 2536; x_wconf 92' lang='lat' dir='ltr'>et</span> <span class='ocrx_word' id='word_1_311' title='bbox 1696 2497 1814 2535; x_wconf 89' lang='lat' dir='ltr'>tutta</span> 
     </span>
     <span class='ocr_line' id='line_1_30' title="bbox 180 2569 1811 2634; baseline -0.006 -12"><span class='ocrx_word' id='word_1_312' title='bbox 180 2578 224 2622; x_wconf 90' lang='grc'><strong>13</strong></span> <span class='ocrx_word' id='word_1_313' title='bbox 239 2576 484 2622; x_wconf 89' lang='lat' dir='ltr'>Germania</span> <span class='ocrx_word' id='word_1_314' title='bbox 505 2589 585 2634; x_wconf 90' lang='lat' dir='ltr'>per</span> <span class='ocrx_word' id='word_1_315' title='bbox 605 2573 698 2627; x_wconf 91' lang='lat' dir='ltr'>noi,</span> <span class='ocrx_word' id='word_1_316' title='bbox 718 2571 1022 2616; x_wconf 88' lang='lat' dir='ltr'>dimandiamo</span> <span class='ocrx_word' id='word_1_317' title='bbox 1042 2569 1366 2615; x_wconf 89' lang='lat' dir='ltr'>humilemente</span> <span class='ocrx_word' id='word_1_318' title='bbox 1386 2571 1525 2614; x_wconf 91' lang='lat' dir='ltr'>esser’</span> <span class='ocrx_word' id='word_1_319' title='bbox 1550 2583 1811 2613; x_wconf 83' lang='lat' dir='ltr'>raccoman-</span> 
     </span>
     <span class='ocr_line' id='line_1_31' title="bbox 178 2646 1805 2713; baseline -0.008 -11"><span class='ocrx_word' id='word_1_320' title='bbox 178 2655 287 2710; x_wconf 83' lang='lat' dir='ltr'>dati,</span> <span class='ocrx_word' id='word_1_321' title='bbox 311 2663 357 2700; x_wconf 86' lang='lat' dir='ltr'>et</span> <span class='ocrx_word' id='word_1_322' title='bbox 383 2654 633 2713; x_wconf 88' lang='lat' dir='ltr'>parimente</span> <span class='ocrx_word' id='word_1_323' title='bbox 660 2651 708 2696; x_wconf 92' lang='lat' dir='ltr'>in</span> <span class='ocrx_word' id='word_1_324' title='bbox 734 2649 872 2707; x_wconf 86' lang='lat' dir='ltr'>quelli</span> <span class='ocrx_word' id='word_1_325' title='bbox 898 2648 1005 2694; x_wconf 89' lang='lat' dir='ltr'>delli</span> <span class='ocrx_word' id='word_1_326' title='bbox 1033 2647 1170 2692; x_wconf 87' lang='lat' dir='ltr'>Padri</span> <span class='ocrx_word' id='word_1_327' title='bbox 1197 2647 1448 2701; x_wconf 85' lang='lat' dir='ltr'>assistenti,</span> <span class='ocrx_word' id='word_1_328' title='bbox 1474 2654 1520 2692; x_wconf 88' lang='lat' dir='ltr'>et</span> <span class='ocrx_word' id='word_1_329' title='bbox 1541 2646 1614 2691; x_wconf 93' lang='lat' dir='ltr'>del</span> <span class='ocrx_word' id='word_1_330' title='bbox 1638 2648 1690 2690; x_wconf 90' lang='lat' dir='ltr'>P.</span> <span class='ocrx_word' id='word_1_331' title='bbox 1718 2648 1805 2690; x_wconf 94' lang='lat' dir='ltr'>Po-</span> 
     </span>
     <span class='ocr_line' id='line_1_32' title="bbox 176 2723 1810 2789; baseline -0.007 -9"><span class='ocrx_word' id='word_1_332' title='bbox 176 2737 326 2789; x_wconf 89' lang='lat' dir='ltr'>lanco,</span> <span class='ocrx_word' id='word_1_333' title='bbox 351 2742 396 2780; x_wconf 92' lang='lat' dir='ltr'>et</span> <span class='ocrx_word' id='word_1_334' title='bbox 426 2737 478 2778; x_wconf 91' lang='lat' dir='ltr'>P.</span> <span class='ocrx_word' id='word_1_335' title='bbox 504 2731 682 2778; x_wconf 89' lang='lat' dir='ltr'>Madrid</span> <span class='ocrx_word' id='word_1_336' title='bbox 710 2736 798 2775; x_wconf 93' lang='lat' dir='ltr'>etc.</span> <span class='ocrx_word' id='word_1_337' title='bbox 823 2727 950 2772; x_wconf 92' lang='lat' dir='ltr'>Iddio</span> <span class='ocrx_word' id='word_1_338' title='bbox 980 2732 1136 2770; x_wconf 91' lang='lat' dir='ltr'>nostro</span> <span class='ocrx_word' id='word_1_339' title='bbox 1167 2725 1382 2783; x_wconf 89' lang='lat' dir='ltr'>Signore,</span> <span class='ocrx_word' id='word_1_340' title='bbox 1414 2739 1493 2783; x_wconf 93' lang='lat' dir='ltr'>per</span> <span class='ocrx_word' id='word_1_341' title='bbox 1523 2739 1603 2769; x_wconf 91' lang='lat' dir='ltr'>sua</span> <span class='ocrx_word' id='word_1_342' title='bbox 1634 2723 1810 2769; x_wconf 86' lang='lat' dir='ltr'>infinita</span> 
     </span>
     <span class='ocr_line' id='line_1_33' title="bbox 174 2801 1809 2865; baseline -0.008 -7"><span class='ocrx_word' id='word_1_343' title='bbox 174 2811 497 2865; x_wconf 89' lang='lat' dir='ltr'>misericordia,</span> <span class='ocrx_word' id='word_1_344' title='bbox 521 2811 564 2855; x_wconf 93' lang='lat' dir='ltr'>ci</span> <span class='ocrx_word' id='word_1_345' title='bbox 585 2810 656 2855; x_wconf 89' lang='lat' dir='ltr'>dia</span> <span class='ocrx_word' id='word_1_346' title='bbox 680 2823 763 2853; x_wconf 91' lang='lat' dir='ltr'>sua</span> <span class='ocrx_word' id='word_1_347' title='bbox 785 2805 967 2864; x_wconf 90' lang='lat' dir='ltr'>copiosa</span> <span class='ocrx_word' id='word_1_348' title='bbox 995 2803 1144 2862; x_wconf 87' lang='lat' dir='ltr'>gratia</span> <span class='ocrx_word' id='word_1_349' title='bbox 1165 2804 1223 2848; x_wconf 92' lang='lat' dir='ltr'>da</span> <span class='ocrx_word' id='word_1_350' title='bbox 1253 2803 1335 2848; x_wconf 84' lang='lat' dir='ltr'>far’</span> <span class='ocrx_word' id='word_1_351' title='bbox 1359 2801 1706 2861; x_wconf 87' lang='lat' dir='ltr'>perfettamente</span> <span class='ocrx_word' id='word_1_352' title='bbox 1727 2815 1809 2846; x_wconf 92' lang='lat' dir='ltr'>sua</span> 
     </span>
    </p>
   </div>
   <div class='ocr_carea' id='block_1_3' title="bbox 177 2906 455 2914">
    <p class='ocr_par' dir='ltr' id='par_1_4' title="bbox 177 2906 455 2914">
     <span class='ocr_line' id='line_1_34' title="bbox 177 2906 455 2914; baseline 0 634"><span class='ocrx_word' id='word_1_353' title='bbox 177 2906 455 2914; x_wconf 95' lang='lat' dir='ltr'> </span> 
     </span>
    </p>
   </div>
   <div class='ocr_carea' id='block_1_4' title="bbox 175 2935 1808 3050">
    <p class='ocr_par' dir='ltr' id='par_1_5' title="bbox 175 2935 1808 3050">
     <span class='ocr_line' id='line_1_35' title="bbox 243 2935 1808 2997; baseline -0.009 -9"><span class='ocrx_word' id='word_1_354' title='bbox 243 2959 264 2981; x_wconf 70' lang='lat' dir='ltr'>a</span> <span class='ocrx_word' id='word_1_355' title='bbox 302 2951 388 2987; x_wconf 91' lang='lat' dir='ltr'>Hoc</span> <span class='ocrx_word' id='word_1_356' title='bbox 405 2950 520 2986; x_wconf 87' lang='lat' dir='ltr'>verb.</span> <span class='ocrx_word' id='word_1_357' title='bbox 545 2959 662 2997; x_wconf 87' lang='lat' dir='ltr'>supra</span> <span class='ocrx_word' id='word_1_358' title='bbox 678 2958 782 2985; x_wconf 87' lang='lat' dir='ltr'>vers.</span> <span class='ocrx_word' id='word_1_359' title='bbox 808 2944 983 2982; x_wconf 87' lang='lat' dir='ltr'>additum</span> <span class='ocrx_word' id='word_1_360' title='bbox 1007 2942 1082 2980; x_wconf 85' lang='lat' dir='ltr'>fuit</span> <span class='ocrx_word' id='word_1_361' title='bbox 1099 2954 1121 2979; x_wconf 85' lang='lat' dir='ltr'>a</span> <span class='ocrx_word' id='word_1_362' title='bbox 1137 2941 1252 2987; x_wconf 68' lang='lat' dir='ltr'>libr„</span> <span class='ocrx_word' id='word_1_363' title='bbox 1276 2935 1474 2990; x_wconf 57' lang='lat' dir='ltr'>qui⁸prius</span> <span class='ocrx_word' id='word_1_364' title='bbox 1499 2938 1721 2987; x_wconf 84' lang='lat' dir='ltr'>scripserat:</span> <span class='ocrx_word' id='word_1_365' title='bbox 1742 2949 1808 2975; x_wconf 79' lang='lat' dir='ltr'>ue—</span> 
     </span>
     <span class='ocr_line' id='line_1_36' title="bbox 175 3011 468 3050; baseline -0.01 0"><span class='ocrx_word' id='word_1_366' title='bbox 175 3012 247 3050; x_wconf 82' lang='lat' dir='ltr'>der</span> <span class='ocrx_word' id='word_1_367' title='bbox 264 3011 296 3048; x_wconf 79' lang='lat' dir='ltr'>il</span> <span class='ocrx_word' id='word_1_368' title='bbox 312 3011 468 3047; x_wconf 77' lang='lat' dir='ltr'>scritto.</span> 
     </span>
    </p>
   </div>
   <div class='ocr_carea' id='block_1_5' title="bbox 177 3094 457 3102">
    <p class='ocr_par' dir='ltr' id='par_1_6' title="bbox 177 3094 457 3102">
     <span class='ocr_line' id='line_1_37' title="bbox 177 3094 457 3102; baseline 0 446"><span class='ocrx_word' id='word_1_369' title='bbox 177 3094 457 3102; x_wconf 95' lang='lat' dir='ltr'> </span> 
     </span>
    </p>
   </div>
   <div class='ocr_carea' id='block_1_6' title="bbox 248 3118 1726 3182">
    <p class='ocr_par' dir='ltr' id='par_1_7' title="bbox 248 3118 1726 3182">
     <span class='ocr_line' id='line_1_38' title="bbox 248 3118 1726 3182; baseline -0.009 -6"><span class='ocrx_word' id='word_1_370' title='bbox 248 3142 259 3163; x_wconf 87' lang='lat'>¹</span> <span class='ocrx_word' id='word_1_371' title='bbox 308 3138 450 3175; x_wconf 86' lang='lat' dir='ltr'>Daniel</span> <span class='ocrx_word' id='word_1_372' title='bbox 466 3136 635 3174; x_wconf 87' lang='lat' dir='ltr'>Brendel</span> <span class='ocrx_word' id='word_1_373' title='bbox 653 3137 702 3173; x_wconf 89' lang='lat' dir='ltr'>ab</span> <span class='ocrx_word' id='word_1_374' title='bbox 720 3134 942 3182; x_wconf 87' lang='lat' dir='ltr'>Homburg.</span> <span class='ocrx_word' id='word_1_375' title='bbox 1143 3129 1158 3150; x_wconf 75' lang='lat'>⁸</span> <span class='ocrx_word' id='word_1_376' title='bbox 1206 3129 1378 3177; x_wconf 77' lang='lat' dir='ltr'>joannes</span> <span class='ocrx_word' id='word_1_377' title='bbox 1395 3135 1472 3165; x_wconf 80' lang='lat' dir='ltr'>von</span> <span class='ocrx_word' id='word_1_378' title='bbox 1490 3118 1558 3164; x_wconf 84' lang='lat' dir='ltr'>der</span> <span class='ocrx_word' id='word_1_379' title='bbox 1572 3125 1707 3174; x_wconf 86' lang='lat' dir='ltr'>Leyen</span> <span class='ocrx_word' id='word_1_380' title='bbox 1718 3153 1726 3163; x_wconf 93' lang='lat'><strong>.</strong></span> 
     </span>
    </p>
   </div>
  </div>
 </body>
</html>
