2228 3548
953 246 1176 283 Appmrmx
1759 250 1834 287 813

176 323 189 335 ’Ἴ
239 346 371 391 fratri
407 345 456 390 in
484 347 671 392 Christo
697 348 968 393 charissimo
1003 355 1050 393 et
1084 351 1367 395 honorando.
1405 352 1516 395 Alia
1551 366 1711 396 manu:
1746 354 1879 412 1569.

238 405 519 524 ἓὲξέἶξὴ.
570 407 785 452 Cardinal
831 409 1113 455 warmiense.
1170 422 1188 454 1
1201 422 1219 454 1
1263 410 1311 453 di
1350 411 1559 469 Giugno.
1603 412 1764 470 Sigata·
1802 427 1880 457 ve-

972 584 1142 628 LXXH

777 671 823 706 B.
847 671 1058 708 PETRUS
1082 671 1331 711 CANISIUS

604 760 818 793 SANCTO
865 763 1179 795 FRANCISCO
1226 765 1296 795 DE
1342 764 1517 805 BORJA

725 837 957 894 Dilingae,
982 850 1038 893 23
1054 838 1180 896 Junii
1207 840 1319 897 1569
1345 841 1373 883 ¹.

234 926 398 962 Natalis
434 927 634 962 sententia
671 925 904 972 exquiritur
947 927 996 962 de
1032 927 1198 963 edendis
1234 928 1277 963 in
1318 929 1454 964 eodem
1494 928 1596 964 libro
1638 927 1796 965 canisii
1834 934 1874 966 et

286 984 487 1021 Turriani
515 985 766 1021 tractatibus.
797 985 974 1022 Litteras
1001 985 1159 1022 indicas
1187 987 1268 1023 cito
1295 987 1447 1024 absolvi
1474 991 1512 1024 et
1535 988 1654 1035 prelo
1676 989 1876 1025 committi

280 1047 457 1093 exoptat.

403 1122 454 1168 Si
477 1121 584 1167 velit
603 1122 767 1166 excudi
787 1122 1007 1180 reliquam
1035 1130 1210 1180 partem
1240 1124 1287 1168 in
1315 1125 1545 1169 centurias
1572 1133 1777 1183 paratam
1810 1128 1868 1172 de

236 1181 392 1240 primis
412 1182 720 1238 pontificibus,
744 1183 939 1228 fortasse
959 1184 1219 1227 consultum
1243 1184 1394 1237 fuerit,
1415 1191 1466 1228 ut
1486 1200 1588 1230 meo
1608 1186 1776 1243 scripto
1792 1186 1868 1231 illa

238 1241 596 1298 conjungantur,
628 1248 786 1298 utpote
812 1255 917 1286 cum
945 1243 1003 1286 ad
1032 1243 1244 1287 eumdem
1275 1244 1413 1287 finem
1445 1246 1686 1289 tendamus
1719 1247 1751 1289 ².
1786 1246 1868 1291 Sin

239 1301 412 1345 mavult
432 1315 487 1345 ea
507 1301 747 1357 separatim
769 1301 858 1354 edi,
883 1301 1043 1345 dubito
1063 1316 1173 1346 sane
1193 1318 1252 1347 an
1274 1303 1408 1347 facile
1435 1303 1494 1347 sit
1526 1306 1645 1361 apud
1677 1319 1764 1348 nos
1793 1312 1867 1362 ty-

237 1361 522 1417 pographum
545 1360 832 1405 inventurus.
857 1361 950 1405 Sed
966 1361 1135 1405 rectius
1151 1363 1209 1407 de
1224 1362 1296 1406 his
1314 1364 1368 1406 P.
1389 1363 1565 1407 Natalis
1582 1371 1627 1407 et
1644 1366 1725 1408 Dr.
1747 1366 1861 1408 Tur-

238 1419 393 1464 rianus
407 1419 729 1475 judicaverint,
753 1434 871 1475 quos
891 1420 1049 1464 ambos
1070 1419 1117 1464 in
1137 1421 1320 1466 Christo
1341 1430 1602 1468 reverenter
1622 1424 1784 1467 saluto.

325 1478 520 1523 Tardius
548 1480 634 1522 hoc
664 1478 938 1523 Turrianum
966 1494 1081 1536 opus
1101 1480 1267 1538 prodit,
1298 1481 1515 1538 quoniam
1544 1483 1669 1527 brevi
1698 1482 1865 1526 abhinc

235 1545 440 1596 tempore
460 1538 648 1582 missum
672 1539 729 1582 ad
751 1553 834 1582 nos
855 1546 925 1582 est
946 1539 1217 1597 Antuerpia,
1248 1540 1328 1584 ubi
1356 1541 1537 1586 cunctis
1564 1542 1719 1586 insciis
1750 1541 1858 1587 deli-

234 1597 322 1642 tuit
343 1597 437 1641 diu.
462 1597 690 1642 Dominus
705 1599 841 1656 Jesus
863 1597 1116 1643 nobiscum.

321 1657 518 1701 Litteras
539 1656 712 1700 indicas
733 1657 872 1700 latine
893 1672 1048 1702 versas
1069 1657 1142 1702 hic
1158 1658 1352 1702 aedituri
1368 1659 1615 1712 fueramus,
1636 1661 1716 1703 sed
1733 1674 1863 1716 repe—

232 1715 303 1759 tiit
325 1731 402 1761 eas
425 1719 480 1761 P.
504 1716 694 1768 Natalis,
719 1717 989 1772 promittens
1010 1717 1225 1772 majorem
1245 1717 1527 1776 diligentiam
1552 1719 1598 1763 in
1626 1719 1862 1775 corrigen—

230 1776 306 1819 do.
333 1777 489 1831 Quare
510 1776 710 1827 mandet,
742 1790 928 1831 quaeso,
959 1777 1014 1822 P.
1043 1778 1119 1830 T.,
1150 1784 1202 1820 ut
1226 1778 1368 1823 semel
1399 1785 1446 1823 et
1478 1779 1569 1822 cito
1600 1779 1865 1821 absolvatur

230 1836 319 1878 hoc
341 1849 472 1892 opus,
495 1836 618 1890 quod
633 1835 727 1891 jam
750 1835 889 1880 latine
911 1842 1122 1892 coeptum
1144 1844 1214 1882 est
1235 1837 1398 1882 excudi
1426 1846 1471 1882 et
1504 1837 1678 1892 recudi,
1710 1852 1863 1893 neque

232 1908 260 1937 a
280 1894 442 1951 paucis
462 1894 760 1939 desideratur.

955 2007 1144 2051 LXXIII

763 2096 808 2130 B.
836 2095 1040 2132 PETRUS
1065 2095 1314 2134 CAlems

590 2187 806 2218 SANCTO
853 2187 1166 2219 FRANCISCO
1211 2189 1282 2219 DE
1328 2189 1504 2229 BORJA

669 2257 929 2319 Augustae,
950 2275 1006 2320 29
1023 2263 1238 2308 Octobris
1259 2266 1370 2323 1569
1388 2266 1421 2310 ³.
1467 2297 1473 2301 -

230 2352 292 2389 De
309 2352 412 2387 libro
428 2352 600 2388 doctoris
622 2351 766 2387 Torres
779 2352 1028 2400 emendando
1045 2353 1223 2389 rationes
1239 2353 1383 2390 Natali
1399 2354 1547 2389 allatas
1561 2355 1860 2389 commemorat.

400 2430 632 2474 Admonet
653 2429 771 2473 idem
795 2430 847 2472 P.
873 2429 1125 2472 Turrianus
1145 2436 1198 2474 ut
1217 2430 1442 2487 prioribus
1463 2430 1589 2473 libris
1612 2430 1669 2474 de
1686 2429 1859 2472 hierar-

234 2488 366 2532 chica
398 2488 681 2533 ordinatione
709 2487 888 2545 scriptis
915 2488 1076 2533 tertius
1103 2489 1161 2534 de
1189 2489 1413 2534 sacrificio
1442 2490 1732 2546 adjungatur.
1769 2490 1862 2533 Re-

300 2619 311 2640 ¹
362 2620 422 2655 Ex
439 2619 661 2666 apographo
678 2618 839 2663 recenti,
866 2618 980 2655 nobis
1002 2619 1244 2656 transmisso.
1270 2620 1372 2657 Vide
1395 2621 1509 2668 epist.
1536 2628 1620 2665 510,
1646 2632 1684 2656 n.
1709 2627 1746 2664 73
1772 2628 1859 2666 512,

226 2691 265 2715 n.
285 2687 321 2724 53
341 2686 424 2724 515,
443 2691 482 2714 n.
501 2678 538 2723 63
557 2686 641 2723 517,
659 2690 699 2714 n.
716 2678 754 2723 6;
774 2686 858 2724 5193
877 2683 918 2714 et
933 2677 1018 2723 534,
1036 2691 1075 2715 n.
1096 2687 1131 2716 2.
1148 2680 1210 2715 De
1223 2679 1366 2717 litteris
1380 2680 1520 2717 indicis
1535 2679 1624 2715 vide
1639 2678 1754 2726 epist.
1771 2678 1858 2724 365,

224 2751 262 2775 n.
284 2747 320 2783 23
339 2738 422 2783 377,
443 2750 482 2774 n.
503 2747 538 2782 23
557 2737 639 2783 396,
659 2750 698 2773 n.
718 2748 754 2783 93
774 2736 858 2784 398,
875 2749 915 2773 n.
934 2748 971 2783 93
991 2743 1067 2774 etc.

289 2801 304 2821 ²
355 2799 416 2834 De
434 2798 543 2833 libris
561 2796 710 2834 Canisii
722 2802 857 2833 contra
869 2797 1151 2834 centuriatores
1164 2798 1215 2834 ef.
1237 2798 1568 2843 SOMMERVOGEL‚
1583 2798 1859 2844 Bibliotheque

221 2858 269 2894 de
287 2858 330 2894 la
350 2856 397 2893 C.
421 2858 469 2893 de
477 2856 512 2903 J
515 2884 540 2903 .‚
559 2857 611 2902 11,
630 2855 800 2902 67306753
820 2861 860 2892 et
877 2856 1060 2903 MICI-IEL,
1092 2857 1160 2893 Vie
1177 2858 1234 2893 du
1256 2858 1539 2894 Bienheureux
1566 2858 1710 2893 Pierre
1736 2855 1858 2892 Cani-

221 2918 319 2965 sius,
339 2917 410 2953 lib.
436 2917 484 2959 V,
503 2928 591 2964 cap.
616 2924 656 2961 5.

296 2978 311 2999 ⁵
359 2977 419 3012 Ex
442 2976 695 3022 autographo,
721 2974 760 3011 in
785 2975 915 3022 Epist.
943 2973 1115 3019 Canisii,
1140 2975 1192 3018 11,
1217 2984 1300 3021 241.
1327 2976 1427 3017 Vide
1451 2975 1617 3023 append.
1638 2975 1795 3019 LXXII,
1816 2980 1857 3010 et

224 3036 410 3084 epistolas
427 3034 483 3070 ibi
500 3035 700 3081 allegatas.
