2228 3548
2027 0 2228 102 newa-vg}

2216 110 2228 165 Ξ

389 303 459 339 262
899 294 1037 330 EPIST.
1065 291 1110 327 P.
1137 289 1407 335 NADAL-437

340 405 382 447 al
402 406 612 459 presente
633 397 676 440 io
699 394 925 439 truouassi
947 393 994 436 in
1012 391 1269 445 Olomucio,
1295 405 1374 448 per
1395 405 1486 435 non
1516 390 1749 435 offendere
1769 390 1801 432 1’
1825 388 1978 446 impe-

341 486 506 529 ratore,
532 491 581 519 se
604 473 679 531 gia
700 487 792 515 non
816 469 1084 527 passassimo
1107 467 1261 512 auanti
1289 482 1368 525 per
1389 482 1482 511 non
1509 474 1664 524 potere
1685 482 1694 521 ;
1720 466 1854 523 dopoi
1887 479 1975 509 ue-

343 554 492 598 dendo
516 558 640 595 tanta
663 547 918 603 frequentia
939 547 996 591 de
1019 545 1233 598 scholari,
1265 551 1310 590 et
1338 551 1463 588 tanta
1484 544 1784 602 aspettatione
1805 543 1850 587 di
1872 543 1969 600 pin,

340 634 371 677 l’
398 629 547 674 animo
571 627 688 672 della
710 626 818 669 61111
842 637 1100 676 commune,
1122 622 1375 679 frequentia
1391 622 1508 667 delle
1529 621 1757 678 prediche,
1777 621 1974 664 essendo

342 709 428 751 che
450 720 562 749 sono
583 703 710 747 molti
732 699 919 746 heretici
939 699 988 743 in
1010 700 1160 756 quella
1180 699 1289 742 61113
1306 699 1352 742 (11
1368 699 1547 743 diuerse
1563 705 1695 752 sette,
1715 704 1761 743 et
1777 698 1808 741 11
1828 699 1968 741 buon’

345 783 495 828 animo
516 780 623 826 delli
645 778 867 831 canonici,
893 784 939 821 et
961 777 1035 820 del
1056 791 1255 821 vescouo
1283 776 1533 829 eccelente‚
1560 776 1619 819 mi
1651 775 1885 819 cominciai
1902 775 1975 818 'ad

345 859 576 911 inclinare,
602 871 694 900 non
716 855 792 913 gia
814 870 840 898 a
862 855 942 898 dar
964 853 1159 911 collegio
1182 853 1331 909 pieno,
1357 867 1406 896 se
1433 867 1524 896 non
1546 867 1817 897 conseruare
1838 851 1978 908 quelli

345 939 431 981 che
453 942 661 987 stauano,
686 939 732 977 et
754 933 861 976 dare
882 932 924 975 le
946 929 1233 987 occupationi
1254 931 1340 975 che
1360 931 1600 992 haueuano
1616 943 1694 986 per
1715 929 1757 972 le
1778 929 1899 972 scole
1920 929 1980 972 ad

347 1013 463 1057 altri.
490 1014 547 1055 Et
569 1011 768 1067 sapendo
791 1012 874 1052 che
896 1008 942 1052 di
966 1010 1115 1064 Praga
1132 1016 1177 1053 et
1193 1007 1239 1050 di
1256 1007 1434 1051 Vienna
1455 1013 1622 1063 poteua
1643 1006 1892 1062 proaedere
1908 1020 1934 1049 a
1950 1018 1983 1060 4

348 1089 546 1141 maestri,
572 1096 617 1132 et
640 1087 850 1131 hauendo
867 1088 1003 1130 Mtro.
1026 1086 1216 1138 Urtado,
1236 1084 1267 1127 il
1289 1085 1421 1140 quale
1437 1085 1617 1128 haueuo
1635 1083 1710 1140 gia
1727 1073 1983 1140 preuenuto

347 1169 399 1210 in
419 1169 629 1209 euentum
653 1166 737 1208 che
759 1164 879 1207 fosse
900 1162 1095 1219 bisogno
1117 1162 1162 1205 di
1184 1169 1352 1206 rettore
1378 1163 1426 1205 in
1455 1160 1679 1214 Morauia,
1705 1167 1751 1205 et
1772 1159 1983 1203 uedendo

350 1245 436 1288 che
462 1257 555 1285 non
582 1256 659 1285 era
686 1240 831 1284 alieno
859 1240 917 1282 da
944 1240 1019 1282 tal’
1046 1238 1214 1293 officio,
1246 1246 1291 1283 et
1322 1237 1598 1296 giudicando
1629 1244 1721 1282 star
1751 1236 1919 1294 meglio
1950 1236 1981 1279 11

350 1322 405 1365 P.
431 1319 617 1363 Andrea
639 1319 736 1360 fora
757 1316 801 1359 di
827 1319 990 1372 Praga,
1016 1315 1076 1358 mi
1097 1315 1363 1359 determinai
1385 1315 1557 1372 parlare
1589 1315 1726 1358 molto
1755 1309 1918 1357 chiaro
1940 1314 1982 1356 al

358 1410 568 1447 vescouo,
595 1409 687 1438 non
709 1393 783 1450 gia
807 1392 1074 1437 offerendoli
1096 1406 1202 1435 cosa
1222 1392 1503 1449 particolare,
1528 1407 1601 1435 ma
1624 1391 1774 1447 quello
1796 1393 1880 1434 che
1902 1404 1982 1447 po-

354 1472 539 1518 tessimo
556 1471 651 1515 fare
668 1485 694 1513 a
711 1469 972 1513 mediocrita
989 1483 1069 1525 per
1086 1468 1317 1526 principio.
1340 1471 1396 1512 Et
1414 1470 1622 1512 andando
1639 1484 1664 1512 a
1686 1467 1897 1532 parlargli
1914 1468 1987 1510 601

355 1551 403 1593 Ρ.
429 1550 634 1593 Lorenzo
657 1554 702 1592 et
723 1547 754 1589 11
778 1549 828 1590 P.
858 1547 1133 1590 Alessandro
1155 1546 1201 1590 in
1219 1546 1464 1591 Cremsirio
1486 1548 1514 1601 ¹,
1533 1548 1578 1590 10
1596 1545 1773 1590 truouai
1790 1560 1876 1589 con
1895 1551 1986 1588 tarn

354 1627 506 1669 buona
528 1623 821 1681 dispositione
844 1630 888 1667 et
906 1637 992 1666 con
1010 1630 1100 1666 tam
1118 1624 1291 1680 grande
1306 1623 1595 1667 inclinatione
1617 1638 1643 1667 a
1665 1623 1814 1679 quella
1824 1610 1983 1679 opera,

355 1704 441 1747 che
462 1717 554 1745 non
576 1701 698 1757 potei
719 1701 788 1743 dir
810 1715 917 1743 cosa
938 1702 1023 1744 che
1044 1715 1137 1743 non
1158 1700 1395 1745 accettassi
1416 1715 1425 1755 3
1452 1708 1495 1745 et
1524 1700 1588 1744 lui
1615 1701 1673 1743 da
1701 1715 1750 1744 se
1779 1699 1909 1743 offeri
1941 1699 1988 1742 di

355 1779 579 1837 applicare
602 1793 682 1834 per
710 1777 928 1834 principio
958 1787 1043 1831 500
1073 1778 1221 1831 taleri,
1246 1779 1303 1822 da
1332 1790 1419 1832 7oc
1447 1780 1530 1821 che
1558 1771 1736 1821 haueua
1764 1776 1987 1833 applicato

357 1857 497 1900 simul
520 1856 606 1899 alla
634 1854 918 1911 Compagnia
948 1861 993 1899 et
1020 1854 1062 1898 al
1090 1854 1345 1908 seminario,
1370 1854 1401 1898 il
1430 1857 1514 1898 6116
1542 1856 1567 1899 6
1595 1855 1718 1898 buon
1749 1853 1983 1910 principio,

357 1933 671 1991 spetialmente
694 1946 772 1987 per
796 1946 945 1975 essere
966 1932 1008 1974 la
1031 1938 1150 1976 terra
1170 1932 1445 1986 abondante,
1470 1938 1515 1977 et
1545 1932 1638 1975 cosi
1660 1930 1988 1975 accordandoci

358 2011 429 2055 col
450 2023 664 2062 vescouo,
692 2009 899 2052 accordai
921 2009 966 2051 di
994 2010 1206 2053 mandare
1236 2023 1260 2065 3
1283 2009 1467 2054 maestri
1494 2016 1539 2054 et
1566 2009 1641 2052 doi
1662 2008 1913 2052 coadiutori
1945 2007 1990 2050 di

361 2088 528 2143 Praga,
553 2101 615 2128 un
638 2092 832 2128 maestro
854 2093 899 2129 et
921 2086 950 2128 il
974 2093 1139 2130 rettore
1158 2088 1210 2130 P.
1233 2087 1406 2132 Urtado
1423 2087 1486 2130 da·
1496 2086 1689 2130 Vienna.
1711 2084 1763 2129 Li
1782 2084 1994 2141 pragensi

360 2163 590 2207 andarono
613 2177 700 2206 con
723 2163 856 2206 Mtro.
884 2163 1102 2217 Lorenzo,
1128 2163 1280 2207 alcuni
1302 2163 1450 2220 giomi
1473 2162 1627 2207 auanti
1656 2164 1726 2206 ch'
1752 2161 1796 2204 io
1818 2162 1997 2218 partissi

363 2240 422 2283 da
446 2242 611 2296 Praga:
631 2239 663 2282 li
680 2239 783 2282 altri
799 2239 873 2281 doi
890 2254 1003 2282 sono
1021 2240 1097 2296 gia
1113 2240 1265 2285 andati
1282 2242 1352 2285 601
1374 2240 1622 2286 medesimo
1638 2242 1772 2284 Mtro.
1795 2241 2002 2284 Lorenzo

366 2317 424 2360 da
446 2316 648 2369 Vienna,
674 2323 719 2361 et
741 2318 840 2360 sara
862 2318 975 2359 fatto
997 2317 1027 2359 il
1048 2317 1286 2374 principio.
1311 2319 1414 2362 Non
1439 2317 1476 2361 si
1499 2319 1523 2361 6
1546 2318 1652 2360 dato
1669 2319 1865 2370 rhetore,
1885 2317 1996 2359 ben-

364 2394 448 2436 6116
470 2392 508 2436 51
529 2392 815 2446 desiderassi,
828 2395 1003 2448 partim
1021 2409 1100 2450 per
1116 2394 1358 2439 cominciar
1374 2394 1452 2451 pisi
1469 2395 1602 2438 basso
1619 2393 1994 2444 ordinatamente,

360 2470 536 2526 partim
557 2470 723 2526 perche
744 2469 805 2511 mi
827 2484 993 2525 pareua
1020 2473 1105 2516 che
1134 2486 1229 2515 non
1256 2472 1298 2515 ci
1325 2472 1496 2516 fossero
1527 2470 1687 2515 scolari
1706 2468 1924 2526 'disposti,
1950 2476 1999 2513 et

366 2547 511 2589 anche
528 2546 575 2588 in
594 2559 720 2600 uero,
738 2547 903 2602 perche
920 2561 1011 2590 non
1027 2549 1283 2592 haueuamo
1299 2548 1540 2602 rhetorico,
1559 2549 1735 2592 benche
1752 2546 1991 2603 speriamo,

368 2624 452 2666 che
488 2624 516 2665 l'
550 2622 809 2666 humanista
843 2626 972 2679 potra
1008 2639 1157 2668 essere
1194 2632 1288 2669 atto
1324 2640 1404 2683 per
1441 2624 1664 2669 rhetorico
1696 2625 1727 2666 l’
1759 2638 1880 2667 anno
1913 2624 1998 2667 che

370 2698 518 2743 uiene.
544 2701 592 2743 Io
614 2714 762 2756 spero,
787 2701 873 2742 che
895 2708 1054 2755 questo
1077 2705 1176 2745 sara
1198 2717 1261 2746 un
1283 2718 1397 2760 gran
1419 2701 1611 2759 collegio
1628 2708 1673 2746 et
1689 2700 1940 2744 vniuersita
1956 2699 2002 2742 di

370 2775 505 2831 studij
531 2777 769 2832 generale,
795 2782 840 2820 et
862 2779 946 2820 che
968 2778 1005 2821 si
1028 2781 1157 2834 potra
1184 2779 1410 2836 applicare
1438 2794 1500 2823 un
1522 2793 1636 2832 gran
1659 2784 1915 2822 monastero
1947 2777 2006 2822 de

374 2852 642 2896 franciscani
665 2853 909 2905 claustrali,
935 2854 965 2896 il
989 2857 1121 2910 quale
1143 2862 1213 2900 sta
1234 2857 1436 2900 desolato
1458 2870 1545 2900 con
1575 2870 1636 2898 un
1664 2855 1760 2898 solo
1782 2855 1897 2898 frate
1918 2853 2004 2896 ita-

374 2928 510 2971 liano.
536 2930 571 2972 Il
593 2929 788 2986 Signore
809 2929 853 2972 10
876 2931 1068 2986 gouerni
1090 2947 1116 2975 a
1138 2933 1347 2990 maggior
1369 2932 1513 2990 gloria
1540 2932 1586 2975 di
1616 2933 1664 2977 S.
1691 2933 1748 2975 D.
1777 2931 1882 2975 ΜΘ
1907 2931 2006 2974 Con

447 3034 458 3054 ¹
510 3035 786 3071 «Cremsirium
803 3036 970 3081 (Dotalis
989 3042 1049 3073 est
1066 3038 1345 3086 Episcoporum
1359 3038 1680 3077 Olomucensium
1694 3037 1860 3084 Civitas,
1875 3042 1915 3072 et
1929 3041 2006 3072 sta—

377 3091 433 3128 tio
452 3092 688 3140 frequens.)»
708 3095 911 3142 SCHMIDL,
929 3097 1006 3132 loc.
1030 3096 1121 3143 cit.,
1140 3109 1184 3134 n.
1208 3107 1267 3144 24.
