2228 3548
449 310 520 354 762
1029 307 1167 342 Ep1sr.
1196 306 1240 342 P.
1272 307 1423 343 NADAL

403 410 506 452 nale
528 407 728 459 Amulio,
755 407 785 449 il
809 408 913 463 qual
935 421 1028 450 non
1050 407 1199 452 scriue
1221 407 1377 452 niente
1401 409 1485 452 che
1501 407 1545 451 io
1568 407 1694 461 uadi,
1719 421 1849 452 como
1879 407 2040 464 prima,

400 484 428 512 a
452 466 607 510 uisitar
630 466 778 521 questi
800 466 961 522 prelati
983 466 1028 509 di
1053 467 1323 523 Alemagna.
1352 467 1497 523 Spero
1516 469 1602 512 che
1623 467 1687 511 lui
1700 466 1737 510 si
1755 468 2035 520 contentara,

402 541 483 582 per
504 527 546 569 le
573 525 783 581 raggioni
812 525 917 568 miei
945 541 972 569 a
998 525 1063 568 lui
1090 526 1246 570 scritte
1267 527 1311 569 d'
1337 527 1547 582 Ispruch,
1571 533 1616 570 et
1644 533 1806 582 questo
1833 527 1934 569 sara
1960 526 2038 583 piu

402 584 664 641 espediente
686 599 822 627 senza
842 584 981 627 dubio
1003 599 1083 640 per
1104 585 1315 642 maggior
1336 586 1453 629 bene
1481 585 1527 628 di
1548 593 1703 629 nostra
1725 585 2025 642 Compagnia.

401 647 458 687 Et
479 644 643 699 perche
666 643 695 685 il
722 646 771 686 P.
798 646 856 687 D.
883 645 1017 688 Natal
1039 643 1223 701 giudica
1245 645 1412 701 meglio
1433 648 1533 689 sara
1554 647 1638 690 che
1660 645 1703 688 io
1726 658 1818 687 non
1839 644 1987 688 scriua
2008 659 2036 688 a

399 703 548 759 questi
572 702 729 758 prelati
753 702 798 745 di
821 705 979 755 Roma,
1005 718 1148 759 penso
1170 704 1213 747 io
1235 704 1281 747 di
1303 704 1414 747 farlo
1437 705 1575 747 molto
1598 703 1852 748 uolontieri.

490 763 669 806 Adesso
700 762 827 807 detto
860 765 912 806 P.
939 764 1074 806 Natal
1103 770 1172 806 sta
1200 763 1479 820 negotiando
1507 778 1587 820 per
1618 764 1804 807 mandar
1830 769 1982 819 presto
2009 777 2035 806 a

401 821 557 865 Parise
580 824 642 865 M.
669 822 890 865 Giacomo
913 822 1185 866 Valentiano
1207 824 1278 866 001
1298 825 1357 866 D.
1385 825 1612 867 Thomaso
1634 823 1822 880 anglese
1843 829 1888 866 et
1905 821 2038 865 Wal-

401 888 498 925 tero
522 881 697 924 fratello
719 882 791 925 del
814 884 866 925 P.
894 882 1150 925 Edmundo.

569 941 755 995 Quanto
778 941 863 984 alle
887 941 1060 997 fatighe
1090 948 1269 997 passate
1297 942 1369 984 del
1400 943 1548 986 Padre
1570 941 1777 984 visitator
1805 940 1851 982 in
1879 947 2039 996 questa

398 998 648 1056 prouincia,
674 1014 786 1043 sono
808 1007 926 1044 state
948 1002 1122 1057 grande
1145 1007 1189 1045 et
1213 1001 1436 1044 fruttuose
1458 1001 1504 1045 in
1527 1000 1653 1044 molti
1675 999 1810 1043 modi.
1839 1000 1900 1044 Se
1923 1000 2039 1044 uede

395 1058 708 1111 chiaramente
729 1061 814 1104 che
835 1060 879 1102 la
901 1060 1136 1115 prouincia
1158 1060 1324 1103 habbia
1345 1060 1461 1104 assai
1479 1060 1622 1117 patito
1639 1074 1717 1116 per
1739 1059 1891 1116 quello
1907 1073 2037 1101 man·

396 1125 625 1171 camento,
645 1120 730 1163 che
748 1120 806 1162 ne
822 1118 882 1171 io,
897 1120 953 1163 ne
968 1119 1055 1162 mio
1074 1121 1264 1172 fratello,
1279 1120 1472 1164 essendo
1488 1119 1780 1176 prouinciale,
1794 1124 2036 1174 poteuamo

397 1178 568 1222 andare
590 1178 772 1221 intorno
795 1193 874 1234 per
896 1179 1054 1222 uisitar
1075 1194 1231 1235 spesso
1252 1178 1283 1221 li
1308 1180 1492 1232 fratelli,
1517 1179 1711 1224 essendo
1733 1192 1826 1221 uno
1849 1176 2035 1233 alligato

400 1237 486 1280 alla
508 1238 691 1281 catedra
712 1237 758 1279 di
780 1239 1011 1294 Augusta,
1036 1246 1081 1282 et
1103 1239 1131 1280 1³
1157 1239 1271 1282 altro
1293 1239 1335 1282 al
1363 1239 1556 1296 collegio
1583 1245 1629 1282 et
1657 1243 1874 1281 rettorato
1901 1235 2035 1279 dilin-

396 1310 553 1352 gense.
588 1297 722 1341 Onde
750 1296 781 1339 il
811 1298 956 1340 Padre
984 1297 1218 1342 visitatore
1253 1313 1393 1354 pensa
1421 1298 1468 1341 in
1502 1298 1611 1354 ogni
1638 1298 1773 1340 modo
1800 1296 1846 1339 di
1874 1296 1940 1339 far
1971 1310 2036 1339 un

399 1355 649 1411 prouincial
671 1355 828 1408 libero,
855 1364 899 1400 et
922 1365 1121 1400 monstra
1143 1359 1274 1414 segni
1303 1357 1348 1401 di
1380 1359 1507 1402 uoler
1534 1358 1802 1401 confirmare
1825 1358 1887 1400 M.
1914 1356 2037 1400 Her-

398 1422 520 1459 mete
550 1417 556 1436 ¹
584 1430 662 1471 per
692 1415 972 1471 predicatore
1003 1417 1049 1459 di
1078 1418 1310 1473 Augusta,
1335 1431 1385 1461 se
1412 1416 1450 1460 si
1473 1419 1653 1473 portara
1669 1417 1786 1460 bene
1813 1415 1859 1458 in
1887 1413 2038 1470 questi

399 1474 528 1526 mesi,
553 1475 672 1517 doue
694 1475 756 1517 lui
779 1475 960 1531 predica
997 1490 1083 1519 con
1111 1475 1412 1520 satisfattione
1441 1477 1564 1533 degl’
1588 1474 1803 1527 auditori,
1829 1474 1874 1517 di
1897 1474 2034 1517 modo

396 1535 486 1576 che
508 1533 551 1576 io
574 1534 766 1577 tornassi
790 1536 864 1577 all¹
891 1535 1030 1579 osfitio
1053 1536 1126 1578 del
1143 1535 1436 1592 prouinciale‚
1457 1542 1501 1580 et
1519 1543 1679 1591 questo
1697 1535 1901 1578 almanco
1918 1531 2039 1577 insin

397 1595 486 1637 che
508 1592 571 1635 lui
595 1593 789 1636 tornassi
810 1594 854 1636 d'
881 1595 1082 1638 Austria.

569 1653 663 1695 Pur
685 1667 817 1708 sopra
840 1661 1001 1708 questo
1025 1653 1212 1710 negotio
1233 1654 1342 1697 uuol
1369 1668 1534 1697 ancora
1561 1653 1591 1696 il
1622 1656 1674 1697 Ρ.
1701 1652 1836 1696 Natal
1863 1651 2037 1707 parlare

395 1712 470 1754 col
498 1713 627 1754 Rmo.
654 1712 903 1766 cardinale,
930 1713 1053 1756 accio
1085 1713 1146 1757 lui
1175 1728 1225 1757 se
1254 1713 1457 1759 contenti
1485 1713 1604 1758 della
1631 1712 1886 1755 mutatione
1916 1710 2034 1755 dello

399 1770 682 1827 predicatore
709 1771 756 1814 in
786 1773 1049 1827 Augusta...
1076 1773 1163 1817 Del
1192 1779 1312 1816 resto
1339 1772 1539 1816 scriuera
1567 1772 1598 1815 il
1627 1772 1772 1815 Padre
1800 1769 2034 1814 visitatore

396 1845 478 1886 per
499 1830 542 1873 la
563 1829 706 1886 prima
732 1832 959 1874 comodita
987 1832 1065 1889 piu
1092 1832 1415 1885 difusamente,
1441 1832 1542 1876 anzi
1568 1832 1728 1876 adesso
1758 1830 1922 1874 manda
1949 1843 2029 1872 an-

392 1903 503 1933 cora
524 1890 566 1932 le
583 1903 719 1933 sue...

1175 2005 1259 2048 XII

1000 2092 1271 2130 ANTONIUS
1297 2093 1432 2129 BRUS

726 2182 930 2222 JOANNI
970 2184 1283 2215 FRANCISCO
1321 2183 1709 2215 COMMENDONO

915 2260 1108 2315 Pragae,
1141 2271 1190 2314 17
1213 2259 1322 2317 Julii
1351 2260 1462 2314 1566
1485 2260 1517 2302 ².

714 2345 775 2381 De
793 2347 966 2391 quodam
986 2348 1229 2384 monasterio
1249 2348 1439 2384 Societati
1455 2347 1714 2395 applicando.

566 2421 668 2466 Ill.i³
688 2424 834 2466 Dnus.
861 2438 886 2466 a
908 2424 1038 2467 Rosis
1060 2426 1159 2468 uult
1181 2425 1503 2470 monasterium
1532 2425 1760 2480 quoddam
1789 2423 1835 2466 in
1857 2437 1939 2466 sua
1960 2421 2029 2465 di-

399 2481 538 2534 tione,
559 2481 728 2525 ordinis
749 2482 1069 2526 canonicorum
1093 2484 1387 2541 regularium,
1413 2486 1535 2540 quod
1551 2484 1735 2527 vnicum
1754 2489 1929 2526 tantum
1946 2483 2030 2524 ha-

396 2542 477 2584 bet
498 2541 607 2584 satis
628 2541 898 2585 insolentem
922 2549 966 2586 et
988 2543 1257 2586 dissolutum
1277 2545 1458 2587 fratrem
1476 2545 1509 2596 ⁵,
1535 2544 1735 2596 tradere,
1760 2556 1864 2585 cum
1882 2540 2003 2584 omni
2022 2565 2028 2570 ·

397 2601 485 2643 bus
507 2600 815 2656 proventibus,
842 2600 919 2655 qui
941 2616 1076 2657 supra
1104 2603 1225 2646 mille
1247 2604 1412 2647 taleros
1434 2604 1700 2654 ascendunt,
1738 2600 1950 2644 Patribus
1971 2600 2029 2644 de

394 2659 627 2704 Societate
642 2661 766 2717 Jesv.
792 2659 961 2716 Scripsi
985 2663 1068 2704 hac
1090 2663 1145 2705 de
1174 2677 1222 2707 re
1251 2677 1395 2718 nuper
1424 2676 1580 2705 eorum
1608 2659 1864 2717 praeposito
1885 2672 2031 2715 gene»

472 2795 481 2815 ¹
534 2796 609 2831 Hal
751 2822 758 2830 .

469 2857 483 2877 ²
534 2856 593 2890 Ex
612 2807 869 2902 {ZZZ-who,
889 2854 929 2890 in
947 2855 1032 2892 cod.
1053 2857 1179 2893 Vatic.
1205 2857 1355 2893 Lettere
1378 2858 1426 2893 de
1446 2856 1670 2903 principii,
1689 2864 1749 2900 27,
1768 2854 1835 2890 fol.
1859 2852 1938 2889 131.
1958 2854 2030 2889 Ex-

393 2919 531 2960 cerpta
545 2926 594 2949 ex
610 2914 775 2961 epistola
789 2914 887 2950 R.mi
903 2914 1063 2950 Antonii
1078 2917 1176 2951 Brus
1190 2916 1255 2961 (de
1270 2916 1462 2962 Muglstz),
1473 2914 1753 2962 archiepiscopi
1767 2912 1971 2961 pragensis
1985 2911 2036 2947 ad

392 2972 634 3009 cardinalem
654 2973 1005 3019 Commendonum,
1030 2974 1093 3009 die
1115 2983 1157 3019 17
1184 2975 1279 3021 Julii
1310 2975 1401 3011 anni
1422 2975 1528 3022 1566,
1546 2974 1653 3010 data.
1677 2973 1777 3009 Vide
1797 2973 1915 3020 epist.
1945 2970 2030 3017 432,
2092 3000 2099 3008 .

394 3043 467 3067 nn.
489 3042 512 3077 4
530 3038 570 3068 et
586 3034 624 3078 6;
645 3038 685 3069 et
703 3032 789 3080 437,
808 3044 873 3069 nn.
893 3032 916 3068 8
935 3038 975 3068 et
993 3043 1028 3077 9.

469 3091 484 3112 ³
533 3093 594 3127 De
610 3093 683 3128 hoe
701 3094 844 3128 abbate
861 3093 970 3139 plura
987 3093 1181 3128 habentur
1199 3105 1327 3140 supra,
1347 3104 1436 3140 pag.
1457 3091 1542 3139 239,
1560 3097 1693 3128 annot.
1717 3100 1750 3127 1.
