2228 3548
893 322 935 362 15
962 315 1195 353 FEBRUAnn
1223 314 1315 361 1568
1331 323 1334 326 ·
1348 322 1351 325 ⁴
1812 315 1883 361 565

281 416 358 463 alli
378 416 649 475 prouinciali
675 419 686 439 ¹
710 417 758 461 di
781 416 921 474 quelli
942 418 1030 461 che
1050 416 1292 474 puotriano
1315 419 1456 463 esser’
1482 415 1692 474 professi,
1710 421 1758 460 et
1778 415 1933 461 subito

283 495 348 539 ho
372 494 484 539 satta
504 494 602 539 loro
624 494 812 552 riposta,
839 494 1138 538 rimandando
1159 494 1216 538 ad
1238 497 1349 552 ogn’
1375 509 1468 538 uno
1489 495 1533 540 le
1554 508 1652 538 sue.
1674 493 1804 551 Ogni
1825 507 1934 539 cosa

283 571 345 615 mi
366 586 447 629 par
467 572 601 618 bene.
629 573 818 629 Quanto
840 587 866 616 a
888 573 1005 616 Mro.
1030 571 1220 617 Andrea
1242 571 1468 616 Boccacio
1497 572 1512 592 ³
1544 571 1665 615 nella
1694 570 1934 628 prouincia

283 650 359 695 del
380 651 559 704 Rheno,
584 650 646 694 mi
668 664 777 707 pare
800 656 1146 707 rappresentare
1167 649 1255 693 alla
1278 651 1331 694 P.
1358 651 1437 703 V.,
1463 649 1633 694 sicome
1654 650 1711 694 da
1733 648 1792 694 lei
1819 648 1881 692 mi
1905 649 1930 694 ὲ

283 726 510 780 ordinato,
537 729 622 772 che
644 729 835 772 sarebbe
864 728 1021 771 buono
1047 742 1128 784 per
1157 733 1226 772 tre
1253 727 1350 772 voti
1377 727 1572 782 solenni,
1601 734 1650 771 et
1679 726 1932 784 parimente

284 805 401 850 Mro.
426 804 641 849 Cornelio
664 806 869 850 Oerchot
890 805 923 847 ³.
1649 842 1654 846 .

372 895 415 938 3.
479 883 727 939 Aspettaro
749 882 843 938 qui,
869 897 898 926 o
921 896 1033 927 uero
1052 881 1099 924 in
1119 882 1347 934 Anuersa,
1368 881 1411 924 13
1428 881 1623 938 risposta
1638 881 1759 926 della
1775 883 1830 926 Ρ.
1845 882 1926 935 V.,

278 959 327 1003 di
348 961 500 1016 quello
521 962 609 1004 che
629 961 802 1004 hauero
823 960 882 1004 da
904 961 1016 1013 fare,
1041 973 1091 1004 se
1112 959 1155 1003 le
1177 972 1285 1005 cose
1305 958 1352 1002 di
1380 959 1573 1003 Francia
1601 973 1770 1012 vann0‚
1795 973 1927 1003 come

280 1037 319 1081 si
341 1038 506 1092 uedde,
531 1038 702 1082 auanti:
728 1037 895 1095 perche
915 1037 1035 1089 della
1056 1035 1363 1082 indifferentia
1382 1037 1471 1080 che
1499 1038 1559 1080 ho
1587 1050 1674 1080 con
1702 1037 1745 1080 la
1772 1036 1926 1093 gratia

280 1115 356 1160 del
372 1115 567 1174 Signore
590 1115 695 1160 nell'
717 1114 984 1168 obedienza,
1015 1113 1093 1172 gia
1121 1115 1182 1157 ho
1209 1112 1386 1166 scritto,
1419 1120 1466 1158 et
1494 1113 1708 1157 etiamdio
1729 1113 1833 1157 dell'
1856 1114 1927 1157 in·-

282 1193 544 1238 clinatione.
570 1195 637 1238 La
656 1193 818 1237 lettera
840 1192 959 1236 delle
986 1191 1142 1236 buone
1168 1204 1323 1234 nuoue
1351 1191 1408 1235 de
1436 1205 1543 1235 cose
1575 1191 1696 1236 della
1727 1191 1926 1248 Compa-

285 1270 409 1328 gnia,
434 1278 543 1324 etc.‚
569 1271 631 1314 mi
657 1271 683 1314 e
711 1277 828 1314 stata
857 1276 985 1313 tanto
1011 1275 1161 1326 grata,
1191 1269 1281 1313 che
1308 1282 1400 1312 non
1427 1283 1564 1325 posso
1592 1268 1849 1324 esplicarlo;
1882 1275 1928 1313 et

286 1349 349 1392 ho
369 1355 587 1405 proposto
607 1347 653 1392 di
676 1348 881 1405 leggerla
902 1346 1043 1391 molte
1058 1346 1181 1390 volte
1203 1346 1235 1390 ⁴.
1255 1347 1488 1389 Dominus
1503 1349 1568 1388 est
1585 1349 1744 1399 tecum,
1761 1346 1924 1390 Pater.

374 1438 419 1480 4.
484 1425 705 1470 Ximenez
741 1439 799 1468 va
835 1422 1217 1468 conualesciendo
1258 1436 1347 1467 con
1383 1421 1650 1467 mediocrita
1682 1421 1740 1466 ·di
1786 1423 1924 1475 forze,

284 1501 431 1560 gloria
452 1503 495 1546 al
522 1503 734 1559 Signore:
766 1502 930 1547 alcune
957 1501 1081 1546 volte
1108 1500 1146 1544 si
1176 1507 1308 1544 troua
1335 1499 1589 1557 indisposto
1610 1507 1656 1544 et
1682 1500 1865 1545 deuole:
1891 1499 1930 1543 si

283 1580 583 1625 raccomanda
600 1580 900 1625 humilmente
921 1579 997 1623 alli
1014 1577 1132 1622 santi
1150 1577 1362 1622 sacrificii
1376 1585 1423 1622 et
1441 1576 1634 1621 orationi
1651 1577 1771 1622 della
1793 1579 1844 1622 P.
1866 1579 1924 1622 V.

283 1658 507 1702 Venendo
528 1656 574 1700 di
602 1658 852 1702 Cameraco
880 1655 1034 1713 passai
1062 1670 1143 1712 per
1171 1654 1450 1711 Aquicincto
1480 1656 1506 1698 ⁵.
1539 1656 1591 1699 L'
1624 1654 1792 1699 abbate
1820 1656 1836 1677 ⁶
1868 1656 1929 1698 ha

281 1743 518 1793 comprato
540 1750 602 1779 vn
623 1734 927 1792 grandissimo
949 1734 1049 1777 loco
1072 1733 1119 1776 in
1140 1735 1302 1778 Duaco
1322 1747 1406 1790 per
1426 1734 1521 1777 fare
1543 1731 1575 1774 il
1597 1739 1754 1776 nostro
1782 1732 1924 1776 colle-

284 1812 379 1870 gio,
409 1820 455 1858 et
491 1812 523 1855 li
550 1812 626 1856 doi
653 1811 755 1856 altri
783 1826 864 1869 per
893 1810 1087 1855 scholari
1113 1809 1288 1867 poueri.
1319 1810 1395 1854 Ha
1425 1809 1584 1853 uoluto
1613 1808 1687 1852 ch’
1716 1808 1760 1852 io
1788 1808 1819 1851 li
1847 1809 1930 1853 de-

285 1889 484 1947 signassi
504 1889 536 1932 il
558 1890 677 1944 1000,
702 1896 748 1934 et
771 1889 906 1932 modo
930 1887 975 1931 di
998 1889 1078 1931 far'
1102 1886 1134 1930 il
1155 1886 1351 1944 collegio
1378 1894 1538 1930 nostro
1560 1893 1605 1932 et
1626 1886 1800 1938 schole,
1826 1893 1871 1930 et
1900 1885 1930 1928 li

288 1955 491 2012 hauemo
507 1981 725 2024 persuaso
753 1967 841 2011 che
870 1964 980 2008 lasci
1008 1965 1110 2008 loco
1137 1962 1393 2009 sufficiente
1422 1978 1501 2020 per
1531 1963 1627 2008 fare
1655 1978 1746 2006 vna
1774 1962 1932 2007 chiesa

286 2044 360 2088 nel
381 2051 539 2088 nostro
561 2042 772 2100 collegio,
797 2042 977 2087 benche
1000 2041 1065 2084 lui
1086 2055 1176 2085 non
1205 2040 1243 2085 si
1269 2041 1407 2086 vuole
1435 2040 1644 2098 obligare
1671 2055 1698 2085 a
1729 2040 1859 2092 farla,
1885 2047 1932 2084 et

286 2121 347 2165 ho
369 2120 543 2166 intesso
564 2122 651 2164 che
674 2121 717 2164 13
737 2119 954 2163 difficolt&
984 2117 1088 2162 delli
1115 2117 1308 2162 didracti
1327 2125 1348 2146 ⁸
1366 2120 1380 2140 ⁷
1403 2118 1522 2162 nelle
1550 2118 1674 2162 scole
1691 2118 1748 2161 de
1766 2118 1931 2161 huma—

355 2263 376 2284 ¹²
415 2256 494 2298 sie,
515 2255 586 2292 sed
603 2255 743 2292 melius
761 2255 953 2299 didattri,·
965 2253 1097 2290 latinis
1110 2255 1314 2300 disiactra,
1328 2265 1378 2290 ex
1391 2265 1533 2300 graeco
1550 2253 1737 2301 δίδακτρον.
1753 2252 1930 2298 DE-Vrr,

290 2315 428 2351 Totius
445 2315 665 2351 latinitatis
683 2315 850 2356 lexicon,
872 2319 905 2350 t.
935 2314 1004 2360 VI,
1028 2313 1303 2350 Glossarium.

360 2425 371 2445 ¹
422 2422 524 2459 Vide
542 2423 658 2470 epist.
677 2422 760 2469 460.
1120 2424 1135 2444 ²
1185 2419 1287 2457 Vide
1305 2421 1421 2469 epist.
1441 2420 1528 2467 473,
1547 2433 1590 2457 n.
1618 2429 1650 2465 1;
1669 2425 1710 2455 et
1727 2427 1813 2466 474,
1832 2431 1870 2454 n.
1895 2427 1927 2454 1.

356 2483 371 2503 ³
429 2479 714 2529 Verschot'ipse
733 2480 890 2528 scripsit
907 2480 947 2517 in
964 2480 1158 2517 examine.
1178 2479 1242 2517 Cf.
1262 2480 1398 2529 Epist.
1423 2480 1579 2522 Natal„
1599 2481 1650 2524 ΙΙ,
1678 2478 1761 2525 546.
1792 2478 1871 2515 Sed
1890 2478 1931 2515 in

286 2540 404 2577 variis
421 2536 647 2589 provinciae
664 2540 792 2577 Rheni
809 2540 998 2586 catalogis
1016 2551 1172 2587 semper
1193 2539 1381 2576 Oerschot
1398 2540 1584 2587 scriptum
1604 2538 1834 2586 reperimus.

356 2600 373 2622 ⁴
421 2601 559 2637 Sermo
576 2606 638 2637 est
655 2600 704 2636 de
723 2599 889 2647 epistola
907 2600 982 2635 sub
999 2611 1038 2635 n.
1059 2607 1129 2645 497
1147 2598 1266 2635 edita.

357 2661 373 2682 ⁵
423 2660 723 2708 Aquiscinctum
753 2659 956 2705 (Anehin).
989 2658 1217 2695 «Aneienne
1233 2663 1273 2694 et
1302 2658 1461 2695 celebre
1486 2659 1640 2705 abbaye
1659 2656 1927 2700 benedictine‘,

283 2718 381 2755 dont
396 2719 454 2755 les
472 2719 605 2756 ruines
623 2731 666 2756 se
685 2719 819 2755 voient
837 2718 978 2765 aupres
995 2717 1044 2754 de
1062 2718 1099 2753 la
1122 2717 1268 2765 Scarpe
1291 2717 1314 2754 a
1342 2727 1358 2754 1
1387 2719 1456 2754 kil.
1485 2730 1534 2754 au
1558 2718 1607 2752 N.
1634 2716 1687 2752 du
1711 2715 1858 2762 village
1881 2714 1931 2752 de

282 2778 580 2826 Pecquencourt
595 2778 734 2824 (Nord‚
753 2783 856 2814 cant.
877 2777 927 2813 de
952 2776 1253 2823 marchiennes).
1281 2776 1340 2814 Ce
1363 2777 1586 2814 monastere
1611 2775 1727 2812 fonde
1756 2787 1806 2812 en
1837 2783 1931 2820 1079

281 2842 343 2873 est
360 2849 490 2874 connu
506 2849 574 2886 par
591 2839 650 2874 les
667 2838 901 2885 chroniques
924 2838 1021 2884 qu'y
1044 2841 1113 2873 ont
1135 2835 1319 2883 redigees
1335 2837 1532 2885 plusieurs
1550 2836 1600 2872 de
1618 2847 1682 2871 ses
1706 2834 1930 2871 moines...»

284 2897 342 2933 La
354 2898 517 2945 grande
535 2898 818 2945 encyclopedie.
838 2896 1064 2938 Lamiraust,
1084 2895 1138 2943 11,
1156 2895 1240 2942 984.

353 2957 369 2978 ⁶
418 2957 591 3002 Joannes
609 2957 886 2993 Lentaillerus.
906 2955 1008 2991 Vide
1027 2954 1146 3002 epist.
1165 2963 1248 3002 509,
1267 2967 1309 2992 n.
1328 2954 1365 2991 3.

354 3017 367 3037 ⁷
418 3015 671 3051 «Academici
689 3015 938 3062 [duacenses]
957 3014 1208 3061 postulabant
1224 3013 1316 3060 duo;
1335 3014 1503 3062 primum
1522 3019 1565 3049 ut
1583 3011 1806 3059 Collegium
1833 3022 1930 3059 quo-

279 3084 358 3121 que
377 3074 699 3121 Aquicinctinum
718 3086 767 3111 ex
785 3074 1029 3111 auditoribus
1047 3072 1129 3109 suis
1148 3073 1367 3120 mercedes,
1379 3085 1481 3121 quae
1497 3072 1689 3119 didactra,
1704 3077 1773 3109 aut
1788 3071 1932 3108 miner-

284 3132 387 3169 ualia
404 3138 559 3179 vocant,
581 3133 831 3181 exigeret...»
851 3133 1112 3178 SACCHINUS,
1132 3133 1207 3169 loc.
1226 3132 1312 3180 cit.‚
1330 3132 1400 3170 lib.
1420 3133 1492 3180 IV,
1512 3144 1551 3169 n.
1572 3141 1657 3178 204.
