2228 3548
395 286 466 331 796
965 282 1104 317 EPIST.
1131 281 1175 316 P.
1203 280 1354 316 NADAL

348 385 530 442 rogauit
550 386 696 441 plane,
730 390 780 427 ut
811 389 1022 427 uotorum
1058 380 1245 424 uincula
1275 379 1361 437 ipsi
1393 380 1633 425 soluerem.
1659 379 1767 425 Dixi
1797 380 1844 425 in
1874 395 1976 431 mea

346 451 569 501 potestate
591 443 636 487 id
658 458 749 486 non
771 456 885 486 esse.
913 440 1141 497 Quoniam
1164 453 1274 484 uero
1297 454 1450 485 meum
1472 440 1528 484 de
1555 439 1632 482 illo
1654 439 1865 484 iuditium
1899 456 1973 486 re2-

346 503 482 559 quirit
506 505 561 546 P.
590 504 704 554 Tua,
732 516 888 557 parum
910 507 1043 557 aptus
1071 499 1179 543 mihi
1210 498 1393 544 uidetur
1423 498 1529 542 huic
1560 498 1785 552 instituto,
1817 506 1862 543 et
1894 499 1972 557 qui

344 562 654 618 superioribus
677 561 807 604 annis
837 558 1078 605 Societatis
1106 565 1264 603 nostre
1285 558 1462 615 spiritui
1490 559 1607 602 male
1635 573 1684 602 se
1715 560 1974 603 conforma-

347 621 429 675 uit,
455 628 626 664 amator
648 619 867 665 licentiae.
888 618 1059 676 Scripsi
1076 619 1133 662 de
1154 618 1231 662 illo
1253 632 1433 675 quoque
1455 618 1512 661 ad
1536 620 1587 662 P.
1611 617 1911 663 uisitatorem.
1929 653 1937 662 .
1953 653 1962 662 .

1118 749 1214 793 LIII

579 839 647 875 EX
674 838 912 875 LITTERIS
938 837 1140 875 ANNUIS
1166 836 1416 875 COLLEGII
1441 835 1748 875 MOGUNTINI

778 922 1060 979 Moguntiae,
1091 934 1141 977 13
1159 921 1363 979 Augusti
1386 921 1495 976 1567
1519 923 1546 964 ¹.

678 1010 903 1059 Collegium
921 1009 1208 1058 moguntinum
1227 1022 1252 1045 a
1271 1009 1415 1046 Natali
1431 1010 1648 1046 lustratur.

436 1094 614 1139 Profuit
631 1095 689 1138 ad
705 1096 793 1138 hoc
811 1094 890 1152 [sc.
911 1094 1110 1137 studium
1129 1093 1322 1152 virtutis]
1339 1095 1530 1138 multum
1549 1108 1600 1138 ac
1615 1094 1693 1137 diu
1711 1101 1977 1152 expectatus

348 1157 400 1199 R.
423 1157 476 1199 Ρ.
503 1154 677 1199 Natalis
704 1155 951 1207 aduentus,
987 1169 1042 1198 ex
1071 1168 1161 1209 quo
1190 1153 1410 1209 plurimus
1443 1153 1550 1197 huic
1579 1153 1772 1211 collegio
1801 1154 1978 1197 fructus

346 1214 551 1258 accessit.
579 1214 757 1257 Etenim
780 1221 881 1270 post
903 1214 1082 1257 sedulas
1105 1227 1158 1256 ac
1181 1212 1423 1269 diligentes
1451 1214 1508 1258 de
1536 1220 1717 1258 nostrae
1739 1213 1980 1258 Societatis

347 1273 574 1326 instituto,
610 1274 722 1327 fine,
756 1273 959 1329 personis
990 1280 1035 1315 et
1068 1272 1343 1316 ornamentis
1379 1272 1739 1325 exhortationes,
1775 1271 1976 1315 omnium

346 1333 482 1378 etiam
505 1332 811 1376 confessiones
833 1332 1021 1384 audiuit,
1048 1339 1093 1376 et
1114 1332 1333 1386 remedia,
1358 1340 1493 1388 prout
1524 1331 1689 1388 cuique
1716 1346 1831 1388 opus
1859 1339 1973 1385 erat,

344 1400 503 1437 contra
526 1393 705 1435 morbos
728 1391 1090 1447 praesentissima
1112 1391 1250 1435 dedit.
1272 1393 1390 1436 Vota
1413 1391 1614 1435 omniurn
1638 1390 1853 1447 suscepit,
1873 1390 1979 1434 vni*

346 1451 512 1508 cuique
549 1466 631 1495 sua
667 1451 807 1494 offitia
843 1451 999 1494 ordine
1035 1451 1351 1495 decentissimo
1388 1450 1631 1494 distribuit.
1668 1449 1977 1496 Scholasticas

346 1511 708 1555 concertationes
736 1518 781 1555 et
808 1510 1156 1554 exercitationes
1187 1512 1243 1554 ad
1274 1525 1478 1554 normam
1511 1517 1556 1555 et
1587 1511 1772 1555 modurn
1804 1509 1979 1553 romani

349 1570 544 1626 collegii,
565 1577 784 1626 quantum
803 1570 898 1612 fieri
916 1571 1076 1626 potuit,
1099 1570 1310 1614 traduxit.
1338 1570 1568 1626 Quodque
1585 1569 1728 1613 maius
1746 1575 1831 1622 est,
1853 1568 1981 1613 hisce

349 1629 560 1674 omnibus
581 1629 737 1673 viuum
759 1630 1015 1685 exemplum
1038 1629 1324 1686 prudentiae,
1351 1629 1531 1685 pietatis
1553 1642 1606 1672 ac
1630 1643 1766 1674 uerae
1786 1627 1977 1686 religio-

349 1689 420 1733 nis
449 1688 647 1745 seipsum
678 1688 808 1732 nobis
841 1689 1051 1732 omnibus
1083 1689 1304 1734 exhibuit.
1336 1689 1466 1732 Faxit
1498 1690 1624 1733 Deus
1651 1695 1744 1745 opt.
1775 1702 1895 1731 max.
1921 1693 1976 1731 ut

347 1748 480 1792 cuius
507 1747 637 1792 nobis
663 1747 725 1792 ita
752 1748 1005 1804 praesentia
1042 1748 1231 1805 placuit,
1266 1748 1364 1792 eius
1402 1748 1495 1791 uita
1527 1747 1680 1792 multis
1713 1746 1845 1791 annis
1872 1761 1978 1804 per-

351 1809 570 1852 fruamur.

1118 1920 1219 1964 LIV

765 2008 813 2044 s,
842 2007 1224 2046 FRANCISCUS
1259 2009 1334 2044 DE
1365 2007 1564 2055 BORJA

882 2100 1038 2131 BEATO
1072 2100 1227 2132 PETRO
1263 2099 1456 2131 CANISIO

825 2176 1009 2228 Romae,
1036 2188 1090 2231 23
1110 2175 1314 2233 Augusti
1343 2175 1451 2230 1567
1471 2175 1505 2218 ².

755 2262 816 2298 De
834 2264 993 2311 collegii
1009 2264 1292 2310 herbipolensis
1309 2263 1576 2299 institutione.

437 2342 623 2397 Quanto
645 2341 687 2384 al
710 2341 904 2396 negocio
921 2342 994 2386 del
1011 2341 1208 2398 collegio
1224 2341 1557 2397 herbipolense,
1578 2346 1878 2397 presupposto
1894 2340 1982 2383 che

347 2400 391 2444 ci
413 2401 437 2444 ὲ
461 2414 591 2456 parso
612 2400 716 2455 quel
739 2401 872 2443 modo
894 2400 938 2443 di
961 2400 1175 2458 obligarsi
1197 2401 1239 2445 la
1261 2399 1548 2457 Compagnia
1564 2435 1573 2453 ,
1598 2401 1686 2444 che
1714 2413 1916 2456 pensaua
1947 2397 1980 2440 il

353 2462 403 2503 Ρ.
424 2460 560 2504 Natal
581 2467 709 2516 poter
732 2459 855 2513 farsi,
875 2475 966 2503 non
983 2474 1105 2504 esser
1123 2460 1356 2504 conforme
1373 2461 1458 2504 alle
1475 2468 1629 2504 nostre
1645 2456 1977 2509 constitutioni,

351 2605 481 2630 mano.
505 2594 732 2631 Vischerius
749 2598 893 2640 autem,
915 2595 1161 2643 sypontinus,
1180 2595 1220 2631 in
1237 2596 1414 2641 catalogo
1431 2606 1604 2640 romano,
1623 2593 1687 2629 cui
1712 2593 1849 2630 titulus
1883 2593 1982 2628 Vota

346 2653 564 2700 simplicia,
578 2658 805 2691 recensetur
819 2653 919 2689 inter
933 2666 1013 2699 eos,
1023 2655 1089 2702 qui
1104 2660 1195 2691 vota
1208 2654 1400 2702 simplicia
1415 2653 1733 2690 scholasticorum
1746 2658 1984 2689 renovarunt

349 2713 496 2749 Romae
519 2713 542 2749 6
566 2712 739 2760 Januarii
766 2711 869 2757 1563.
897 2714 968 2748 His
995 2714 1094 2750 adde
1120 2725 1220 2762 quae
1246 2725 1296 2750 ex
1323 2714 1371 2749 P.
1403 2714 1698 2759 Braunsberger
1728 2724 1852 2769 nuper
1876 2723 1985 2747 aoce-

349 2771 491 2819 pimust
509 2773 575 2808 «P.
593 2773 783 2819 Joannem
798 2771 1066 2808 Vischeriurn»
1081 2784 1306 2820 comparere
1319 2772 1360 2809 in
1375 2772 1531 2819 collegii
1550 2771 1796 2808 monacensis
1808 2771 1985 2817 catalogo

350 2829 463 2866 initio
488 2830 579 2866 anni
606 2831 695 2876 1565
719 2831 882 2867 Romam
907 2831 1025 2867 misso
1050 2832 1201 2876 (Germ.
1226 2831 1322 2878 Sup.
1342 2831 1429 2868 Cat.
1457 2831 1565 2875 1566.
1599 2833 1704 2877 1599)
1729 2830 1772 2866 ff.
1797 2829 1882 2875 376,
1900 2828 1984 2879 377:

351 2900 430 2925 non
448 2895 580 2930 autem
597 2890 705 2927 cerni
728 2890 768 2925 in
792 2891 980 2936 catalogis
1006 2891 1181 2938 eJusdem
1205 2890 1375 2937 collegii,
1401 2890 1467 2938 qui
1492 2895 1662 2927 exeunte
1686 2900 1787 2927 anno
1815 2888 1918 2935 1566,
1943 2893 1988 2931 et

348 2946 439 2985 Oct.
463 2949 553 2994 1567
571 2948 707 2996 scripti
725 2954 816 2986 sunt
833 2950 924 2994 (loe.
944 2949 1028 2994 cit.‚
1047 2950 1095 2986 ff.
1119 2950 1203 2996 385,
1222 2961 1308 2996 409,
1327 2952 1426 2996 412).

419 3007 431 3027 ¹
483 3008 540 3043 Ex
562 3007 662 3045 Cod.
685 3018 736 3055 29
751 3008 814 3056 g),
834 3007 904 3053 314
921 3007 1039 3054 (531).
1063 3009 1166 3046 -Vide
1185 3009 1304 3057 epist.
1327 3009 1417 3055 465.

419 3064 434 3084 ²
483 3067 541 3105 Ex
558 3067 747 3113 Regesm,
768 3066 867 3109 Coa.
892 3077 934 3112 33
947 3067 1007 3115 f),
1028 3067 1100 3107 fol.
1124 3069 1189 3116 56.
1216 3068 1315 3108 Vide
1333 3079 1427 3116 pag.
1450 3067 1536 3117 478,
1557 3072 1598 3106 et
1616 3067 1699 3115 536.
