2228 3548
893 254 950 293 27-
967 244 1138 282 Aemus
1166 239 1258 286 1566
1796 230 1843 276 85

243 354 505 402 santissima
526 353 728 398 volonta.
755 351 923 396 Amen.
948 349 1022 392 Da
1042 346 1276 402 Augusta,
1301 338 1377 384 alli
1406 349 1462 394 27
1490 325 1535 381 d³
1566 333 1725 393 Aprile
1760 332 1888 388 1566.

249 437 310 480 D.
334 435 392 479 V.
419 434 472 477 P.
498 430 634 477 seruo
656 444 715 475 en
736 429 841 481 X.⁰,

1328 501 1359 561 ἦ·
1390 500 1583 544 NADAL.
1625 495 1655 554 †

346 667 447 711 Con
470 671 632 721 questa
652 663 753 706 sara
775 661 855 704 un’
880 659 995 703 altra
1014 657 1072 700 de
1098 668 1206 698 cose
1232 646 1525 696 concernenti
1547 645 1634 689 alla
1655 641 1891 700 religione,

255 746 343 789 che
362 745 394 788 l’
418 744 560 787 Illmo.
580 742 736 798 legato
757 738 800 783 ci
819 739 878 781 ha
900 732 1189 780 comunicato
1210 737 1297 775 etc.

339 824 470 881 jhus.
506 821 572 864 La
586 820 750 864 lettera
765 817 851 860 che
867 814 970 858 dico
986 812 1033 856 in
1051 816 1211 867 questa
1231 809 1319 851 che
1340 805 1379 850 si
1395 799 1701 847 mandarebbe
1717 798 1774 841 de
1789 809 1897 840 cose

253 900 373 946 della
394 897 632 954 religione,
656 909 748 938 non
771 893 811 938 si
831 891 998 935 manda
1024 887 1174 932 insino
1201 885 1288 930 alla
1316 881 1558 927 settimana
1585 879 1671 921 che
1698 874 1832 918 viene
1857 880 1894 916 Β.

347 975 593 1031 Inscriptio
610 974 660 1016 in
682 973 850 1029 quarta
866 968 1067 1027 pagina:
1083 966 1219 1023 jhus.
1253 961 1313 1006 Al
1334 959 1475 1002 molto
1498 956 1616 1000 Rdo.
1641 953 1688 996 in
1716 950 1900 996 Christo

257 1055 406 1100 Padre
428 1060 586 1097 nostro
608 1050 641 1094 il
664 1052 717 1094 P.
743 1051 779 1093 F
782 1059 1001 1092 rancesco
1018 1044 1077 1087 de
1100 1039 1285 1098 Borgia,
1306 1034 1535 1095 preposito
1551 1030 1765 1090 generale
1782 1028 1901 1073 della

257 1129 547 1188 Compagnia
579 1130 637 1175 de
657 1127 770 1186 Jesu
796 1131 885 1168 ete.
917 1122 946 1181 †
979 1123 1139 1166 Roma.
1171 1117 1279 1161 Alia
1309 1127 1469 1158 manu:
1504 1109 1630 1165 1566.
1664 1107 1898 1163 Augusta.

262 1211 315 1254 P.
342 1208 519 1254 Natale.
548 1218 603 1261 27
625 1204 672 1248 di
695 1201 868 1261 Aprile.
895 1200 952 1245 C.
985 1196 1239 1254 Vestigium
1261 1190 1425 1249 sigilli.

1025 1306 1150 1350 888

739 1398 781 1435 S.
808 1391 1142 1434 FRANCISCUS
1169 1390 1240 1427 DE
1266 1385 1438 1433 BORJA

592 1477 805 1523 PATRI
848 1467 1284 1519 HIERONYMO
1327 1461 1576 1509 NADAL

800 1559 964 1597 nouas,
983 1556 1030 1594 27
1048 1553 1211 1583 APRILIS
1233 1542 1325 1588 1566
1342 1544 1368 1577 ¹.

266 1635 304 1663 t.
332 1623 586 1661 Valetudinis
603 1632 746 1658 curam
765 1618 908 1655 habere
931 1617 1120 1652 monetur
1141 1610 1318 1647 Natalis:
1342 1608 1388 1643 in
1413 1604 1629 1642 Potoniam
1647 1612 1697 1638 ne
1719 1611 1759 1636 se
1781 1597 1912 1645 confe-

313 1687 495 1722 rat.-2.
520 1683 580 1718 De
598 1679 799 1728 Gregorio
818 1675 988 1724 Roseffio
1007 1674 1173 1722 Spiram
1192 1667 1387 1706 mittendo
1404 1663 1636 1712 exquiritur
1653 1659 1816 1696 Natalis
1829 1669 1912 1693 sen—

315 1745 459 1781 tentia.
470 1752 553 1788 -3.
569 1741 634 1777 An
646 1738 863 1787 collegium
882 1733 1083 1773 Olomutii
1095 1727 1393 1767 admittendum
1410 1725 1704 1765 videntum—4.
1722 1719 1781 1755 De
1798 1717 1914 1754 Chri-

318 1805 502 1852 stophoro
519 1803 567 1838 de
584 1798 789 1848 Bengala:
807 1798 853 1833 in
870 1795 1016 1832 bellum
1031 1791 1230 1828 turcicum
1245 1785 1408 1823 Natalis
1424 1795 1503 1819 non
1522 1793 1561 1818 se
1579 1779 1779 1828 conferat:
1802 1779 1914 1824 expe·

318 1864 420 1901 ditio
433 1860 670 1898 melitensis.
680 1867 767 1903 -5.
792 1857 887 1893 Post
899 1855 1094 1901 scriptum
1109 1851 1158 1886 de
1173 1850 1290 1884 domo
1302 1842 1555 1895 probationis
1567 1850 1753 1881 romana,
1774 1838 1822 1873 de
1839 1835 1914 1872 col·

320 1924 441 1972 legio,
458 1923 506 1958 de
530 1919 678 1968 templo
701 1916 954 1954 Farnesiano
973 1910 1163 1949 Societati
1178 1906 1394 1956 erigendo:
1416 1904 1464 1940 de
1486 1901 1603 1937 sociis
1619 1899 1674 1935 ad
1690 1898 1807 1934 indos
1823 1896 1915 1931 mit-

319 1980 562 2020 tendis.-6.
588 1978 640 2016 Ut
661 1975 892 2014 valetudini
909 1972 1106 2022 propriae
1128 1966 1325 2008 consulat,
1343 1962 1533 2000 Natalem
1557 1959 1816 2001 adhortatur,
1834 1957 1908 1991 etc.

368 2074 406 2105 1.
465 2060 597 2117 jhus.
639 2057 750 2110 Muy
788 2053 905 2097 Rdo.
946 2064 1004 2094 en
1042 2049 1162 2104 Xpo.
1204 2044 1368 2088 Padre.
1412 2042 1509 2084 Pax
1545 2035 1652 2092 Xpi.
1693 2041 1783 2078 etc.
1826 2033 1914 2076 Las

271 2140 331 2183 de
352 2139 411 2182 V.
438 2138 492 2180 R.
518 2136 575 2180 de
597 2135 626 2178 6
646 2148 676 2190 y
704 2145 755 2188 13
772 2132 787 2153 ²
811 2130 886 2175 del
907 2132 1120 2185 presente
1141 2123 1292 2167 receui
1314 2134 1372 2164 en
1395 2132 1458 2161 un
1476 2127 1649 2159 mesmo
1671 2112 1759 2163 dia,
1781 2124 1810 2166 y
1831 2111 1915 2152 he—

274 2229 434 2259 monos
455 2211 700 2256 consolado
724 2210 773 2252 in
795 2206 995 2251 Domino
1017 2204 1074 2246 de
1094 2202 1136 2244 13
1159 2201 1310 2244 buena
1331 2190 1663 2240 demostracion
1681 2202 1771 2244 que
1793 2200 1849 2242 ay
1867 2199 1917 2229 se

275 2296 336 2338 ha
357 2292 475 2335 dado
497 2291 554 2334 de
574 2289 618 2332 13
638 2286 832 2343 religion
853 2281 1092 2334 catholica,
1117 2281 1183 2322 asi
1204 2292 1263 2321 en
1283 2276 1327 2319 el
1349 2268 1677 2328 recogimiento
1705 2265 1763 2307 de
1791 2275 1918 2308 essos

277 2377 481 2421 seriores,
501 2368 586 2410 313
603 2378 787 2409 semana
807 2368 954 2414 santa,
973 2371 1104 2402 como
1120 2371 1179 2400 en
1199 2355 1243 2398 la
1266 2348 1520 2408 frequentia
1536 2346 1644 2390 alas
1666 2339 1918 2386 confessio-

352 2530 374 2552 a
405 2523 513 2558 Haec
530 2520 668 2557 ultima
685 2518 821 2561 verba,
839 2516 889 2551 ab
906 2513 998 2550 inis:
1009 2512 1130 2559 Jhus.
1152 2509 1210 2544 La
1227 2508 1386 2549 lettera,
1399 2503 1440 2539 in
1458 2498 1643 2538 schedula
1659 2493 1919 2542 reperiuntur,

280 2595 382 2631 quae
399 2582 448 2618 ad
464 2582 612 2617 calcem
631 2577 771 2615 tertiae
787 2575 966 2625 pagellae
983 2569 1229 2619 agglutinata
1246 2571 1325 2602 est.

287 2771 291 2774 ι
354 2722 366 2742 ¹
416 2719 476 2755 Ex
499 2717 728 2763 archetypo,
752 2722 894 2758 magna
911 2713 1022 2758 parte
1040 2704 1298 2752 autographo,
1317 2701 1358 2738 in
1379 2698 1475 2736 Cod.
1498 2706 1559 2743 34,
1579 2689 1726 2740 duplici
1743 2689 1835 2732 fol„
1857 2695 1923 2732 174

280 2781 358 2826 (51,
382 2786 461 2823 52).
484 2776 659 2812 Priorem
684 2778 835 2822 partem
859 2768 1016 2816 scripsit
1039 2764 1222 2803 librarius
1248 2758 1496 2798 Femandez:
1530 2756 1714 2796 alteram,
1737 2747 1787 2784 ad
1805 2747 1924 2782 finem

280 2849 422 2886 usque,
436 2836 578 2883 Borgia
587 2862 596 2871 .
615 2836 730 2882 Quae
743 2830 900 2879 scripsit
914 2825 1157 2870 Fernandez,
1169 2821 1418 2870 reperiuntur
1432 2817 1550 2853 etiam
1568 2814 1608 2850 in
1620 2813 1810 2857 Regesto,
1828 2805 1924 2842 Cod.

283 2908 328 2945 33
337 2897 398 2945 f),
416 2896 466 2932 ad
482 2895 587 2932 diem
606 2904 651 2940 27
671 2891 832 2940 Aprilis.
852 2890 1036 2932 Caetera,
1055 2889 1207 2921 tantum
1225 2881 1267 2917 in
1283 2880 1498 2924 archetypo
1515 2874 1724 2910 habentur.

355 2959 370 2979 ²
421 2955 522 2991 Vide
541 2953 658 3002 epist.
677 2951 850 2998 371·376.
870 2946 1094 2985 Notandum
1124 2947 1256 2979 autem
1274 2945 1337 2976 est
1366 2942 1475 2974 recte
1507 2930 1758 2970 emendatum
1788 2937 1810 2961 a
1835 2925 1927 2959 Bor-

285 3016 352 3063 gia
367 3014 473 3051 diem
490 3023 540 3059 19
558 3013 717 3061 Aprilis
734 3023 757 3047 a
774 3009 954 3058 Jimenez
970 3005 1159 3052 scriptum
1177 3011 1246 3049 pro
1261 3009 1306 3043 13
1324 2996 1497 3045 Aprilis.
1516 2991 1618 3028 Vide
1630 2988 1735 3025 dicta
1748 2986 1788 3022 in
1802 2982 1925 3030 epist.

288 3074 376 3122 375,
394 3078 527 3110 annot.
547 3082 583 3108 2.
