2228 3548
402 305 472 351 788
981 302 1120 339 EPIST.
1142 300 1191 335 -Ρ,
1221 300 1376 336 NADAL

353 405 486 449 nobis
508 405 649 448 Rdus.
677 403 724 446 in
755 402 940 447 Christo
970 404 1107 445 Pater
1138 400 1328 454 Natalis,
1363 414 1468 444 cum
1495 399 1697 444 omnium
1719 406 1926 445 nostrum
1947 400 1997 446 in

355 463 552 508 Domino
575 461 900 506 consolatione.
922 461 1091 517 Aliqua
1113 460 1249 505 etiam
1270 460 1318 504 in
1340 460 1534 517 collegio
1557 459 1808 512 constituit,
1828 473 1994 504 secun-

354 524 464 566 dum
488 521 631 578 ipsius
654 521 699 564 in
722 520 919 564 Domino
940 520 1181 564 discretam
1199 518 1503 587 prudentiam,
1522 527 1569 563 et
1590 519 1818 562 ordinauit
1834 520 1993 563 admo-

354 583 462 625 dum
484 581 616 624 nobis
639 580 766 623 utilia
788 587 834 624 et
855 586 1001 636 grata3
1027 580 1083 623 de
1105 579 1271 635 quibus
1292 587 1402 636 puto
1423 579 1571 636 ipsum
1595 580 1648 623 R.
1677 581 1728 623 P.
1761 580 1819 623 V.
1853 578 1993 624 latius

352 641 718 684 informaturum.
745 639 942 696 Agimus
964 638 1134 696 gratias
1155 640 1255 683 Deo
1277 645 1322 682 et
1344 639 1398 683 R.
1421 641 1475 683 P.
1499 639 1556 683 V.
1582 639 1639 682 de
1661 652 1744 682 suo
1766 637 1987 695 singulari

353 714 464 756 erga
492 714 576 743 nos
604 706 792 756 paterno
814 700 998 752 affectu,
1023 713 1114 754 quo
1140 712 1224 741 nos
1261 695 1437 742 solatur
1467 705 1512 743 et
1547 697 1719 754 dirigit,
1751 705 1800 741 ut
1821 697 1867 741 in
1889 697 1991 742 dies

351 773 611 804 crescamus
647 758 706 801 in
725 758 986 814 cognitione
1022 765 1067 801 et
1104 761 1255 801 amore
1291 757 1542 802 uocationis
1579 764 1774 802 nostrae.
1801 758 1859 801 Et
1879 757 1987 813 quia

351 820 405 862 R.
435 821 484 862 P.
508 817 682 862 Natalis
703 819 892 874 parabat
914 817 1103 870 abitum,
1123 823 1389 873 occupatus,
1409 817 1455 861 in
1472 817 1828 873 praesentiarum
1845 817 1988 862 multa

351 877 550 922 scribere
567 892 657 920 non
676 877 818 934 potui,
839 878 919 921 sed
936 879 1022 920 hoc
1039 878 1185 920 solum
1207 876 1407 920 indicare
1423 877 1633 922 uolebam
1649 876 1802 920 onmia
1819 875 1993 934 optime,

350 937 483 981 nobis
504 938 700 994 placere,
724 951 841 992 quae
862 939 997 980 Pater
1020 936 1095 979 hic
1111 935 1393 981 ordinauit...

1121 1080 1224 1124 XLI

718 1173 771 1211 S.
812 1173 1251 1210 FRANCISCUS
1289 1173 1371 1210 DE
1410 1172 1627 1221 BORJA

895 1271 1036 1302 PATRI
1054 1271 1270 1302 ANTONIO
1299 1270 1445 1302 VINCK

772 1354 987 1407 Romae,
1035 1353 1060 1395 8
1103 1351 1310 1409 Aprilis
1357 1365 1373 1397 1
1389 1353 1486 1408 567
1533 1353 1544 1375 ¹
1558 1385 1568 1398 .

347 1447 603 1490 Curandum,
621 1450 663 1483 ut
677 1459 803 1483 novus
816 1448 1136 1494 archiepiscopus
1149 1447 1383 1484 trevirensis
1391 1446 1494 1496 fidei
1504 1446 1796 1495 professionem
1809 1447 1984 1485 emittat.

515 1531 656 1574 molto
672 1531 983 1574 conuerrebbe
999 1531 1084 1574 che
1100 1530 1327 1574 mandassi
1344 1530 1375 1574 il
1392 1545 1514 1574 nouo
1537 1530 1836 1574 arciuescouo
1857 1531 1871 1552 ²
1891 1545 1985 1575 una

345 1591 470 1634 bona
490 1589 775 1634 confessione
793 1591 909 1633 della
930 1604 1012 1632 sua
1035 1590 1154 1642 fede,
1179 1590 1457 1639 sottoscritta
1473 1590 1519 1633 di
1541 1605 1624 1634 sua
1640 1604 1775 1634 mano
1791 1597 1837 1634 et
1852 1589 1981 1647 sigil-

344 1651 438 1694 lata
459 1650 533 1693 col
554 1663 639 1693 suo
660 1649 823 1706 sigillo.
851 1663 978 1692 come
999 1648 1241 1692 habbiamo
1264 1649 1382 1694 uisto
1403 1665 1495 1693 una
1517 1650 1590 1694 del
1617 1663 1816 1694 vescouo
1843 1664 1979 1694 osna-

346 1711 578 1766 burgense
600 1710 614 1731 ⁵
654 1715 699 1753 et
736 1708 1107 1762 monasteriense,
1146 1715 1192 1752 et
1228 1710 1287 1753 V.
1322 1711 1375 1754 R.
1403 1709 1584 1766 procuri
1605 1723 1685 1765 per
1720 1723 1771 1754 se
1798 1723 1825 1753 o
1845 1723 1927 1766 per
1946 1706 1978 1753 il

347 1771 401 1813 P.
428 1771 509 1813 Dr.
536 1770 784 1823 Hermano,
810 1770 894 1811 che
917 1769 944 1810 l’
970 1767 1264 1811 arciuescouo
1286 1768 1426 1812 faccia
1451 1769 1512 1812 tal
1529 1767 1813 1812 confessione
1835 1769 1978 1812 molto

346 1842 568 1884 espressa,
594 1827 757 1884 perche
780 1828 892 1870 oltra
914 1827 958 1869 di
980 1827 1285 1871 accomodarsi
1301 1843 1327 1871 a
1349 1828 1498 1885 quello
1519 1829 1604 1872 che
1626 1827 1795 1872 ricerca
1816 1827 1847 1870 il
1864 1841 1976 1871 con-

346 1887 466 1942 cilio,
498 1885 753 1930 abracciato
781 1886 825 1928 in
855 1894 1014 1941 questa
1041 1887 1163 1931 dieta
1189 1894 1446 1943 augustana
1473 1895 1654 1943 passata
1685 1886 1791 1930 dalli
1812 1887 1974 1943 prelati

345 1946 557 1991 catholici
575 1946 620 1989 di
641 1946 901 1999 Germania,
926 1961 1017 1988 non
1044 1946 1263 1989 dubitano
1284 1947 1392 1990 dara
1419 1946 1586 2003 special
1613 1946 1925 1992 consolatione
1946 1962 1976 1991 a

345 2007 439 2052 Sua
461 2007 572 2058 Sta„
598 2011 644 2050 et
666 2005 883 2048 facilitara
906 2007 1050 2049 anche
1071 2005 1102 2048 il
1123 2005 1308 2062 negotio
1330 2006 1447 2049 della
1467 2020 1551 2049 sua
1571 2005 1968 2050 confirmatione...

345 2065 478 2109 Circa
499 2066 530 2108 il
553 2063 793 2108 continuat·
814 2078 840 2106 o
862 2064 1021 2108 lasciar
1042 2065 1147 2120 quel
1167 2064 1386 2122 principio
1410 2066 1521 2109 fatto
1543 2064 1589 2107 in
1607 2065 1888 2118 Fransordia,
1913 2065 1975 2109 mi

345 2126 408 2168 ho
431 2124 627 2168 rimesso
655 2125 697 2167 al
736 2125 792 2166 P.
826 2125 1000 2177 Natale,
1025 2124 1057 2166 il
1079 2124 1211 2180 quale
1233 2139 1282 2169 se
1313 2124 1351 2168 si
1374 2123 1566 2168 trouassi
1588 2123 1635 2168 in
1658 2125 1872 2178 Treuere,
1897 2139 1976 2169 ac-

344 2184 453 2229 cetti
476 2189 636 2240 questa
657 2197 784 2226 come
812 2197 908 2234 sua,
941 2183 1259 2239 specialmente
1287 2190 1457 2240 quanto
1487 2184 1529 2227 al
1552 2197 1768 2240 procurat
1793 2183 1837 2227 la
1864 2197 1975 2228 con—

345 2243 545 2288 fessione
566 2243 642 2299 gia
662 2243 786 2285 detta
807 2241 853 2285 in
875 2244 965 2285 bon
987 2243 1175 2288 mod0...
1198 2245 1287 2287 Per
1308 2244 1458 2299 quello
1479 2245 1564 2288 che
1582 2245 1638 2287 V.
1659 2245 1714 2287 R.
1734 2242 1885 2288 scriue
1901 2244 1976 2288 del

346 2304 396 2346 P.
420 2303 598 2354 Natale,
638 2303 722 2345 che
758 2315 849 2344 non
871 2302 907 2343 si
937 2302 1076 2345 lascia
1112 2308 1314 2355 trattare,
1339 2303 1537 2347 secondo
1560 2304 1644 2346 che
1665 2302 1708 2346 la
1729 2316 1812 2345 sua
1833 2305 1905 2346 eta
1927 2310 1973 2347 et

342 2360 674 2418 indispositioni
695 2360 940 2413 ricercanO,
966 2362 1024 2404 do
1046 2361 1202 2406 ordine
1224 2362 1266 2405 al
1288 2363 1338 2405 P.
1369 2362 1605 2415 Ximene2‚
1630 2361 1755 2405 accio
1783 2360 1974 2408 insieme

342 2422 414 2464 c‘ol
435 2420 711 2478 prouinciale
728 2434 755 2462 o
772 2426 911 2464 rettor
928 2421 1001 2463 del
1017 2420 1225 2478 collegio,
1245 2421 1364 2465 doue
1385 2421 1423 2465 si
1446 2423 1642 2474 trouara‚
1661 2420 1692 2463 li
1708 2435 1903 2478 possano
1923 2421 1971 2465 in

343 2487 503 2536 questa
525 2486 652 2537 parte
673 2479 956 2523 comandare.

413 2618 425 2639 ¹
476 2617 534 2652 Ex
550 2616 738 2661 Regesto,
759 2613 853 2649 Cod.
875 2624 918 2659 33
933 2616 996 2662 g),
1017 2616 1083 2652 fol.
1102 2624 1143 2661 7.
1166 2616 1267 2653 Vide
1284 2627 1377 2664 pag.
1401 2615 1485 2661 453;
1505 2621 1545 2652 et
1562 2616 1645 2662 468.

412 2678 426 2697 ‘²
476 2676 647 2722 Jacobus
663 2675 713 2710 ab
731 2674 832 2720 Eltz,
851 2675 913 2709 vel
933 2675 1018 2711 Elz.
1342 2677 1356 2697 ⁵
1405 2676 1578 2722 Joannes
1597 2676 1652 2712 IV
1669 2675 1718 2712 de
1736 2677 1867 2724 Hoya.
