2228 3548
410 319 459 356 70
468 315 490 356 ι’
932 306 1072 341 EP1s'r.
1100 302 1146 338 P.
1173 301 1447 348 NADAL—587

360 415 437 464 ha,
462 418 508 455 et
530 410 567 454 si
590 408 780 454 scriuira
802 408 889 451 alla
913 409 968 450 P.
994 407 1051 449 V.
1072 405 1229 461 primo
1258 418 1430 460 quoque
1459 407 1654 461 tempore
1694 405 1724 448 ¹.
1759 406 1818 449 D.
1855 406 1909 449 P.
1945 407 2007 450 V.

362 502 497 532 seruo
519 487 565 530 in
587 485 692 539 X.⁰,

1447 565 1478 624 ἦ·
1509 566 1698 683 NAssAL.
1735 565 1763 624 †

450 717 695 773 Inscriptio
716 731 746 758 a
768 718 911 773 tergo,
934 729 1078 758 manu
1107 715 1272 758 Patris
1302 714 1472 758 Nadal:
1499 713 1529 772 †
1559 713 1684 758 Patri
1714 720 1870 759 nostro
1901 716 2001 762 soli.

361 797 469 838 Alia
490 808 649 837 manu:
677 802 804 848 1575.
832 791 942 840 Sine
964 792 1084 835 data.

1128 921 1246 962 582

806 1008 860 1051 Ρ.
897 1007 1311 1052 HIERONYMUS
1344 992 1566 1053 NADAL

679 1095 863 1132 PATRI
900 1094 1234 1132 EVERARDO
1273 1091 1684 1133 MERCURIANO

845 1181 1004 1220 HALAE,
1030 1172 1078 1208 30
1103 1181 1343 1209 novsussms
1371 1180 1462 1218 1575
1488 1175 1517 1209 ².

458 1253 519 1288 De
536 1263 608 1288 suo
625 1252 728 1288 socio
745 1254 782 1287 et
799 1251 847 1287 de
859 1251 1067 1298 proposito
1089 1249 1247 1286 canisii
1263 1250 1463 1286 scribendi
1480 1252 1622 1286 contra
1637 1251 1896 1287 haereticum.

449 1336 480 1394 -ξ-
534 1336 678 1380 Molto
695 1335 811 1379 Rdo.
834 1337 886 1378 P.
908 1336 967 1378 N.
988 1334 1033 1376 in
1051 1333 1137 1378 X.⁰
1155 1335 1252 1378 Pax
1269 1333 1345 1378 X.i
1372 1335 1475 1377 Non
1498 1335 1558 1377 ho
1574 1334 1715 1379 letera
1731 1335 1848 1380 della
1869 1337 1917 1379 P.
1936 1337 1996 1380 V.

360 1429 387 1457 a
408 1415 495 1458 che
517 1413 769 1470 risponder.
796 1413 861 1455 La
883 1411 1039 1454 vltima
1062 1411 1086 1455 ὲ
1107 1418 1225 1455 stata
1251 1410 1298 1454 di
1326 1418 1452 1455 tanta
1480 1410 1762 1455 consolation
1797 1416 1998 1469 per‘me‚

359 1493 446 1534 che
467 1490 529 1534 mi
551 1490 643 1546 puo
663 1490 816 1533 bastar
838 1504 917 1545 per
939 1488 1065 1532 molti
1094 1488 1216 1532 anni.
1250 1489 1315 1532 La
1342 1488 1447 1545 lego
1475 1489 1646 1545 alguna
1675 1489 1797 1533 volta
1829 1505 1910 1546 per
1939 1490 2000 1534 ri-

357 1568 579 1620 creation‚
606 1574 652 1610 et
673 1566 734 1609 mi
757 1582 837 1622 par
858 1567 1021 1623 legger
1043 1567 1086 1610 la
1114 1565 1342 1622 syncerita
1370 1572 1416 1610 et
1445 1566 1652 1609 saldezza
1682 1566 1728 1609 di
1760 1581 1885 1610 amor
1917 1582 2005 1612 suo

357 1659 492 1690 verso
513 1644 558 1687 di
580 1659 668 1689 me.
696 1646 772 1688 Ma
794 1644 977 1699 quando
1000 1643 1114 1686 miro
1136 1643 1182 1686 di
1204 1642 1294 1695 chi,
1320 1643 1414 1686 cui?
1435 1643 1479 1686 la
1495 1642 1556 1685 mi
1578 1644 1826 1698 confundo,
1846 1651 1892 1687 et
1908 1659 1999 1689 non

357 1737 410 1766 so
431 1722 548 1765 altro
569 1722 658 1766 che
680 1720 953 1763 humillarmi
982 1720 1157 1764 diuanti
1179 1719 1225 1763 di
1246 1719 1374 1763 Iddio
1397 1727 1443 1764 et
1464 1720 1583 1765 della
1605 1721 1657 1764 P.
1684 1721 1742 1765 V.
1766 1720 1827 1765 Di
1848 1722 2003 1780 quello

356 1801 443 1843 che
463 1797 629 1843 scrisse
650 1798 694 1841 al
716 1812 840 1842 mese
862 1804 1044 1853 passato
1071 1811 1203 1841 cerea
1224 1797 1342 1841 delle
1364 1796 1644 1840 annotationi
1665 1803 1712 1841 et
1738 1797 1999 1842 meditatio—

355 1876 419 1929 ni,
445 1890 538 1919 non
561 1874 623 1917 mi
645 1889 770 1918 curo.
807 1874 969 1919 Faccia
998 1876 1056 1919 V.
1093 1877 1146 1918 P.
1179 1874 1285 1930 quel
1317 1875 1402 1919 che
1434 1873 1498 1931 gli
1534 1874 1709 1931 parerd,
1744 1874 1994 1919 liberrima-

354 1959 527 1997 mente.
554 1953 602 1995 Io
624 1954 726 1995 saro
749 1965 839 1994 con
860 1952 903 1994 la
926 1951 1073 2008 gratia
1095 1951 1168 1995 del
1191 1950 1359 2007 Signor
1381 1950 1737 1995 contentissimo.
1764 1939 1801 1995 E
1823 1960 1998 1997 venuto

355 2030 386 2072 il
418 2032 471 2074 P.
504 2028 710 2085 Georgio
738 2028 923 2071 Rotario
955 2029 998 2072 al
1025 2027 1245 2085 principio
1273 2026 1319 2070 di
1348 2034 1510 2083 questo
1532 2042 1670 2082 mese,
1696 2037 1997 2085 grauemente

353 2108 550 2151 amalato
572 2105 618 2148 di
641 2112 825 2159 tercano
848 2105 997 2161 dopia3
1023 2106 1081 2149 ne
1103 2113 1173 2149 sta
1195 2119 1361 2149 ancora
1377 2104 1546 2162 meglio
1564 2106 1597 2159 ⁵.
1622 2105 1658 2149 Il
1673 2105 1849 2150 medico
1865 2121 1998 2163 spera

353 2185 489 2228 bene.
515 2184 563 2226 Io
585 2181 733 2226 vorrei
756 2181 1029 2238 ripresentar
1052 2183 1138 2247 alla
1161 2184 1215 2226 P.
1242 2184 1300 2227 V.
1327 2184 1412 2227 che
1434 2197 1483 2226 se
1506 2182 1570 2240 gli
1591 2197 1715 2239 pare,
1740 2182 1889 2227 scriua
1910 2185 1997 2228 che

353 2275 446 2304 non
482 2261 527 2303 lo
565 2258 789 2316 occupino
820 2258 867 2301 in
901 2260 1014 2303 altra
1042 2275 1149 2304 cosa
1175 2262 1262 2304 che
1294 2259 1339 2302 in
1377 2259 1658 2317 agiuttarmi,
1693 2274 1821 2304 come
1858 2260 1993 2305 etiam

353 2337 564 2382 desidera
585 2335 649 2380 lui
676 2343 715 2390 ἢ,
741 2342 786 2380 et
815 2338 901 2380 che
930 2336 993 2393 gli
1021 2336 1094 2381 dia
1122 2351 1209 2381 con
1241 2338 1412 2394 alguna
1441 2336 1572 2380 litera
1607 2336 1757 2381 animo
1787 2352 1869 2394 per
1901 2338 1988 2381 cio.

353 2413 631 2467 Perdonimi‚
659 2413 821 2465 Padre,
846 2414 889 2456 la
918 2413 1230 2470 importunita.
1262 2416 1367 2458 Non
1395 2414 1419 2458 ὲ
1447 2413 1615 2458 intrato
1642 2415 1866 2469 ancorahl’
1905 2417 1992 2471 hy—

349 2505 495 2534 uerno
516 2505 597 2548 per
618 2489 663 2533 di
685 2503 793 2545 qua,
818 2497 864 2533 et
885 2490 928 2533 io
950 2490 1011 2533 mi
1044 2498 1176 2534 trouo
1202 2490 1372 2548 meglio
1402 2492 1487 2535 che
1514 2491 1546 2533 1¹
1575 2506 1695 2535 anno
1731 2498 1912 2548 passato
1943 2491 1989 2534 in

349 2575 514 2623 questo
536 2574 703 2624 tempo.
736 2568 1008 2610 Benedictus
1036 2570 1179 2612 Deus.
1212 2569 1290 2614 Sia
1317 2583 1397 2625 per
1429 2568 1614 2612 seruitio
1643 2568 1688 2611 di
1719 2583 1802 2611 sua
1834 2568 1990 2613 diuina

350 2645 577 2701 Magestd.
603 2645 638 2687 Il
661 2646 715 2688 P.
742 2644 927 2688 Canisio
950 2647 1008 2688 ha
1030 2645 1218 2702 pigliata
1248 2646 1291 2689 la
1323 2659 1458 2689 mano
1486 2644 1533 2688 di
1559 2644 1795 2701 risponder
1822 2660 1848 2688 a
1884 2647 1990 2701 quel

346 2721 552 2766 heretico
574 2723 659 2765 che
681 2722 740 2763 ha
762 2720 899 2764 scrito
921 2729 1079 2766 contra
1101 2723 1143 2767 le
1159 2729 1314 2766 nostre
1331 2722 1486 2765 schole
1504 2728 1549 2766 et
1566 2722 1864 2775 catechismo,
1883 2723 1990 2779 per-

417 2847 439 2867 a
478 2841 564 2875 Hoc
584 2840 695 2875 verb.
717 2850 833 2886 supra
851 2851 959 2895 vers.
985 2841 1135 2877 addidit
1152 2841 1202 2877 N.

421 2939 430 2959 ¹
483 2939 585 2975 Vide
603 2938 810 2986 epistolam
829 2946 1079 2986 sequentem.

416 3000 431 3019 Ξ
482 2999 541 3033 Ex
570 2998 825 3044 autograph0‚
850 2998 890 3033 in
910 2999 1038 3045 Epist.
1057 3000 1222 3047 ⁴Natal„
1255 2999 1308 3047 II,
1338 3000 1484 3047 duplici
1515 3001 1607 3044 fol„
1640 3000 1710 3047 237
1738 3001 1853 3048 (216).
1885 3002 1989 3040 Vide

344 3055 463 3102 epist.
484 3056 567 3101 583,
585 3057 651 3093 cui
667 3058 764 3093 haec
781 3058 1006 3103 respondet.

418 3115 434 3135 ³
484 3115 585 3151 Vide
603 3115 719 3163 epist.
740 3115 822 3161 5853
842 3121 883 3151 et
900 3125 983 3161 592.

2194 3302 2228 3548 finan-mh„
