2228 3548
384 226 450 262 166
889 223 1026 258 Epis‘r.
1054 221 1097 256 P.
1127 220 1399 266 NADAL—408

332 329 499 372 Milano
522 332 628 378 etc.,
655 325 728 368 dal
751 326 807 369 P.
840 322 1114 367 Wandelino
1140 323 1169 375 ¹;
1196 323 1268 365 ch’
1300 322 1343 365 io
1363 322 1408 365 10
1428 323 1614 380 pagato,
1639 331 1685 369 et
1711 339 1761 370 se
1787 339 1846 368 ne
1874 339 1959 370 ua-

329 406 434 448 dino
471 419 496 447 a
532 403 769 459 Inspruch,
810 401 928 444 doue
966 407 1207 442 trouarano
1243 399 1286 442 al
1315 400 1366 443 P.
1402 401 1537 444 Mtro.
1578 401 1825 456 Scorichio,
1864 403 1962 448 0οἸ

330 482 459 538 quale
482 481 642 537 puotra
665 479 819 522 andar'
845 479 1060 533 Vanegas
1082 475 1230 519 insino
1253 490 1279 519 a
1301 475 1451 520 Tiuoli
1472 491 1500 520 o
1521 478 1557 521 F
1559 485 1748 533 rascate,
1766 494 1847 536 per
1863 494 1956 524 non

328 559 482 602 intrar¹
507 557 553 600 in
575 559 715 601 Roma
738 555 783 598 in
806 554 985 611 Luglio.

418 645 458 689 5.
524 636 658 678 Mtro.
679 635 820 691 Jonas
841 632 855 652 ³
881 632 906 675 ὁ
929 646 991 674 un
1012 645 1136 675 mese
1157 637 1204 673 et
1224 644 1380 675 mezzo
1402 631 1488 675 che
1509 631 1534 675 ἑ
1557 638 1728 676 uenuto
1745 647 1771 676 a
1792 635 1957 679 Mona-

331 712 452 765 chio,
485 711 607 755 doue
635 710 666 752 il
693 711 810 753 duca
839 709 871 751 l’
901 710 959 751 ha
993 708 1149 751 uoluto
1177 707 1333 752 sentir’
1363 707 1597 765 predicare
1629 714 1697 754 tre
1733 724 1760 754 ο
1795 717 1962 766 quatro

332 790 470 841 uolte,
496 794 541 832 et
565 787 709 831 fattoli
731 801 930 831 carezze.
958 784 1007 830 Si
1030 784 1150 828 tiene
1178 799 1257 842 per
1286 791 1410 829 certo
1441 787 1541 839 che,
1576 786 1758 830 dandoli
1789 787 1963 832 licenza=

334 868 503 910 Mons.r
534 865 581 907 di
603 863 795 916 Treuiri,
820 864 864 907 10
886 862 1077 920 pigliara
1097 877 1177 918 per
1204 876 1288 906 suo
1316 862 1612 919 predicatore,
1637 877 1665 907 o
1684 877 1794 908 uero
1815 864 1846 908 li
1867 865 1973 908 fara*

334 943 524 999 qualche
545 943 667 985 buon
691 940 857 997 partito
878 939 925 983 in
949 939 1157 984 Bauaria.
1184 941 1232 983 Io
1253 937 1284 982 li
1306 939 1446 996 parlai
1469 941 1664 987 alchune
1693 941 1830 995 uolte,
1861 948 1908 985 et
1932 941 1967 985 li

334 1021 431 1064 fece
453 1026 583 1075 grata
606 1017 915 1074 accoglienza,
940 1016 1178 1060 inuitando
1200 1016 1280 1070 lui,
1306 1023 1352 1061 et
1373 1017 1404 1060 il
1425 1016 1707 1073 predicatore
1728 1018 1802 1063 del
1828 1019 1969 1072 duca„

332 1103 377 1139 et
398 1096 429 1138 il
450 1096 615 1152 priore,
639 1109 727 1138 con
751 1096 828 1137 un'
862 1094 977 1137 altro
1004 1095 1226 1137 monacho
1254 1094 1326 1138 del
1354 1094 1628 1139 monasterio
1654 1094 1805 1139 vicino
1835 1110 1861 1139 a
1887 1095 1966 1139 noi

332 1174 388 1217 de
410 1174 508 1218 Sto.
534 1171 800 1228 Augustino
823 1172 857 1224 ³,
882 1186 961 1227 per
987 1170 1191 1214 adulcirli
1220 1177 1266 1214 et
1287 1171 1371 1214 far’
1403 1170 1656 1215 familiarita
1678 1178 1699 1200 ⁸
1730 1186 1818 1216 con
1845 1172 1959 1226 loro,

330 1250 542 1294 hauendo
566 1255 774 1293 ottenuto
796 1247 825 1291 il
847 1249 945 1292 loro
965 1262 1188 1292 consenso
1209 1247 1255 1291 di
1276 1250 1437 1292 serrar’
1462 1249 1504 1292 la
1526 1263 1680 1293 mezza
1695 1256 1823 1306 parte
1843 1250 1967 1305 della

332 1327 526 1380 libreria,
550 1328 635 1370 che
656 1327 681 1369 e
703 1340 766 1368 un
788 1326 962 1382 grande
977 1331 1023 1369 et
1039 1325 1158 1369 bello
1174 1324 1408 1378 curritore,
1429 1325 1548 1370 nella·
1566 1332 1694 1382 parte
1709 1326 1828 1370 doue
1849 1339 1967 1370 sono

331 1404 361 1446 11
384 1403 560 1459 nouitij,
585 1403 780 1447 leuando
796 1402 825 1445 li
842 1402 943 1446 libri
960 1409 1006 1447 et
1020 1402 1186 1446 banchi
1203 1403 1288 1447 che
1305 1402 1346 1445 ci
1367 1417 1520 1456 erano,
1540 1411 1586 1446 et
1607 1402 1790 1447 dandoli
1805 1419 1832 1448 a
1847 1404 1966 1447 loro:

332 1481 377 1524 di
398 1482 532 1523 modo
555 1482 638 1524 che
660 1480 737 1536 gia
757 1479 931 1524 hormai
949 1494 1039 1523 non
1062 1486 1284 1536 puotrano
1305 1479 1434 1524 venir
1455 1481 1512 1524 da
1533 1480 1608 1524 noi
1630 1487 1675 1525 et
1697 1479 1802 1524 dalli
1823 1479 1969 1524 nostri

332 1556 509 1612 nouitij,
535 1571 677 1602 senon
714 1557 897 1612 quando
935 1559 1036 1601 sara
1063 1557 1158 1600 loro
1186 1563 1342 1613 aperta
1369 1571 1459 1600 vna
1485 1565 1616 1614 porta
1642 1559 1726 1602 che
1757 1559 1795 1601 s'
1824 1558 1850 1601 ἑ
1876 1558 1972 1601 las—-

332 1634 448 1677 ciata
470 1635 544 1677 nel
567 1641 792 1679 tramezzo
812 1635 896 1678 che
918 1636 954 1678 s’
987 1635 1012 1678 e
1039 1635 1168 1687 fatto,
1203 1633 1414 1678 accioche
1443 1634 1474 1677 li
1501 1634 1644 1678 nostri
1670 1634 1854 1692 possino
1880 1648 1970 1678 con

333 1712 515 1755 licentia
536 1712 647 1764 loro,
674 1713 759 1757 che
778 1713 1009 1755 hauerano
1030 1713 1228 1756 anchora
1249 1711 1411 1755 chiaue
1427 1712 1500 1755 dal
1517 1718 1651 1755 canto
1673 1726 1773 1765 suo,
1798 1711 1970 1756 intrare

335 1789 453 1832 nella
475 1788 670 1841 libraria,
695 1795 741 1833 et
763 1789 931 1832 andare
953 1789 995 1832 al
1015 1788 1222 1845 pergolo,
1246 1802 1326 1845 per
1346 1787 1594 1845 predicare,
1619 1803 1750 1833 come
1771 1790 1876 1832 fano
1893 1803 1962 1833 or-

334 1865 659 1910 dinariamente
677 1880 687 1919 ;
712 1872 758 1910 et
778 1866 824 1909 di
846 1872 1007 1921 questo
1029 1866 1167 1909 molto
1189 1864 1227 1908 si
1248 1879 1365 1909 sono
1387 1865 1617 1922 rallegrati
1637 1865 1668 1908 li
1689 1865 1846 1920 nostri;
1877 1865 1965 1908 im·—

335 1944 529 1999 peroche
557 1947 655 1986 erat
693 1944 883 1986 liberum
912 1943 1146 1986 monachis
1175 1943 1349 1995 uenire,
1380 1949 1426 1986 et
1453 1957 1636 1987 menare
1664 1942 1770 1987 dani
1800 1942 1967 1998 nostri,

336 2019 655 2074 specialmente
683 2019 790 2063 dalli
818 2019 995 2076 nouitij,
1028 2019 1231 2063 huomini
1259 2019 1481 2063 forastieri
1508 2026 1595 2064 etc.
1633 2021 1777 2077 Spero
1807 2021 1894 2065 che
1930 2019 1970 2064 si

339 2095 617 2139 indolcirano
639 2095 717 2153 piu
739 2098 824 2141 che
845 2096 995 2140 insino
1019 2097 1197 2150 adesso,
1222 2102 1268 2140 et
1290 2097 1488 2141 anchora
1509 2098 1594 2141 che
1622 2098 1756 2141 Mtro.
1781 2098 1899 2155 Jona
1930 2097 1970 2142 si

338 2174 515 2227 portata
545 2174 678 2227 bene,
712 2180 882 2229 quanto
913 2181 1043 2217 tocca
1072 2174 1114 2217 al
1146 2173 1322 2229 parlare
1350 2174 1467 2219 delle
1495 2187 1600 2218 cose
1628 2174 1746 2219 della
1774 2175 1976 2231 Compa*

343 2248 463 2303 guia.

429 2325 470 2367 6.
538 2325 771 2370 Ricordesi
791 2326 835 2369 la
858 2328 915 2370 Ρ.
948 2328 1026 2380 V.,
1047 2340 1126 2383 per
1150 2328 1288 2370 amor’
1308 2327 1379 2370 del
1404 2326 1619 2384 Signore,
1637 2330 1867 2385 procurar’
1886 2329 1976 2372 che

413 2461 433 2481 a
483 2454 668 2502 Sequitur
685 2458 722 2491 et
733 2458 833 2503 pace
851 2456 1100 2493 obliteratum
1117 2468 1140 2492 a
1158 2457 1250 2493 libr.

413 2553 425 2573 ¹
478 2555 617 2601 Volck,
637 2556 813 2603 superior
830 2555 968 2593 domus
986 2563 1245 2604 augustanae.
1269 2546 1275 2551 ⁶

413 2614 428 2633 ²
478 2614 595 2658 Jonas
615 2614 749 2660 Adler,
769 2615 818 2651 de
835 2627 911 2662 quo
927 2616 1075 2653 dictum
1094 2622 1155 2654 est
1174 2617 1214 2653 in
1228 2617 1359 2665 Epist.
1374 2618 1529 2664 Natal„
1544 2618 1595 2663 11;
1611 2622 1651 2654 et
1664 2628 1794 2665 supra,
1808 2628 1895 2665 pag.
1911 2626 1973 2664 97.

413 2670 427 2690 ⁸
477 2673 538 2708 Ad
557 2675 651 2709 haec
669 2674 899 2710 declaranda
913 2675 1068 2721 juvant,
1086 2688 1186 2724 quae
1205 2677 1362 2724 scripsit
1380 2678 1610 2714 WlGULEUS
1624 2678 1767 2728 HQ,
1781 2677 1981 2726 Metropo-

344 2729 394 2763 lis
413 2729 743 2779 Salisburgensis‚
764 2733 814 2775 II,
833 2733 917 2778 281,
936 2734 985 2770 de
1004 2735 1172 2782 collegio
1190 2735 1413 2783 Societatis,
1432 2736 1624 2772 Monachii
1647 2746 1748 2772 anno
1773 2744 1864 2782 1559
1888 2747 1976 2773 eon-

345 2786 439 2822 dito:
463 2788 612 2825 «Locus
636 2790 804 2837 Collegii
826 2791 1002 2830 delectus
1031 2800 1091 2830 est
1115 2807 1137 2830 a
1156 2794 1336 2842 Principe
1355 2795 1395 2831 in
1418 2795 1654 2831 Monasterio
1672 2795 1977 2842 Augustiniano-

344 2857 444 2892 rum,
463 2848 542 2893 qui,
561 2860 649 2884 cum
667 2850 779 2896 pauci
797 2850 993 2897 adessent,
1012 2853 1127 2890 facile
1145 2854 1296 2901 passuri
1315 2854 1562 2898 videbantur,
1584 2860 1627 2891 ut
1645 2867 1733 2902 pars
1751 2854 1852 2891 horti
1876 2855 1978 2902 ipso-

345 2916 430 2940 rum
448 2906 488 2941 in
505 2919 616 2943 usum
634 2909 726 2945 novi
744 2909 858 2956 hujus
876 2911 1043 2958 Collegii
1071 2919 1381 2961 converteretur,
1400 2913 1555 2962 illicque
1574 2920 1614 2950 et
1632 2914 1770 2951 domus
1787 2919 1828 2951 et
1845 2915 1978 2951 schola

342 2969 625 3004 extrueretur.»
645 2967 710 3004 Cf.
735 2968 853 3004 etiam
871 2970 1225 3021 BRAUNSBERGER‚
1250 2972 1408 3010 Canisii
1424 2975 1564 3022 epist„
1581 2975 1633 3021 11,
1652 2981 1736 3020 520,
1755 2979 1796 3010 et
1818 2973 1976 3021 saepius

345 3021 466 3067 ibid.;
486 3029 525 3059 et
544 3024 807 3074 SAcchUM,
828 3033 926 3074 part.
945 3030 997 3076 II,
1016 3031 1088 3067 lib.
1111 3032 1183 3079 111,
1202 3044 1244 3068 n.
1267 3032 1328 3078 64.
