2228 3548
0 2837 11 2885 ἴθ’*
10 2799 11 2802 Α

0 3407 14 3453 ww
0 3329 15 3390 -ι-χ-ι»
0 3286 12 3319 μ’·
0 3256 3 3269 -Α
0 3232 5 3245 -
0 3182 7 3187 =
0 3154 7 3168 <-
0 3111 11 3143 νη,
0 3081 6 3095 v
0 3040 10 3071 »u
0 2891 14 3025 rvwr--Jw

926 261 950 298 8
973 261 1076 306 MAJ1
1106 261 1198 308 15⁶7
1765 261 1839 308 467

997 361 1122 404 1182

683 436 736 478 Ρ.
773 435 1188 481 HIERONYMUS
1220 437 1440 482 NADAL

573 509 818 550 SANCTO
853 511 1203 551 FRANCISCO
1242 513 1319 550 DE
1352 513 1550 561 BORJA

645 585 873 614 AUGUSTAE
889 586 1176 625 Tnnvmontm,
1194 578 1217 615 8
1234 587 1327 624 MAJI
1346 579 1437 626 1567
1452 580 1479 616 ¹.

243 663 281 690 ι.
306 652 428 691 Gesta
446 654 610 691 Natalis
627 655 672 691 in
689 655 857 703 collegio
880 656 1109 692 trevirensi:
1128 656 1291 704 collegii
1311 657 1524 705 inspectio:
1543 668 1670 693 novus
1691 657 1888 705 archiepi-

289 717 429 762 scopus
437 713 558 762 favet
576 714 780 751 Societati:
794 715 1016 752 vindicatio
1033 716 1241 752 redituum
1258 716 1434 753 coenobii
1447 717 1623 754 Sanctae
1632 717 1844 754 Barbarae
1861 729 1888 753 a

292 773 486 810 Societate
514 786 595 810 non
623 775 881 811 assumenda:
911 775 1028 812 aedes
1055 776 1353 823 amplissimae,
1370 777 1440 813 sed
1456 777 1706 813 incommodo
1734 788 1888 825 magno

289 833 494 876 obnoxiae,
510 834 555 870 ob
567 835 671 870 duas
683 835 820 870 domos
832 835 984 871 civium
1002 835 1058 871 ad
1070 836 1272 872 interiora
1285 836 1448 884 collegii
1456 837 1719 883 pertinentes.-
1732 837 1886 879 studia,

283 896 454 940 propter
470 894 722 941 contagionis
734 894 936 941 pericula,
955 895 1298 931 intermissa.-2.
1317 895 1379 931 De
1396 896 1514 932 domo
1526 896 1780 944 probationis
1791 899 1888 944 pro·

287 953 444 988 vinciae
463 953 593 988 Rheni
612 953 972 999 instituenda.-3.
991 953 1203 990 Bonorum
1228 954 1351 990 Sil-vii
1371 957 1409 990 et
1433 955 1616 991 Berkelii
1638 955 1886 991 distributio:

288 1013 533 1048 admittendi
550 1012 595 1048 in
614 1012 851 1049 Societatem
868 1024 894 1048 a
912 1011 1057 1049 Natali
1072 1013 1360 1061 designantur:
1375 1015 1528 1061 scripta
1552 1015 1681 1062 ipsius
1703 1016 1751 1051 de
1775 1014 1890 1051 colle-

285 1072 357 1120 gio
375 1072 591 1108 trevirensi
608 1072 779 1108 Romam
802 1073 942 1108 missa.-
961 1072 1242 1120 particularia
1265 1073 1320 1108 ad
1342 1074 1603 1120 disciplinam
1627 1075 1885 1111 domesticam

289 1132 627 1180 speonnam—4.
653 1131 715 1167 De
738 1131 920 1168 Oliverio
943 1131 1155 1175 Manareo‚
1172 1134 1210 1168 et
1226 1133 1274 1168 de
1292 1133 1546 1169 institutione
1563 1134 1724 1181 collegii
1747 1134 1889 1170 virdu-

292 1192 493 1228 nensis.-
500 1200 541 1236 5.
564 1191 702 1227 Dubia
717 1191 766 1227 de
790 1193 966 1239 tempore
988 1191 1186 1227 orationis
1209 1193 1438 1229 matutinae
1460 1196 1497 1229 et
1519 1194 1769 1240 vespertinae
1792 1196 1888 1242 pro-

289 1250 611 1298 ponuntur.-6.
635 1250 696 1287 De
715 1250 877 1287 Simone
895 1250 1099 1295 leodiensi,
1120 1261 1201 1286 non
1219 1250 1311 1288 bene
1328 1263 1368 1288 se
1380 1255 1561 1299 gerente,
1581 1255 1619 1289 et
1636 1253 1683 1288 de
1703 1254 1888 1301 peregri—

293 1311 525 1347 nationibus
553 1310 589 1347 ei
617 1309 912 1357 injunctis—7.
942 1309 1227 1358 Herbipolense
1256 1311 1471 1360 collegium
1490 1312 1730 1359 provinciae
1759 1312 1891 1349 Rheni

296 1371 606 1407 adscribendum
624 1372 769 1406 censet.

346 1461 383 1493 1.
444 1450 578 1507 jhus.
610 1447 751 1492 Molto
787 1447 907 1492 Rdo.
937 1448 992 1492 P.
1022 1448 1081 1492 N.
1112 1447 1159 1491 in
1195 1447 1394 1493 Christo.
1428 1451 1524 1493 Pax
1560 1448 1753 1504 Christi,
1795 1457 1884 1495 616.

251 1525 381 1571 Hieri
403 1524 533 1569 scrisi
562 1525 649 1570 alla
677 1526 731 1569 P.
756 1525 815 1569 V.
841 1531 887 1568 et
915 1524 1095 1570 mandai
1122 1525 1165 1569 16
1191 1525 1353 1571 lettere
1380 1533 1542 1583 quatro
1562 1527 1701 1583 leghe
1728 1526 1775 1570 di
1797 1541 1887 1583 qua

248 1604 336 1648 alla
358 1609 504 1661 posta.
531 1604 728 1659 Questa,
755 1603 839 1646 6116
866 1604 969 1646 sarit
994 1587 1112 1646 della
1139 1602 1272 1647 visita
1299 1602 1346 1647 di
1367 1610 1529 1660 questo
1557 1604 1768 1662 collegio,
1793 1619 1885 1648 non
1926 1647 1928 1649 c

250 1695 451 1739 pensaua
472 1678 647 1737 puoter’
665 1677 850 1723 scriuer’
867 1678 913 1722 di
930 1693 1034 1736 qua.
1054 1678 1190 1736 Dipoi
1204 1681 1266 1724 ho
1280 1679 1471 1738 pigliato
1488 1688 1639 1738 tempo
1656 1696 1736 1738 per
1755 1682 1881 1726 farlo.

252 1757 404 1804 Venni
425 1757 469 1801 in
495 1763 656 1813 questo
677 1755 871 1813 collegio
898 1756 941 1799 la
968 1755 1192 1800 dominica
1217 1757 1275 1801 de
1305 1757 1582 1813 Quasimodo
1599 1759 1631 1812 ²,
1654 1766 1700 1804 et
1721 1758 1782 1802 mi
1803 1774 1887 1804 son

252 1842 464 1893 ocupato‚
490 1848 582 1878 non
603 1834 699 1878 solo
720 1834 839 1877 nella
858 1832 1152 1878 visitatione*
1170 1866 1180 1887 ,
1200 1848 1273 1878 tna
1287 1834 1423 1879 etiam
1441 1836 1531 1879 co'l
1546 1836 1825 1893 prouinciale
1842 1836 1886 1880 di

252 1912 446 1958 Francia
462 1913 495 1965 ⁸,
520 1918 566 1957 et
587 1911 634 1954 in
655 1910 844 1955 scriuer’
868 1917 991 1954 tante
1014 1910 1140 1954 uolte
1161 1923 1289 1957 come
1310 1913 1370 1956 ho
1389 1912 1547 1957 scritto
1568 1914 1676 1970 pe'l'
1700 1913 1887 1971 negotio

253 1991 372 2035 delle
393 1987 661 2041 fundationi,
686 1988 860 2032 benche
883 1987 1030 2031 veddo
1053 1989 1138 2032 che
1159 1987 1183 2032 ὲ
1204 1987 1330 2042 111116,
1354 1996 1401 2033 61
1423 1990 1543 2036 forse
1570 1990 1645 2047 gia
1674 2005 1886 2036 necessa-

254 2067 321 2111 rio
342 2068 417 2111 ch'
440 2066 485 2110 io
506 2065 611 2110 vadi
632 2065 678 2108 di
700 2079 790 2121 qua
808 2064 963 2108 auanti
979 2063 1086 2121 pian
1102 2064 1252 2121 piano,
1271 2065 1303 2109 il
1317 2068 1403 2112 che
1419 2066 1652 2124 giudicarei
1670 2068 1713 2112 la
1730 2070 1782 2112 P.
1806 2069 1884 2120 V..

251 2151 299 2189 et
319 2144 364 2188 io
384 2143 617 2201 seguitaro
640 2141 671 2185 11
693 2142 850 2185 ordine
872 2143 957 2185 che
978 2141 1039 2185 mi
1056 2141 1180 2186 darii.
1200 2143 1351 2188 Penso
1367 2143 1534 2201 partire
1550 2144 1596 2187 di
1612 2159 1702 2200 qua
1711 2146 1887 2202 postri-

253 2221 326 2264 die
341 2221 648 2272 Ascensionis,
667 2219 746 2262 lzoc
761 2222 837 2271 est,
855 2218 1024 2262 diman’
1043 2218 1074 2261 l’
1093 2218 1208 2263 altro
1223 2219 1257 2263 ⁴.
1278 2220 1354 2264 Ho
1376 2222 1490 2265 fatto
1507 2221 1584 2277 qui
1602 2221 1666 2278 gli
1682 2220 1886 2265 exercitii

255 2297 361 2342 miei
376 2296 589 2342 ordinarii
607 2298 638 2339 ⁵.
664 2296 714 2341 Si
737 2297 781 2339 fa
803 2296 945 2339 frutto
967 2295 1014 2338 in
1035 2303 1196 2351 questo
1212 2297 1424 2355 collegio,
1445 2305 1491 2343 et
1507 2299 1625 2343 nelle
1647 2299 1819 2352 schole,
1840 2306 1886 2344 et

257 2375 375 2420 nella
395 2373 563 2417 chiesa.
590 2361 628 2416 E
648 2373 775 2416 buon
796 2379 931 2429 posto
952 2379 1113 2428 questa
1134 2379 1253 2418 terra
1273 2389 1353 2431 per
1376 2375 1459 2419 far'
1478 2377 1637 2430 frutto,
1658 2375 1823 2432 perche
1844 2376 1888 2419 la

259 2458 399 2509 gente
418 2452 445 2495 6
465 2449 684 2507 simplice,
715 2448 959 2503 catholica,
984 2455 1031 2494 et
1050 2449 1216 2494 deuota
1236 2450 1294 2495 de
1314 2452 1455 2507 santi,
1480 2452 1526 2496 di
1555 2452 1676 2508 quali
1698 2467 1810 2496 sono
1841 2452 1889 2496 in

258 2527 561 2586 grandissima
578 2525 868 2571 multitudine
889 2524 1080 2582 sepelliti
1108 2525 1154 2570 in
1187 2534 1346 2583 questa
1373 2529 1483 2584 cita,
1510 2538 1556 2574 et
1578 2530 1695 2574 nelle
1722 2530 1890 2573 subur-

330 2642 352 2664 a
390 2634 574 2681 Sequitur
591 2636 628 2669 et
646 2632 916 2669 obliteratum.

331 2723 340 2744 ¹
391 2725 451 2759 Ex
468 2724 697 2770 archetypo,
716 2733 739 2757 a
756 2721 936 2768 Jimenez
953 2725 1127 2766 exarato,
1145 2726 1186 2757 et
1202 2722 1353 2760 Natalis
1379 2736 1495 2760 manu
1518 2723 1740 2770 emendato,
1760 2729 1892 2771 aucto,

255 2788 297 2819 et
313 2782 549 2830 subscripto,
568 2782 608 2818 in
628 2781 761 2829 Epist.
786 2780 950 2823 Natal.‚
970 2780 1023 2827 ΙΙ,
1041 2779 1187 2827 duplici
1203 2780 1295 2829 fol„
1318 2782 1384 2828 185
1403 2781 1502 2829 (433,
1522 2782 1624 2829 434).

328 2843 342 2864 2
392 2840 469 2877 Die
487 2852 548 2876 sc.
570 2841 593 2876 6
612 2839 775 2887 Aprilis.

328 2901 342 2921 ³
391 2898 591 2937 Oliverius
610 2899 834 2934 Manareus.
858 2897 959 2933 Vide
978 2897 1096 2945 epist.
1120 2905 1205 2943 477,
1223 2910 1268 2935 n.
1290 2899 1332 2936 6.

328 2960 343 2981 ⁴
392 2959 451 2994 Ex
475 2958 536 2994 his
566 2957 716 2994 eruitur
739 2958 836 2993 haec
860 2956 1005 3003 scripta
1029 2955 1151 2992 fuisse
1174 2955 1239 2994 die
1266 2965 1290 3003 7
1318 2958 1424 3006 Maji.
1450 2959 1549 2994 Tota
1573 2964 1705 2996 autem
1728 2960 1896 3008 epistola

257 3017 322 3054 die
340 3017 362 3054 8
378 3017 488 3053 finita
505 3016 594 3063 fuit,
613 3017 653 3053 in
671 3028 787 3063 quam
806 3015 943 3052 incidit
962 3015 1029 3051 illo
1047 3026 1149 3052 anno
1166 3015 1311 3054 festum
1329 3018 1602 3055 Ascensionis.

332 3078 347 3100 ⁵
395 3078 451 3113 Ea
468 3076 633 3121 seilicet,
651 3087 753 3124 quae
771 3075 819 3111 ad
837 3073 1124 3122 inspectionem
1141 3075 1299 3122 collegii
1314 3076 1502 3113 attinent.
