2228 3548
421 331 492 376 580
939 326 1079 361 Emsr.
1106 323 1151 359 P.
1179 322 1452 368 Nixon-517

369 432 509 489 legio,
535 429 725 473 faccialo
749 428 795 471 in
816 429 956 471 buon’
982 429 1110 470 hora.
1137 425 1280 469 Molto
1302 423 1381 482 pisi
1404 423 1529 468 aiuto
1549 423 1735 470 farebbe
1761 425 1848 468 alla
1876 424 2016 468 Com-

370 507 553 566 pagnia,
580 513 625 550 et
648 507 794 550 anche
815 505 859 548 al
883 504 973 549 ben
994 516 1254 555 commune,
1284 500 1361 544 chi
1383 500 1582 545 aiutasse
1602 501 1634 544 li
1648 501 1877 559 seminarij
1896 502 2015 546 della

370 583 656 641 Compagnia
684 597 711 626 o
739 583 809 627 de'
834 580 994 637 nouitij
1010 613 1019 633 ‚
1048 579 1239 624 facendo
1270 593 1376 623 casa
1406 578 1453 621 di
1469 577 1749 635 probatione,
1783 593 1938 624 ouero
1965 578 2011 622 di

368 660 582 713 scholari,
608 659 917 704 aumentando
939 659 983 702 la
1003 656 1236 701 dotatione
1258 657 1331 700 del
1360 654 1555 713 collegio
1587 654 1633 699 di
1661 655 1880 714 Louanio,
1905 671 2011 714 per-

366 740 452 783 che
474 752 566 782 non
588 751 811 781 mancano
833 736 909 779 alli
930 734 1090 787 nostri,
1115 735 1173 778 ne
1195 747 1501 778 mancaranno
1517 732 1607 777 mai
1624 732 1785 790 luoghi
1800 733 1859 777 da
1874 748 2008 790 spen-

367 818 475 861 dere
497 816 560 873 gl’
583 814 774 872 operarij
805 812 881 871 gia
910 812 1033 867 fatti,
1059 827 1132 856 ma
1163 812 1206 855 la
1238 811 1454 855 difficolta
1490 812 1515 855 e
1547 811 1593 854 di
1625 813 1766 856 hauer
1798 812 1933 855 modo
1965 811 2011 854 di

367 894 467 938 farli
489 895 516 937 ¹.
543 894 601 936 Et
623 907 671 936 se
694 907 772 949 per
789 890 865 935 uia
886 891 960 935 del
976 890 1093 934 duca
1111 890 1155 933 d’
1175 890 1297 934 Alba
1313 890 1346 943 ²,
1367 903 1395 932 o
1411 903 1491 946 per
1509 889 1639 942 altra,
1660 888 1698 933 si
1715 895 1895 946 potesse
1913 888 2012 932 aiu-

368 979 438 1015 tar
460 972 588 1015 detto
611 969 807 1027 collegio
827 969 874 1012 di
903 967 1126 1021 Louanio,
1157 974 1203 1011 et
1233 982 1324 1011 una
1351 981 1456 1012 casa
1483 967 1530 1010 di
1559 966 1848 1024 probatione,
1874 966 2013 1010 molto

367 1048 508 1093 buon'
547 1062 685 1105 opera
732 1054 779 1091 et
820 1046 932 1091 utile
973 1046 1061 1090 alla
1104 1044 1342 1102 prouincia
1389 1045 1493 1088 dell’
1534 1044 1719 1088 inferior
1765 1043 2013 1089 Germania

366 1127 576 1171 sarebbe.

458 1217 499 1259 3.
566 1202 613 1248 S’
636 1203 661 1246 e
686 1202 805 1246 uisto
827 1215 918 1257 qua
935 1200 1086 1256 quello
1109 1200 1267 1244 scritto
1285 1207 1521 1258 composto
1539 1215 1619 1258 per
1637 1201 1890 1246 Benedetto
1906 1202 2009 1246 Mo-

365 1281 477 1337 rej0,
503 1287 549 1325 et
571 1295 663 1323 non
685 1294 768 1336 par
789 1279 922 1331 male,
948 1277 1050 1321 anzi
1072 1278 1210 1331 bene;
1237 1285 1281 1323 et
1305 1278 1381 1335 gia
1402 1280 1488 1322 che
1509 1292 1602 1322 non
1623 1279 1649 1322 e
1670 1278 1716 1321 d’
1739 1267 1911 1322 huomo
1933 1279 2005 1322 de’
2065 1299 2070 1303 ·

365 1357 526 1410 nostri,
553 1365 680 1401 tanto
703 1370 866 1400 manco
889 1355 1044 1412 obligo
1066 1355 1309 1400 habbiamo
1330 1356 1374 1399 d’
1400 1355 1591 1412 impedit
1611 1357 1696 1400 che
1717 1355 1783 1400 sia
1799 1355 2007 1413 publica-

366 1443 428 1478 to.
454 1436 511 1479 V.
538 1436 593 1478 R.
619 1433 764 1478 faccia
795 1434 916 1478 nella
944 1433 1265 1478 distributione
1293 1433 1399 1478 delli
1427 1432 1527 1477 libri
1559 1432 1630 1477 cio
1657 1435 1743 1478 che
1770 1433 1800 1476 li
1829 1435 2004 1490 patera.

366 1514 429 1558 Se
454 1511 680 1566 scriuesse
702 1518 861 1555 contra
884 1511 1076 1566 qualche
1104 1510 1321 1564 heretico,
1346 1525 1438 1555 non
1465 1511 1691 1568 responda
1717 1525 1916 1555 nessuno
1938 1509 2009 1556 de’

367 1588 528 1642 nostri,
557 1603 694 1633 senza
715 1590 788 1632 eh'
813 1587 858 1631 io
881 1588 924 1631 lo
947 1587 1090 1644 sappi3
1116 1595 1162 1632 et
1183 1603 1234 1632 se
1255 1588 1436 1632 intorno
1457 1604 1484 1633 a
1506 1595 1668 1645 questo
1689 1588 1924 1633 occorrera
1941 1588 2010 1633 dir

366 1668 481 1711 altra
503 1681 628 1719 cosa,
657 1666 909 1710 uedendolo
931 1665 1115 1722 meglio,
1141 1666 1179 1709 si
1200 1666 1310 1710 dara
1332 1665 1508 1710 auuiso.

453 1756 497 1798 4.
563 1743 698 1787 Circa
718 1742 750 1785 il
772 1742 965 1799 collegio
987 1742 1033 1785 di
1055 1742 1248 1800 Liegge,
1268 1758 1363 1787 non
1384 1743 1504 1787 uedo
1525 1757 1634 1788 cosa
1651 1744 1809 1797 ferma,
1829 1744 2006 1789 benche

363 1822 422 1865 da
445 1821 595 1865 alcuni
618 1820 726 1864 anni
753 1820 800 1863 in
823 1835 912 1876 qua
939 1820 977 1873 si
1007 1820 1072 1864 sia
1099 1820 1217 1864 assai
1246 1820 1484 1878 ragionato
1511 1836 1591 1878 per
1618 1821 1650 1864 il
1671 1835 1869 1865 vescouo
1887 1822 1918 1864 ³.
1945 1822 2003 1866 Et

361 1898 506 1955 prima
529 1897 751 1942 conuiene
768 1911 890 1942 esser
912 1898 956 1940 d’
976 1898 1168 1941 aceordo
1186 1912 1273 1942 con
1289 1897 1354 1941 lui
1370 1898 1491 1942 circa
1506 1899 1550 1942 13
1566 1912 1672 1942 casa
1686 1898 1734 1942 'et
1749 1898 1997 1952 dotatione,

361 1982 407 2019 et
423 1976 465 2019 le
482 1989 587 2019 cose
604 1990 631 2018 o
643 1989 754 2020 uero
771 1974 944 2031 oblighi
961 1977 1045 2019 che
1063 1975 1250 2030 ricerca,
1271 1977 1355 2019 che
1373 1975 1410 2019 si
1427 1975 1501 2020 dia
1510 1974 1733 2033 principio
1750 1991 1776 2019 a
1793 1977 1996 2030 schuole,

361 2059 407 2097 et
429 2054 575 2096 anche
596 2054 682 2097 che
718 2051 756 2095 si
794 2052 984 2095 fabriehi
1021 2066 1151 2096 come
1188 2067 1294 2096 cosa
1322 2060 1495 2096 nostra.
1521 2054 1579 2096 Et
1600 2053 1648 2097 in
1681 2063 1846 2110 questo
1873 2069 2002 2099 mezo

358 2144 451 2173 non
488 2129 550 2172 mi
587 2144 694 2186 pare
715 2128 753 2172 si
776 2129 990 2173 mandino
1012 2130 1054 2173 la
1077 2130 1230 2173 alcuni
1252 2129 1297 2173 di
1330 2130 1472 2174 nostri
1494 2146 1574 2187 per
1606 2138 1699 2176 star
1721 2132 1867 2185 fermi,
1887 2133 2004 2178 ben-

361 2208 446 2250 che
468 2206 506 2250 si
527 2206 741 2250 mandino
759 2205 909 2249 alcuni
927 2222 1007 2263 per
1023 2207 1159 2250 modo
1176 2206 1222 2250 di
1240 2207 1453 2252 missione
1470 2208 1530 2251 ad
1547 2212 1736 2266 tempus.
1758 2211 1815 2253 Et
1832 2217 2003 2266 quanto

359 2285 402 2327 al
427 2286 479 2327 P.
501 2283 702 2327 Henrico
720 2283 754 2336 ⁴,
774 2297 865 2326 non
883 2284 943 2326 mi
960 2298 1070 2340 pare
1093 2299 1172 2340 per
1190 2285 1251 2328 tal
1268 2292 1407 2328 conto
1423 2285 1611 2330 doueria
1631 2286 1792 2330 lasciar
1808 2286 1854 2329 di
1871 2302 2002 2331 man-

361 2360 483 2404 darsi
504 2360 551 2403 in
575 2359 753 2413 Prusia,
779 2360 898 2405 doue
921 2361 958 2403 si
981 2375 1089 2418 apre
1111 2376 1227 2418 gran
1249 2369 1378 2418 porta
1407 2363 1495 2406 alla
1522 2363 1780 2408 reduttione
1807 2364 1852 2407 di
1873 2364 2001 2408 molti

359 2432 548 2482 heretici
567 2445 613 2482 et
629 2437 675 2480 di
693 2437 884 2492 qualche
902 2437 1012 2482 citta
1029 2438 1075 2481 di
1091 2438 1386 2495 importanza,
1407 2454 1537 2485 corne
1554 2440 1662 2484 forsi
1679 2442 1731 2485 V.
1753 2442 1808 2485 R.
1827 2442 1998 2487 douera

359 2529 483 2559 esser
506 2515 747 2558 informata
761 2521 782 2542 ²
801 2549 810 2567 ,
835 2530 864 2570 y
886 2519 983 2558 esta
1004 2516 1276 2572 prometido,
1301 2519 1332 2573 y
1354 2532 1414 2561 no
1435 2532 1484 2561 se
1505 2518 1623 2561 deue
1645 2519 1791 2562 saltar.
1818 2518 1950 2563 Circa
1966 2519 1998 2562 il

358 2591 474 2635 libro
497 2592 570 2636 del
592 2592 743 2635 dottor
766 2592 932 2636 Torres
952 2594 983 2645 ⁵,
1004 2591 1067 2635 lui
1089 2592 1127 2636 si
1149 2600 1364 2637 contenta
1385 2596 1470 2638 che
1493 2595 1550 2639 V.
1577 2596 1631 2639 R.
1652 2595 1696 2639 lo
1717 2596 1995 2640 accommodi

430 2734 450 2754 a
488 2727 509 2762 8
530 2728 652 2762 verba
670 2738 783 2774 seqq.
807 2726 960 2773 propria
978 2740 1095 2764 manu
1114 2728 1264 2765 addidit
1281 2729 1440 2776 Borgia.

433 2848 441 2867 ¹
495 2845 595 2881 Vide
615 2842 733 2892 epist.
752 2853 837 2891 497,
857 2857 895 2880 n.
916 2856 951 2890 4.

425 2907 440 2926 2
492 2904 760 2941 Ferdinandus
779 2904 947 2940 Alvarez
965 2905 1014 2941 de
1033 2906 1197 2942 Toledo.
1218 2907 1279 2942 De
1298 2918 1345 2943 eo
1364 2907 1455 2944 vide
1473 2909 1588 2956 epist.
1609 2917 1693 2955 497,
1712 2923 1751 2946 n.
1771 2921 1806 2956 9.

425 2964 440 2984 ⁵
490 2964 707 3011 Episcopus
725 2962 937 3000 leodiensis
956 2970 1039 3000 erat
1059 2965 1258 3001 Gerardus
1277 2978 1352 3002 van
1372 2967 1621 3005 Groesbeck.

424 3025 439 3043 ‘⁴
490 3023 717 3069 Dionysius.
738 3022 839 3058 Vide
858 3022 972 3070 epist.
995 3024 1080 3071 508,
1099 3037 1137 3060 n.
1158 3024 1194 3070 33
1214 3033 1296 3072 509,
1318 3037 1356 3062 n.
1377 3035 1413 3071 7;
1433 3032 1475 3062 et
1491 3036 1634 3073 515,·n.
1655 3037 1690 3074 5.

422 3082 437 3103 ⁵
488 3082 718 3118 Franciscus
736 3082 785 3118 de
803 3082 959 3127 Torres,
979 3083 1074 3119 alias
1098 3084 1311 3120 Turrianus
1335 3085 1476 3122 dictus.
1506 3087 1747 3135 Videepist.
1774 3096 1859 3135 510,
1885 3100 1923 3124 n.
1950 3096 1986 3134 73

350 3145 392 3177 et
410 3148 492 3187 512,
516 3152 554 3175 n.
576 3149 611 3185 5.
