<?xml version="1.0" encoding="UTF-8"?>
<!DOCTYPE html PUBLIC "-//W3C//DTD XHTML 1.0 Transitional//EN"
    "http://www.w3.org/TR/xhtml1/DTD/xhtml1-transitional.dtd">
<html xmlns="http://www.w3.org/1999/xhtml" xml:lang="en" lang="en">
 <head>
  <title>
</title>
<meta http-equiv="Content-Type" content="text/html;charset=utf-8" />
  <meta name='ocr-system' content='tesseract 3.04.00' />
  <meta name='ocr-capabilities' content='ocr_page ocr_carea ocr_par ocr_line ocrx_word'/>
</head>
<body>
  <div class='ocr_page' id='page_1' title='image "./epistolaephieron03nadauoft_0565.png"; bbox 0 0 2228 3548; ppageno 0'>
   <div class='ocr_carea' id='block_1_1' title="bbox 0 0 467 133">
    <p class='ocr_par' dir='ltr' id='par_1_1' title="bbox 0 0 547 133">
     <span class='ocr_line' id='line_1_1' title="bbox 0 0 467 133; baseline 0.004 -104"><span class='ocrx_word' id='word_1_1' title='bbox 0 0 379 133; x_wconf 36' lang='grc' dir='ltr'>ξεῖνε-*53303</span> <span class='ocrx_word' id='word_1_2' title='bbox 436 0 448 31; x_wconf 52' lang='lat' dir='ltr'>:s</span> <span class='ocrx_word' id='word_1_3' title='bbox 464 17 467 19; x_wconf 53' lang='lat'>&gt;</span> 
     </span>
    </p>
   </div>
   <div class='ocr_carea' id='block_1_2' title="bbox 763 252 1850 300">
    <p class='ocr_par' dir='ltr' id='par_1_2' title="bbox 763 252 1850 300">
     <span class='ocr_line' id='line_1_2' title="bbox 763 252 1850 300; baseline 0.002 -12"><span class='ocrx_word' id='word_1_4' title='bbox 763 256 787 272; x_wconf 82' lang='lat'><strong>·</strong></span> <span class='ocrx_word' id='word_1_5' title='bbox 840 260 883 288; x_wconf 87' lang='lat'>21</span> <span class='ocrx_word' id='word_1_6' title='bbox 913 252 1182 289; x_wconf 68' lang='lat' dir='ltr'><strong>SEPTEHBRIS</strong></span> <span class='ocrx_word' id='word_1_7' title='bbox 1211 252 1304 299; x_wconf 85' lang='lat'><strong>1567</strong></span> <span class='ocrx_word' id='word_1_8' title='bbox 1778 261 1850 300; x_wconf 87' lang='lat'>527</span> 
     </span>
    </p>
   </div>
   <div class='ocr_carea' id='block_1_3' title="bbox 243 354 1934 2574">
    <p class='ocr_par' dir='ltr' id='par_1_3' title="bbox 243 354 1908 1187">
     <span class='ocr_line' id='line_1_3' title="bbox 243 354 1899 414; baseline 0.001 -14"><span class='ocrx_word' id='word_1_9' title='bbox 243 355 277 400; x_wconf 84' lang='lat' dir='ltr'>il</span> <span class='ocrx_word' id='word_1_10' title='bbox 297 355 502 400; x_wconf 87' lang='lat' dir='ltr'>fermarsi</span> <span class='ocrx_word' id='word_1_11' title='bbox 523 354 660 398; x_wconf 89' lang='lat' dir='ltr'>insin’</span> <span class='ocrx_word' id='word_1_12' title='bbox 679 355 767 398; x_wconf 90' lang='lat' dir='ltr'>alla</span> <span class='ocrx_word' id='word_1_13' title='bbox 788 361 962 398; x_wconf 88' lang='lat' dir='ltr'>uenuta</span> <span class='ocrx_word' id='word_1_14' title='bbox 976 355 1052 400; x_wconf 92' lang='lat' dir='ltr'>del</span> <span class='ocrx_word' id='word_1_15' title='bbox 1066 370 1134 409; x_wconf 90' lang='lat' dir='ltr'>re,</span> <span class='ocrx_word' id='word_1_16' title='bbox 1153 369 1181 399; x_wconf 95' lang='lat' dir='ltr'>o</span> <span class='ocrx_word' id='word_1_17' title='bbox 1198 370 1307 410; x_wconf 91' lang='lat' dir='ltr'>non,</span> <span class='ocrx_word' id='word_1_18' title='bbox 1325 355 1402 414; x_wconf 71' lang='lat' dir='ltr'>gia</span> <span class='ocrx_word' id='word_1_19' title='bbox 1418 356 1557 401; x_wconf 90' lang='lat' dir='ltr'>credo</span> <span class='ocrx_word' id='word_1_20' title='bbox 1578 357 1750 400; x_wconf 75' lang='lat' dir='ltr'>hauera</span> <span class='ocrx_word' id='word_1_21' title='bbox 1767 371 1899 413; x_wconf 83' lang='lat' dir='ltr'>presa</span> 
     </span>
     <span class='ocr_line' id='line_1_4' title="bbox 245 431 1900 491; baseline 0.001 -14"><span class='ocrx_word' id='word_1_22' title='bbox 245 432 514 478; x_wconf 84' lang='lat' dir='ltr'>risolutione</span> <span class='ocrx_word' id='word_1_23' title='bbox 534 432 796 486; x_wconf 85' lang='lat' dir='ltr'>differente,</span> <span class='ocrx_word' id='word_1_24' title='bbox 821 431 1101 476; x_wconf 91' lang='lat' dir='ltr'>intendendo</span> <span class='ocrx_word' id='word_1_25' title='bbox 1121 434 1209 476; x_wconf 90' lang='lat' dir='ltr'>che</span> <span class='ocrx_word' id='word_1_26' title='bbox 1238 447 1331 478; x_wconf 92' lang='lat' dir='ltr'>non</span> <span class='ocrx_word' id='word_1_27' title='bbox 1360 449 1494 491; x_wconf 85' lang='lat' dir='ltr'>passa</span> <span class='ocrx_word' id='word_1_28' title='bbox 1523 435 1572 479; x_wconf 91' lang='lat' dir='ltr'>S.</span> <span class='ocrx_word' id='word_1_29' title='bbox 1600 435 1664 478; x_wconf 87' lang='lat' dir='ltr'><strong>M.</strong></span> <span class='ocrx_word' id='word_1_30' title='bbox 1689 433 1737 478; x_wconf 93' lang='lat' dir='ltr'>in</span> <span class='ocrx_word' id='word_1_31' title='bbox 1759 433 1900 478; x_wconf 89' lang='lat' dir='ltr'>Fian-</span> 
     </span>
     <span class='ocr_line' id='line_1_5' title="bbox 250 509 1901 568; baseline 0 -13"><span class='ocrx_word' id='word_1_32' title='bbox 250 511 333 555; x_wconf 89' lang='lat' dir='ltr'>dra</span> <span class='ocrx_word' id='word_1_33' title='bbox 354 512 382 554; x_wconf 85' lang='lat'><strong>¹.</strong></span> <span class='ocrx_word' id='word_1_34' title='bbox 407 510 457 555; x_wconf 87' lang='lat' dir='ltr'>Si</span> <span class='ocrx_word' id='word_1_35' title='bbox 477 511 563 555; x_wconf 91' lang='lat' dir='ltr'>che</span> <span class='ocrx_word' id='word_1_36' title='bbox 585 509 622 553; x_wconf 88' lang='lat' dir='ltr'>si</span> <span class='ocrx_word' id='word_1_37' title='bbox 642 510 758 555; x_wconf 86' lang='lat' dir='ltr'>uede</span> <span class='ocrx_word' id='word_1_38' title='bbox 790 524 884 553; x_wconf 89' lang='lat' dir='ltr'>non</span> <span class='ocrx_word' id='word_1_39' title='bbox 916 510 1137 554; x_wconf 74' lang='lat' dir='ltr'>accadera</span> <span class='ocrx_word' id='word_1_40' title='bbox 1162 517 1408 568; x_wconf 87' lang='lat' dir='ltr'>aspettare.</span> <span class='ocrx_word' id='word_1_41' title='bbox 1439 512 1628 555; x_wconf 90' lang='lat' dir='ltr'>Intorno</span> <span class='ocrx_word' id='word_1_42' title='bbox 1656 511 1732 555; x_wconf 90' lang='grc'><strong>3111</strong></span> <span class='ocrx_word' id='word_1_43' title='bbox 1753 511 1901 555; x_wconf 84' lang='lat' dir='ltr'>scritti</span> 
     </span>
     <span class='ocr_line' id='line_1_6' title="bbox 251 586 1902 644; baseline 0 -12"><span class='ocrx_word' id='word_1_44' title='bbox 251 589 338 632; x_wconf 87' lang='lat' dir='ltr'>che</span> <span class='ocrx_word' id='word_1_45' title='bbox 360 594 559 632; x_wconf 88' lang='lat' dir='ltr'>trattano</span> <span class='ocrx_word' id='word_1_46' title='bbox 590 587 635 630; x_wconf 88' lang='lat' dir='ltr'>di</span> <span class='ocrx_word' id='word_1_47' title='bbox 667 588 724 631; x_wconf 93' lang='lat' dir='ltr'>N.</span> <span class='ocrx_word' id='word_1_48' title='bbox 755 588 808 630; x_wconf 89' lang='lat' dir='ltr'>P.</span> <span class='ocrx_word' id='word_1_49' title='bbox 833 586 1028 644; x_wconf 77' lang='lat' dir='ltr'>Ignafio,</span> <span class='ocrx_word' id='word_1_50' title='bbox 1053 591 1237 630; x_wconf 82' lang='lat' dir='ltr'>sanctae</span> <span class='ocrx_word' id='word_1_51' title='bbox 1265 589 1533 641; x_wconf 83' lang='lat' dir='ltr'><em>memoriae,</em></span> <span class='ocrx_word' id='word_1_52' title='bbox 1556 588 1600 632; x_wconf 93' lang='lat' dir='ltr'>io</span> <span class='ocrx_word' id='word_1_53' title='bbox 1627 588 1690 631; x_wconf 89' lang='lat' dir='ltr'>mi</span> <span class='ocrx_word' id='word_1_54' title='bbox 1718 588 1902 632; x_wconf 90' lang='lat' dir='ltr'>rimetto</span> 
     </span>
     <span class='ocr_line' id='line_1_7' title="bbox 253 663 1903 723; baseline -0.001 -13"><span class='ocrx_word' id='word_1_55' title='bbox 253 680 281 710; x_wconf 87' lang='lat' dir='ltr'>a</span> <span class='ocrx_word' id='word_1_56' title='bbox 301 667 360 710; x_wconf 96' lang='lat' dir='ltr'>V.</span> <span class='ocrx_word' id='word_1_57' title='bbox 388 666 442 709; x_wconf 91' lang='lat' dir='ltr'>R.</span> <span class='ocrx_word' id='word_1_58' title='bbox 469 679 519 710; x_wconf 90' lang='lat' dir='ltr'>se</span> <span class='ocrx_word' id='word_1_59' title='bbox 539 665 571 707; x_wconf 90' lang='grc'>11</span> <span class='ocrx_word' id='word_1_60' title='bbox 592 665 710 709; x_wconf 91' lang='lat' dir='ltr'>deue</span> <span class='ocrx_word' id='word_1_61' title='bbox 731 665 859 708; x_wconf 90' lang='lat' dir='ltr'>leuar</span> <span class='ocrx_word' id='word_1_62' title='bbox 875 663 920 708; x_wconf 88' lang='lat' dir='ltr'>di</span> <span class='ocrx_word' id='word_1_63' title='bbox 943 678 1079 708; x_wconf 89' lang='lat' dir='ltr'>mano</span> <span class='ocrx_word' id='word_1_64' title='bbox 1096 679 1121 708; x_wconf 92' lang='grc'>3</span> <span class='ocrx_word' id='word_1_65' title='bbox 1143 665 1282 720; x_wconf 86' lang='lat' dir='ltr'>quelli</span> <span class='ocrx_word' id='word_1_66' title='bbox 1299 666 1387 710; x_wconf 87' lang='lat' dir='ltr'>che</span> <span class='ocrx_word' id='word_1_67' title='bbox 1407 664 1439 708; x_wconf 92' lang='lat' dir='ltr'>li</span> <span class='ocrx_word' id='word_1_68' title='bbox 1455 667 1626 719; x_wconf 89' lang='lat' dir='ltr'>hanno,</span> <span class='ocrx_word' id='word_1_69' title='bbox 1647 680 1674 708; x_wconf 94' lang='lat' dir='ltr'>o</span> <span class='ocrx_word' id='word_1_70' title='bbox 1691 680 1800 718; x_wconf 91' lang='lat' dir='ltr'>non,</span> <span class='ocrx_word' id='word_1_71' title='bbox 1822 679 1903 723; x_wconf 90' lang='lat' dir='ltr'>per</span> 
     </span>
     <span class='ocr_line' id='line_1_8' title="bbox 254 741 1904 800; baseline -0.001 -13"><span class='ocrx_word' id='word_1_72' title='bbox 254 742 430 787; x_wconf 83' lang='lat' dir='ltr'>adesso.</span> <span class='ocrx_word' id='word_1_73' title='bbox 458 744 580 787; x_wconf 89' lang='lat' dir='ltr'>Vero</span> <span class='ocrx_word' id='word_1_74' title='bbox 603 743 628 786; x_wconf 81' lang='lat' dir='ltr'>e</span> <span class='ocrx_word' id='word_1_75' title='bbox 650 744 735 786; x_wconf 90' lang='lat' dir='ltr'>che</span> <span class='ocrx_word' id='word_1_76' title='bbox 758 756 817 785; x_wconf 88' lang='lat' dir='ltr'>ua</span> <span class='ocrx_word' id='word_1_77' title='bbox 838 741 989 785; x_wconf 85' lang='lat' dir='ltr'>inanzi</span> <span class='ocrx_word' id='word_1_78' title='bbox 1010 741 1042 784; x_wconf 93' lang='lat' dir='ltr'>il</span> <span class='ocrx_word' id='word_1_79' title='bbox 1062 741 1178 785; x_wconf 91' lang='lat' dir='ltr'>libro</span> <span class='ocrx_word' id='word_1_80' title='bbox 1194 742 1269 787; x_wconf 92' lang='lat' dir='ltr'>del</span> <span class='ocrx_word' id='word_1_81' title='bbox 1287 744 1341 786; x_wconf 91' lang='lat' dir='ltr'>P.</span> <span class='ocrx_word' id='word_1_82' title='bbox 1362 742 1697 800; x_wconf 84' lang='lat' dir='ltr'>Ribadeneyra.</span> <span class='ocrx_word' id='word_1_83' title='bbox 1725 743 1904 787; x_wconf 80' lang='lat' dir='ltr'>Perche</span> 
     </span>
     <span class='ocr_line' id='line_1_9' title="bbox 253 819 1903 878; baseline 0 -14"><span class='ocrx_word' id='word_1_84' title='bbox 253 820 409 864; x_wconf 86' lang='lat' dir='ltr'>auanti</span> <span class='ocrx_word' id='word_1_85' title='bbox 431 821 519 864; x_wconf 88' lang='lat' dir='ltr'>che</span> <span class='ocrx_word' id='word_1_86' title='bbox 541 820 607 863; x_wconf 84' lang='lat' dir='ltr'>sia</span> <span class='ocrx_word' id='word_1_87' title='bbox 628 819 876 876; x_wconf 88' lang='lat' dir='ltr'>publicato,</span> <span class='ocrx_word' id='word_1_88' title='bbox 895 821 1119 863; x_wconf 76' lang='lat' dir='ltr'>conuerra</span> <span class='ocrx_word' id='word_1_89' title='bbox 1136 819 1263 864; x_wconf 89' lang='lat' dir='ltr'>leuar</span> <span class='ocrx_word' id='word_1_90' title='bbox 1279 819 1395 864; x_wconf 85' lang='lat' dir='ltr'>detti</span> <span class='ocrx_word' id='word_1_91' title='bbox 1411 819 1575 874; x_wconf 87' lang='lat' dir='ltr'>scritti;</span> <span class='ocrx_word' id='word_1_92' title='bbox 1595 825 1668 864; x_wconf 85' lang='lat' dir='ltr'>ma</span> <span class='ocrx_word' id='word_1_93' title='bbox 1684 821 1772 864; x_wconf 90' lang='lat' dir='ltr'>ben</span> <span class='ocrx_word' id='word_1_94' title='bbox 1797 835 1903 878; x_wconf 89' lang='lat' dir='ltr'>pas-</span> 
     </span>
     <span class='ocr_line' id='line_1_10' title="bbox 252 896 1906 954; baseline 0 -12"><span class='ocrx_word' id='word_1_95' title='bbox 252 912 449 942; x_wconf 65' lang='grc'><strong>5313330</strong></span> <span class='ocrx_word' id='word_1_96' title='bbox 471 896 622 942; x_wconf 86' lang='lat' dir='ltr'>alcuni</span> <span class='ocrx_word' id='word_1_97' title='bbox 645 897 758 941; x_wconf 89' lang='lat' dir='ltr'>mesi</span> <span class='ocrx_word' id='word_1_98' title='bbox 779 896 925 954; x_wconf 87' lang='lat' dir='ltr'>prima</span> <span class='ocrx_word' id='word_1_99' title='bbox 945 897 1030 940; x_wconf 86' lang='lat' dir='ltr'>che</span> <span class='ocrx_word' id='word_1_100' title='bbox 1050 896 1094 939; x_wconf 86' lang='lat' dir='ltr'>la</span> <span class='ocrx_word' id='word_1_101' title='bbox 1117 910 1228 940; x_wconf 82' lang='lat' dir='ltr'>cosa</span> <span class='ocrx_word' id='word_1_102' title='bbox 1256 896 1323 941; x_wconf 87' lang='lat' dir='ltr'>sia</span> <span class='ocrx_word' id='word_1_103' title='bbox 1353 897 1497 941; x_wconf 86' lang='lat' dir='ltr'>finita.</span> <span class='ocrx_word' id='word_1_104' title='bbox 1525 897 1579 942; x_wconf 91' lang='lat' dir='ltr'>Ci</span> <span class='ocrx_word' id='word_1_105' title='bbox 1602 897 1746 942; x_wconf 89' lang='lat' dir='ltr'>siamo</span> <span class='ocrx_word' id='word_1_106' title='bbox 1768 899 1906 942; x_wconf 68' lang='grc'><strong>13110-</strong></span> 
     </span>
     <span class='ocr_line' id='line_1_11' title="bbox 257 973 1908 1032; baseline 0.001 -14"><span class='ocrx_word' id='word_1_107' title='bbox 257 974 378 1032; x_wconf 85' lang='lat' dir='ltr'>grati</span> <span class='ocrx_word' id='word_1_108' title='bbox 405 976 490 1018; x_wconf 84' lang='lat' dir='ltr'>che</span> <span class='ocrx_word' id='word_1_109' title='bbox 524 973 726 1017; x_wconf 85' lang='lat' dir='ltr'>habbino</span> <span class='ocrx_word' id='word_1_110' title='bbox 754 975 868 1017; x_wconf 88' lang='lat' dir='ltr'>fatto</span> <span class='ocrx_word' id='word_1_111' title='bbox 901 973 1095 1030; x_wconf 79' lang='lat' dir='ltr'>qualche</span> <span class='ocrx_word' id='word_1_112' title='bbox 1127 973 1423 1030; x_wconf 88' lang='lat' dir='ltr'>giouamento</span> <span class='ocrx_word' id='word_1_113' title='bbox 1460 975 1503 1018; x_wconf 93' lang='lat' dir='ltr'>le</span> <span class='ocrx_word' id='word_1_114' title='bbox 1539 989 1684 1032; x_wconf 89' lang='lat' dir='ltr'>acque</span> <span class='ocrx_word' id='word_1_115' title='bbox 1719 976 1779 1020; x_wconf 92' lang='lat' dir='ltr'>de</span> <span class='ocrx_word' id='word_1_116' title='bbox 1815 976 1908 1032; x_wconf 89' lang='lat' dir='ltr'>Spa</span> 
     </span>
     <span class='ocr_line' id='line_1_12' title="bbox 258 1051 1907 1108; baseline 0 -12"><span class='ocrx_word' id='word_1_117' title='bbox 258 1066 286 1096; x_wconf 90' lang='lat' dir='ltr'>a</span> <span class='ocrx_word' id='word_1_118' title='bbox 307 1053 365 1096; x_wconf 91' lang='lat' dir='ltr'>V.</span> <span class='ocrx_word' id='word_1_119' title='bbox 392 1053 447 1096; x_wconf 92' lang='lat' dir='ltr'>R.</span> <span class='ocrx_word' id='word_1_120' title='bbox 474 1058 519 1096; x_wconf 89' lang='lat' dir='ltr'>et</span> <span class='ocrx_word' id='word_1_121' title='bbox 541 1052 583 1094; x_wconf 84' lang='lat' dir='ltr'>al</span> <span class='ocrx_word' id='word_1_122' title='bbox 607 1053 660 1095; x_wconf 90' lang='lat' dir='ltr'>P.</span> <span class='ocrx_word' id='word_1_123' title='bbox 686 1051 908 1095; x_wconf 91' lang='lat' dir='ltr'>Ximenez</span> <span class='ocrx_word' id='word_1_124' title='bbox 930 1065 940 1104; x_wconf 82' lang='lat'><em>3</em></span> <span class='ocrx_word' id='word_1_125' title='bbox 971 1057 1018 1095; x_wconf 93' lang='lat' dir='ltr'>et</span> <span class='ocrx_word' id='word_1_126' title='bbox 1045 1065 1094 1094; x_wconf 89' lang='lat' dir='ltr'>se</span> <span class='ocrx_word' id='word_1_127' title='bbox 1121 1052 1268 1096; x_wconf 82' lang='lat' dir='ltr'><strong>anche</strong></span> <span class='ocrx_word' id='word_1_128' title='bbox 1290 1066 1370 1108; x_wconf 91' lang='lat' dir='ltr'>per</span> <span class='ocrx_word' id='word_1_129' title='bbox 1398 1051 1428 1094; x_wconf 92' lang='lat' dir='ltr'>il</span> <span class='ocrx_word' id='word_1_130' title='bbox 1457 1059 1635 1096; x_wconf 85' lang='lat' dir='ltr'>catarro</span> <span class='ocrx_word' id='word_1_131' title='bbox 1657 1054 1907 1097; x_wconf 87' lang='lat' dir='ltr'>hauessero</span> 
     </span>
     <span class='ocr_line' id='line_1_13' title="bbox 260 1127 1233 1187; baseline -0.003 -14"><span class='ocrx_word' id='word_1_132' title='bbox 260 1128 466 1187; x_wconf 86' lang='lat' dir='ltr'>giouato‚</span> <span class='ocrx_word' id='word_1_133' title='bbox 491 1129 521 1171; x_wconf 91' lang='lat' dir='ltr'>li</span> <span class='ocrx_word' id='word_1_134' title='bbox 543 1128 807 1172; x_wconf 86' lang='lat' dir='ltr'>haueriamo</span> <span class='ocrx_word' id='word_1_135' title='bbox 829 1127 1040 1185; x_wconf 82' lang='lat' dir='ltr'>maggior</span> <span class='ocrx_word' id='word_1_136' title='bbox 1061 1127 1233 1184; x_wconf 91' lang='lat' dir='ltr'>obligo.</span> 
     </span>
    </p>

    <p class='ocr_par' dir='ltr' id='par_1_4' title="bbox 263 1199 1929 2419">
     <span class='ocr_line' id='line_1_14' title="bbox 355 1199 1911 1263; baseline 0 -13"><span class='ocrx_word' id='word_1_137' title='bbox 355 1217 396 1262; x_wconf 87' lang='lat'><strong>5.</strong></span> <span class='ocrx_word' id='word_1_138' title='bbox 462 1207 547 1250; x_wconf 93' lang='lat' dir='ltr'>Del</span> <span class='ocrx_word' id='word_1_139' title='bbox 570 1206 653 1249; x_wconf 88' lang='lat' dir='ltr'>dar</span> <span class='ocrx_word' id='word_1_140' title='bbox 674 1204 896 1263; x_wconf 86' lang='lat' dir='ltr'>principio</span> <span class='ocrx_word' id='word_1_141' title='bbox 918 1205 959 1248; x_wconf 91' lang='lat' dir='ltr'>al</span> <span class='ocrx_word' id='word_1_142' title='bbox 982 1204 1177 1262; x_wconf 89' lang='lat' dir='ltr'>collegio</span> <span class='ocrx_word' id='word_1_143' title='bbox 1198 1204 1244 1248; x_wconf 94' lang='lat' dir='ltr'>di</span> <span class='ocrx_word' id='word_1_144' title='bbox 1263 1204 1387 1261; x_wconf 90' lang='lat' dir='ltr'>Lieje</span> <span class='ocrx_word' id='word_1_145' title='bbox 1403 1199 1492 1249; x_wconf 88' lang='grc'>003</span> <span class='ocrx_word' id='word_1_146' title='bbox 1514 1206 1683 1260; x_wconf 87' lang='lat' dir='ltr'>alcuni,</span> <span class='ocrx_word' id='word_1_147' title='bbox 1709 1222 1788 1262; x_wconf 89' lang='lat' dir='ltr'>per</span> <span class='ocrx_word' id='word_1_148' title='bbox 1806 1221 1911 1262; x_wconf 72' lang='lat' dir='ltr'>pre⁴</span> 
     </span>
     <span class='ocr_line' id='line_1_15' title="bbox 263 1281 1911 1340; baseline -0.002 -12"><span class='ocrx_word' id='word_1_149' title='bbox 263 1284 435 1339; x_wconf 82' lang='lat' dir='ltr'>dicare,</span> <span class='ocrx_word' id='word_1_150' title='bbox 459 1285 622 1340; x_wconf 82' lang='lat' dir='ltr'>legger</span> <span class='ocrx_word' id='word_1_151' title='bbox 643 1282 758 1337; x_wconf 86' lang='grc'><strong>0351,</strong></span> <span class='ocrx_word' id='word_1_152' title='bbox 782 1289 829 1326; x_wconf 92' lang='lat' dir='ltr'>et</span> <span class='ocrx_word' id='word_1_153' title='bbox 849 1282 1135 1336; x_wconf 70' lang='lat' dir='ltr'>confessam,</span> <span class='ocrx_word' id='word_1_154' title='bbox 1160 1281 1207 1325; x_wconf 90' lang='lat' dir='ltr'>in</span> <span class='ocrx_word' id='word_1_155' title='bbox 1237 1289 1367 1326; x_wconf 86' lang='lat' dir='ltr'>tanto</span> <span class='ocrx_word' id='word_1_156' title='bbox 1389 1283 1476 1328; x_wconf 88' lang='lat' dir='ltr'>che</span> <span class='ocrx_word' id='word_1_157' title='bbox 1504 1283 1547 1326; x_wconf 91' lang='grc'>13</span> <span class='ocrx_word' id='word_1_158' title='bbox 1577 1283 1845 1328; x_wconf 83' lang='lat' dir='ltr'>fundatione</span> <span class='ocrx_word' id='word_1_159' title='bbox 1872 1282 1911 1326; x_wconf 91' lang='lat' dir='ltr'>si</span> 
     </span>
     <span class='ocr_line' id='line_1_16' title="bbox 267 1358 1913 1417; baseline -0.002 -12"><span class='ocrx_word' id='word_1_160' title='bbox 267 1361 327 1415; x_wconf 90' lang='lat' dir='ltr'>fa,</span> <span class='ocrx_word' id='word_1_161' title='bbox 352 1362 449 1405; x_wconf 90' lang='lat' dir='ltr'>solo</span> <span class='ocrx_word' id='word_1_162' title='bbox 472 1361 570 1404; x_wconf 80' lang='lat' dir='ltr'>diro</span> <span class='ocrx_word' id='word_1_163' title='bbox 591 1366 770 1416; x_wconf 88' lang='lat' dir='ltr'>questo:</span> <span class='ocrx_word' id='word_1_164' title='bbox 796 1361 882 1405; x_wconf 89' lang='lat' dir='ltr'>che</span> <span class='ocrx_word' id='word_1_165' title='bbox 903 1374 953 1404; x_wconf 88' lang='lat' dir='ltr'>se</span> <span class='ocrx_word' id='word_1_166' title='bbox 980 1359 1132 1403; x_wconf 85' lang='lat' dir='ltr'>alcuni</span> <span class='ocrx_word' id='word_1_167' title='bbox 1164 1359 1202 1403; x_wconf 90' lang='lat' dir='ltr'>si</span> <span class='ocrx_word' id='word_1_168' title='bbox 1224 1360 1452 1404; x_wconf 81' lang='lat' dir='ltr'>mandatio</span> <span class='ocrx_word' id='word_1_169' title='bbox 1478 1360 1545 1414; x_wconf 82' lang='grc'>13,</span> <span class='ocrx_word' id='word_1_170' title='bbox 1571 1359 1648 1416; x_wconf 74' lang='lat' dir='ltr'>piu</span> <span class='ocrx_word' id='word_1_171' title='bbox 1672 1367 1824 1417; x_wconf 88' lang='lat' dir='ltr'>presto</span> <span class='ocrx_word' id='word_1_172' title='bbox 1852 1358 1913 1403; x_wconf 88' lang='lat' dir='ltr'>mi</span> 
     </span>
     <span class='ocr_line' id='line_1_17' title="bbox 265 1436 1915 1496; baseline -0.001 -14"><span class='ocrx_word' id='word_1_173' title='bbox 265 1453 373 1496; x_wconf 87' lang='lat' dir='ltr'>pare</span> <span class='ocrx_word' id='word_1_174' title='bbox 395 1438 432 1482; x_wconf 88' lang='lat' dir='ltr'>si</span> <span class='ocrx_word' id='word_1_175' title='bbox 455 1437 669 1482; x_wconf 86' lang='lat' dir='ltr'>mandino</span> <span class='ocrx_word' id='word_1_176' title='bbox 697 1451 827 1481; x_wconf 89' lang='lat' dir='ltr'>come</span> <span class='ocrx_word' id='word_1_177' title='bbox 848 1452 875 1480; x_wconf 91' lang='grc'><strong>3</strong></span> <span class='ocrx_word' id='word_1_178' title='bbox 898 1451 988 1481; x_wconf 89' lang='lat' dir='ltr'>una</span> <span class='ocrx_word' id='word_1_179' title='bbox 1010 1436 1243 1490; x_wconf 87' lang='lat' dir='ltr'>missione,</span> <span class='ocrx_word' id='word_1_180' title='bbox 1269 1438 1357 1481; x_wconf 89' lang='lat' dir='ltr'>che</span> <span class='ocrx_word' id='word_1_181' title='bbox 1378 1451 1508 1482; x_wconf 91' lang='lat' dir='ltr'>come</span> <span class='ocrx_word' id='word_1_182' title='bbox 1538 1453 1564 1481; x_wconf 88' lang='lat' dir='ltr'>a</span> <span class='ocrx_word' id='word_1_183' title='bbox 1585 1438 1670 1480; x_wconf 86' lang='lat' dir='ltr'>dar</span> <span class='ocrx_word' id='word_1_184' title='bbox 1692 1437 1915 1494; x_wconf 87' lang='lat' dir='ltr'>principio</span> 
     </span>
     <span class='ocr_line' id='line_1_18' title="bbox 265 1513 1912 1573; baseline -0.002 -13"><span class='ocrx_word' id='word_1_185' title='bbox 265 1515 313 1559; x_wconf 90' lang='lat' dir='ltr'>di</span> <span class='ocrx_word' id='word_1_186' title='bbox 334 1515 544 1573; x_wconf 89' lang='lat' dir='ltr'>collegio.</span> <span class='ocrx_word' id='word_1_187' title='bbox 566 1516 623 1558; x_wconf 90' lang='lat' dir='ltr'>Et</span> <span class='ocrx_word' id='word_1_188' title='bbox 646 1513 896 1558; x_wconf 86' lang='lat' dir='ltr'>comineiar</span> <span class='ocrx_word' id='word_1_189' title='bbox 918 1513 948 1556; x_wconf 93' lang='lat' dir='ltr'>il</span> <span class='ocrx_word' id='word_1_190' title='bbox 973 1521 1093 1558; x_wconf 91' lang='lat' dir='ltr'>tutto</span> <span class='ocrx_word' id='word_1_191' title='bbox 1110 1514 1414 1571; x_wconf 86' lang='lat' dir='ltr'>pienamente‚</span> <span class='ocrx_word' id='word_1_192' title='bbox 1434 1529 1529 1559; x_wconf 89' lang='lat' dir='ltr'>non</span> <span class='ocrx_word' id='word_1_193' title='bbox 1545 1515 1760 1559; x_wconf 89' lang='lat' dir='ltr'>hauendo</span> <span class='ocrx_word' id='word_1_194' title='bbox 1782 1515 1912 1558; x_wconf 88' lang='lat' dir='ltr'>suffi-</span> 
     </span>
     <span class='ocr_line' id='line_1_19' title="bbox 268 1591 1918 1650; baseline -0.001 -13"><span class='ocrx_word' id='word_1_195' title='bbox 268 1592 418 1637; x_wconf 82' lang='lat' dir='ltr'><strong>ciente</strong></span> <span class='ocrx_word' id='word_1_196' title='bbox 440 1592 629 1650; x_wconf 83' lang='lat' dir='ltr'>ricapito</span> <span class='ocrx_word' id='word_1_197' title='bbox 650 1592 707 1635; x_wconf 92' lang='lat' dir='ltr'>de</span> <span class='ocrx_word' id='word_1_198' title='bbox 729 1591 903 1645; x_wconf 83' lang='lat' dir='ltr'>mastri,</span> <span class='ocrx_word' id='word_1_199' title='bbox 928 1599 1038 1645; x_wconf 70' lang='lat' dir='ltr'>ete,</span> <span class='ocrx_word' id='word_1_200' title='bbox 1063 1606 1193 1637; x_wconf 86' lang='lat' dir='ltr'>come</span> <span class='ocrx_word' id='word_1_201' title='bbox 1214 1594 1251 1635; x_wconf 91' lang='lat' dir='ltr'>s’</span> <span class='ocrx_word' id='word_1_202' title='bbox 1275 1591 1507 1636; x_wconf 88' lang='lat' dir='ltr'>inclinaua</span> <span class='ocrx_word' id='word_1_203' title='bbox 1530 1591 1560 1635; x_wconf 93' lang='lat' dir='ltr'>il</span> <span class='ocrx_word' id='word_1_204' title='bbox 1584 1594 1641 1636; x_wconf 91' lang='lat' dir='ltr'>P.</span> <span class='ocrx_word' id='word_1_205' title='bbox 1670 1593 1865 1636; x_wconf 87' lang='lat' dir='ltr'>Costero</span> <span class='ocrx_word' id='word_1_206' title='bbox 1891 1607 1918 1635; x_wconf 91' lang='grc'><strong>3</strong></span> 
     </span>
     <span class='ocr_line' id='line_1_20' title="bbox 270 1668 1919 1727; baseline -0.001 -14"><span class='ocrx_word' id='word_1_207' title='bbox 270 1670 401 1724; x_wconf 84' lang='lat' dir='ltr'>farlo,</span> <span class='ocrx_word' id='word_1_208' title='bbox 436 1683 603 1714; x_wconf 89' lang='lat' dir='ltr'>manco</span> <span class='ocrx_word' id='word_1_209' title='bbox 630 1669 690 1713; x_wconf 89' lang='lat' dir='ltr'>mi</span> <span class='ocrx_word' id='word_1_210' title='bbox 718 1669 897 1727; x_wconf 84' lang='lat' dir='ltr'>pareria</span> <span class='ocrx_word' id='word_1_211' title='bbox 927 1668 1208 1726; x_wconf 90' lang='lat' dir='ltr'>espediente.</span> <span class='ocrx_word' id='word_1_212' title='bbox 1235 1669 1436 1725; x_wconf 82' lang='lat' dir='ltr'>Quando</span> <span class='ocrx_word' id='word_1_213' title='bbox 1459 1670 1502 1713; x_wconf 88' lang='lat' dir='ltr'>la</span> <span class='ocrx_word' id='word_1_214' title='bbox 1526 1669 1794 1714; x_wconf 86' lang='lat' dir='ltr'>fundatione</span> <span class='ocrx_word' id='word_1_215' title='bbox 1818 1671 1919 1712; x_wconf 74' lang='lat' dir='ltr'>sara</span> 
     </span>
     <span class='ocr_line' id='line_1_21' title="bbox 274 1746 1916 1805; baseline -0.002 -13"><span class='ocrx_word' id='word_1_216' title='bbox 274 1748 403 1802; x_wconf 84' lang='lat' dir='ltr'>satta,</span> <span class='ocrx_word' id='word_1_217' title='bbox 448 1748 487 1791; x_wconf 89' lang='lat' dir='ltr'>si</span> <span class='ocrx_word' id='word_1_218' title='bbox 528 1747 660 1805; x_wconf 67' lang='lat' dir='ltr'>potra</span> <span class='ocrx_word' id='word_1_219' title='bbox 702 1747 782 1804; x_wconf 76' lang='lat' dir='ltr'>piu</span> <span class='ocrx_word' id='word_1_220' title='bbox 818 1754 1234 1804; x_wconf 86' lang='lat' dir='ltr'>opportunamente</span> <span class='ocrx_word' id='word_1_221' title='bbox 1268 1747 1350 1791; x_wconf 90' lang='lat' dir='ltr'>dar</span> <span class='ocrx_word' id='word_1_222' title='bbox 1390 1746 1423 1790; x_wconf 91' lang='lat' dir='ltr'>il</span> <span class='ocrx_word' id='word_1_223' title='bbox 1464 1746 1661 1804; x_wconf 87' lang='lat' dir='ltr'>collegio</span> <span class='ocrx_word' id='word_1_224' title='bbox 1697 1746 1916 1804; x_wconf 90' lang='lat' dir='ltr'>compito.</span> 
     </span>
     <span class='ocr_line' id='line_1_22' title="bbox 277 1823 1921 1882; baseline -0.002 -13"><span class='ocrx_word' id='word_1_225' title='bbox 277 1825 312 1869; x_wconf 94' lang='lat' dir='ltr'>Il</span> <span class='ocrx_word' id='word_1_226' title='bbox 336 1826 388 1869; x_wconf 91' lang='lat' dir='ltr'>P.</span> <span class='ocrx_word' id='word_1_227' title='bbox 414 1824 573 1870; x_wconf 90' lang='lat' dir='ltr'>Simon</span> <span class='ocrx_word' id='word_1_228' title='bbox 596 1824 773 1882; x_wconf 89' lang='lat' dir='ltr'>inglese</span> <span class='ocrx_word' id='word_1_229' title='bbox 790 1825 804 1845; x_wconf 84' lang='grc'><strong><em>’</em></strong></span> <span class='ocrx_word' id='word_1_230' title='bbox 830 1838 980 1867; x_wconf 92' lang='lat' dir='ltr'>uenne</span> <span class='ocrx_word' id='word_1_231' title='bbox 1009 1838 1035 1866; x_wconf 98' lang='grc'>3</span> <span class='ocrx_word' id='word_1_232' title='bbox 1063 1825 1207 1867; x_wconf 88' lang='lat' dir='ltr'>Roma</span> <span class='ocrx_word' id='word_1_233' title='bbox 1235 1823 1322 1882; x_wconf 82' lang='lat' dir='ltr'>alla</span> <span class='ocrx_word' id='word_1_234' title='bbox 1345 1837 1452 1868; x_wconf 89' lang='lat' dir='ltr'>casa</span> <span class='ocrx_word' id='word_1_235' title='bbox 1479 1831 1653 1876; x_wconf 89' lang='lat' dir='ltr'>nostra,</span> <span class='ocrx_word' id='word_1_236' title='bbox 1678 1825 1798 1868; x_wconf 93' lang='lat' dir='ltr'>doue</span> <span class='ocrx_word' id='word_1_237' title='bbox 1830 1826 1921 1868; x_wconf 72' lang='lat' dir='ltr'>ier-</span> 
     </span>
     <span class='ocr_line' id='line_1_23' title="bbox 277 1900 1925 1959; baseline -0.001 -14"><span class='ocrx_word' id='word_1_238' title='bbox 277 1901 485 1946; x_wconf 86' lang='lat' dir='ltr'>mandosi</span> <span class='ocrx_word' id='word_1_239' title='bbox 508 1916 623 1959; x_wconf 87' lang='lat' dir='ltr'>poco</span> <span class='ocrx_word' id='word_1_240' title='bbox 644 1901 722 1959; x_wconf 75' lang='lat' dir='ltr'>piu</span> <span class='ocrx_word' id='word_1_241' title='bbox 745 1902 802 1945; x_wconf 91' lang='lat' dir='ltr'>de</span> <span class='ocrx_word' id='word_1_242' title='bbox 825 1913 882 1945; x_wconf 87' lang='lat'>20</span> <span class='ocrx_word' id='word_1_243' title='bbox 911 1900 1085 1958; x_wconf 89' lang='lat' dir='ltr'>giorni,</span> <span class='ocrx_word' id='word_1_244' title='bbox 1111 1900 1152 1944; x_wconf 90' lang='lat' dir='ltr'>ci</span> <span class='ocrx_word' id='word_1_245' title='bbox 1174 1901 1200 1944; x_wconf 83' lang='lat' dir='ltr'>e</span> <span class='ocrx_word' id='word_1_246' title='bbox 1220 1914 1353 1958; x_wconf 87' lang='lat' dir='ltr'>parso</span> <span class='ocrx_word' id='word_1_247' title='bbox 1374 1901 1564 1945; x_wconf 90' lang='lat' dir='ltr'>douerlo</span> <span class='ocrx_word' id='word_1_248' title='bbox 1592 1901 1809 1945; x_wconf 84' lang='lat' dir='ltr'>mandare</span> <span class='ocrx_word' id='word_1_249' title='bbox 1833 1915 1858 1944; x_wconf 89' lang='lat' dir='ltr'>a</span> <span class='ocrx_word' id='word_1_250' title='bbox 1881 1901 1925 1944; x_wconf 89' lang='lat' dir='ltr'>la</span> 
     </span>
     <span class='ocr_line' id='line_1_24' title="bbox 277 1977 1925 2036; baseline -0.001 -14"><span class='ocrx_word' id='word_1_251' title='bbox 277 1978 513 2036; x_wconf 88' lang='lat' dir='ltr'>prouincia</span> <span class='ocrx_word' id='word_1_252' title='bbox 534 1979 608 2024; x_wconf 89' lang='lat' dir='ltr'>del</span> <span class='ocrx_word' id='word_1_253' title='bbox 630 1980 807 2022; x_wconf 88' lang='lat' dir='ltr'>Rheno.</span> <span class='ocrx_word' id='word_1_254' title='bbox 834 1978 868 2021; x_wconf 94' lang='grc' dir='ltr'>Ι1</span> <span class='ocrx_word' id='word_1_255' title='bbox 891 1978 1082 2021; x_wconf 88' lang='lat' dir='ltr'>mandar</span> <span class='ocrx_word' id='word_1_256' title='bbox 1104 1978 1164 2021; x_wconf 88' lang='lat' dir='ltr'>V.</span> <span class='ocrx_word' id='word_1_257' title='bbox 1189 1978 1245 2021; x_wconf 87' lang='lat' dir='ltr'>R.</span> <span class='ocrx_word' id='word_1_258' title='bbox 1266 1977 1432 2022; x_wconf 88' lang='lat' dir='ltr'>aleuno</span> <span class='ocrx_word' id='word_1_259' title='bbox 1447 1977 1496 2021; x_wconf 86' lang='lat' dir='ltr'>in</span> <span class='ocrx_word' id='word_1_260' title='bbox 1519 1977 1878 2035; x_wconf 86' lang='lat' dir='ltr'>peregrinaggio</span> <span class='ocrx_word' id='word_1_261' title='bbox 1898 1992 1925 2020; x_wconf 91' lang='grc'><strong>3</strong></span> 
     </span>
     <span class='ocr_line' id='line_1_25' title="bbox 277 2053 1926 2112; baseline -0.002 -12"><span class='ocrx_word' id='word_1_262' title='bbox 277 2057 438 2108; x_wconf 87' lang='lat' dir='ltr'>Roma,</span> <span class='ocrx_word' id='word_1_263' title='bbox 463 2069 556 2100; x_wconf 91' lang='lat' dir='ltr'>non</span> <span class='ocrx_word' id='word_1_264' title='bbox 583 2055 614 2098; x_wconf 91' lang='lat' dir='ltr'>li</span> <span class='ocrx_word' id='word_1_265' title='bbox 645 2055 668 2099; x_wconf 81' lang='grc' dir='ltr'>ὲ</span> <span class='ocrx_word' id='word_1_266' title='bbox 696 2054 942 2111; x_wconf 90' lang='lat' dir='ltr'>prohibito,</span> <span class='ocrx_word' id='word_1_267' title='bbox 973 2053 1111 2098; x_wconf 87' lang='lat' dir='ltr'>etiam</span> <span class='ocrx_word' id='word_1_268' title='bbox 1134 2069 1271 2099; x_wconf 87' lang='lat' dir='ltr'>senza</span> <span class='ocrx_word' id='word_1_269' title='bbox 1297 2061 1501 2112; x_wconf 86' lang='lat' dir='ltr'>aspettar</span> <span class='ocrx_word' id='word_1_270' title='bbox 1528 2054 1726 2111; x_wconf 89' lang='lat' dir='ltr'>risposta</span> <span class='ocrx_word' id='word_1_271' title='bbox 1747 2054 1852 2106; x_wconf 88' lang='lat' dir='ltr'>mia,</span> <span class='ocrx_word' id='word_1_272' title='bbox 1878 2053 1926 2096; x_wconf 92' lang='lat' dir='ltr'>in</span> 
     </span>
     <span class='ocr_line' id='line_1_26' title="bbox 277 2131 1926 2190; baseline -0.001 -14"><span class='ocrx_word' id='word_1_273' title='bbox 277 2132 374 2176; x_wconf 81' lang='grc'><strong>0351</strong></span> <span class='ocrx_word' id='word_1_274' title='bbox 395 2131 676 2190; x_wconf 74' lang='lat' dir='ltr'>parficolari,</span> <span class='ocrx_word' id='word_1_275' title='bbox 701 2132 779 2174; x_wconf 85' lang='lat' dir='ltr'>ubi</span> <span class='ocrx_word' id='word_1_276' title='bbox 806 2134 871 2174; x_wconf 81' lang='lat' dir='ltr'>est</span> <span class='ocrx_word' id='word_1_277' title='bbox 885 2131 1147 2187; x_wconf 80' lang='lat' dir='ltr'>periculum</span> <span class='ocrx_word' id='word_1_278' title='bbox 1170 2132 1222 2174; x_wconf 84' lang='lat' dir='ltr'>in</span> <span class='ocrx_word' id='word_1_279' title='bbox 1242 2146 1390 2175; x_wconf 85' lang='lat' dir='ltr'>mora.</span> <span class='ocrx_word' id='word_1_280' title='bbox 1426 2132 1626 2188; x_wconf 80' lang='lat' dir='ltr'>Quando</span> <span class='ocrx_word' id='word_1_281' title='bbox 1648 2138 1811 2187; x_wconf 90' lang='lat' dir='ltr'>questo</span> <span class='ocrx_word' id='word_1_282' title='bbox 1834 2145 1926 2174; x_wconf 89' lang='lat' dir='ltr'>non</span> 
     </span>
     <span class='ocr_line' id='line_1_27' title="bbox 279 2207 1924 2266; baseline -0.002 -12"><span class='ocrx_word' id='word_1_283' title='bbox 279 2211 405 2263; x_wconf 74' lang='lat' dir='ltr'>tossr,</span> <span class='ocrx_word' id='word_1_284' title='bbox 430 2209 600 2266; x_wconf 89' lang='lat' dir='ltr'>meglio</span> <span class='ocrx_word' id='word_1_285' title='bbox 621 2210 723 2252; x_wconf 76' lang='lat' dir='ltr'>sara</span> <span class='ocrx_word' id='word_1_286' title='bbox 744 2208 890 2252; x_wconf 90' lang='lat' dir='ltr'>darmi</span> <span class='ocrx_word' id='word_1_287' title='bbox 911 2207 1040 2252; x_wconf 89' lang='lat' dir='ltr'>auiso</span> <span class='ocrx_word' id='word_1_288' title='bbox 1066 2215 1103 2251; x_wconf 74' lang='lat'><strong>⁸.</strong></span> <span class='ocrx_word' id='word_1_289' title='bbox 1125 2210 1225 2253; x_wconf 89' lang='lat' dir='ltr'>Mas</span> <span class='ocrx_word' id='word_1_290' title='bbox 1241 2223 1329 2253; x_wconf 90' lang='lat' dir='ltr'>con</span> <span class='ocrx_word' id='word_1_291' title='bbox 1346 2209 1458 2254; x_wconf 92' lang='lat' dir='ltr'>todo</span> <span class='ocrx_word' id='word_1_292' title='bbox 1475 2224 1594 2262; x_wconf 88' lang='lat' dir='ltr'>esso,</span> <span class='ocrx_word' id='word_1_293' title='bbox 1615 2224 1665 2253; x_wconf 88' lang='lat' dir='ltr'>se</span> <span class='ocrx_word' id='word_1_294' title='bbox 1681 2209 1727 2251; x_wconf 92' lang='lat' dir='ltr'>lo</span> <span class='ocrx_word' id='word_1_295' title='bbox 1744 2207 1924 2252; x_wconf 90' lang='lat' dir='ltr'>remito.</span> 
     </span>
     <span class='ocr_line' id='line_1_28' title="bbox 282 2284 1929 2343; baseline -0.001 -14"><span class='ocrx_word' id='word_1_296' title='bbox 282 2285 470 2342; x_wconf 77' lang='lat' dir='ltr'>Quanto</span> <span class='ocrx_word' id='word_1_297' title='bbox 493 2300 519 2330; x_wconf 90' lang='lat' dir='ltr'>a</span> <span class='ocrx_word' id='word_1_298' title='bbox 540 2286 583 2329; x_wconf 92' lang='grc'><strong>13</strong></span> <span class='ocrx_word' id='word_1_299' title='bbox 604 2284 849 2330; x_wconf 86' lang='lat' dir='ltr'>residentia</span> <span class='ocrx_word' id='word_1_300' title='bbox 871 2285 928 2328; x_wconf 93' lang='lat' dir='ltr'>de</span> <span class='ocrx_word' id='word_1_301' title='bbox 948 2284 981 2328; x_wconf 90' lang='lat' dir='ltr'>li</span> <span class='ocrx_word' id='word_1_302' title='bbox 1001 2285 1146 2329; x_wconf 88' lang='lat' dir='ltr'>nostri</span> <span class='ocrx_word' id='word_1_303' title='bbox 1167 2285 1215 2329; x_wconf 92' lang='lat' dir='ltr'>in</span> <span class='ocrx_word' id='word_1_304' title='bbox 1232 2287 1460 2341; x_wconf 86' lang='lat' dir='ltr'>Anuersa,</span> <span class='ocrx_word' id='word_1_305' title='bbox 1486 2286 1669 2343; x_wconf 89' lang='lat' dir='ltr'>quando</span> <span class='ocrx_word' id='word_1_306' title='bbox 1692 2286 1750 2330; x_wconf 93' lang='lat' dir='ltr'>V.</span> <span class='ocrx_word' id='word_1_307' title='bbox 1778 2286 1832 2328; x_wconf 93' lang='lat' dir='ltr'>R.</span> <span class='ocrx_word' id='word_1_308' title='bbox 1860 2284 1929 2328; x_wconf 88' lang='lat' dir='ltr'>sia</span> 
     </span>
     <span class='ocr_line' id='line_1_29' title="bbox 284 2361 1926 2419; baseline -0.001 -13"><span class='ocrx_word' id='word_1_309' title='bbox 284 2370 408 2407; x_wconf 87' lang='lat' dir='ltr'>stato</span> <span class='ocrx_word' id='word_1_310' title='bbox 428 2362 478 2416; x_wconf 63' lang='lat'>1⁸1,</span> <span class='ocrx_word' id='word_1_311' title='bbox 504 2369 550 2407; x_wconf 90' lang='lat' dir='ltr'>et</span> <span class='ocrx_word' id='word_1_312' title='bbox 571 2362 691 2406; x_wconf 88' lang='lat' dir='ltr'>uiste</span> <span class='ocrx_word' id='word_1_313' title='bbox 711 2362 754 2407; x_wconf 89' lang='lat' dir='ltr'>le</span> <span class='ocrx_word' id='word_1_314' title='bbox 776 2376 881 2406; x_wconf 89' lang='lat' dir='ltr'>cose</span> <span class='ocrx_word' id='word_1_315' title='bbox 908 2361 956 2405; x_wconf 92' lang='lat' dir='ltr'>in</span> <span class='ocrx_word' id='word_1_316' title='bbox 983 2362 1254 2419; x_wconf 88' lang='lat' dir='ltr'>particolare</span> <span class='ocrx_word' id='word_1_317' title='bbox 1268 2398 1278 2418; x_wconf 92' lang='lat'>,</span> <span class='ocrx_word' id='word_1_318' title='bbox 1303 2363 1345 2407; x_wconf 90' lang='grc'>01</span> <span class='ocrx_word' id='word_1_319' title='bbox 1366 2363 1569 2409; x_wconf 77' lang='lat' dir='ltr'>scriuera</span> <span class='ocrx_word' id='word_1_320' title='bbox 1591 2363 1622 2406; x_wconf 94' lang='lat' dir='ltr'>il</span> <span class='ocrx_word' id='word_1_321' title='bbox 1644 2377 1727 2407; x_wconf 88' lang='lat' dir='ltr'>suo</span> <span class='ocrx_word' id='word_1_322' title='bbox 1751 2376 1926 2419; x_wconf 89' lang='lat' dir='ltr'>parere.</span> 
     </span>
    </p>

    <p class='ocr_par' dir='ltr' id='par_1_5' title="bbox 290 2438 1934 2574">
     <span class='ocr_line' id='line_1_30' title="bbox 378 2438 1932 2497; baseline -0.001 -14"><span class='ocrx_word' id='word_1_323' title='bbox 378 2440 422 2483; x_wconf 87' lang='lat'>6.</span> <span class='ocrx_word' id='word_1_324' title='bbox 488 2441 580 2484; x_wconf 90' lang='lat' dir='ltr'>Per</span> <span class='ocrx_word' id='word_1_325' title='bbox 604 2438 869 2496; x_wconf 86' lang='lat' dir='ltr'>esperienza</span> <span class='ocrx_word' id='word_1_326' title='bbox 890 2438 928 2483; x_wconf 90' lang='lat' dir='ltr'>si</span> <span class='ocrx_word' id='word_1_327' title='bbox 950 2439 974 2483; x_wconf 80' lang='grc' dir='ltr'>ὲ</span> <span class='ocrx_word' id='word_1_328' title='bbox 996 2439 1117 2483; x_wconf 87' lang='lat' dir='ltr'>uisto</span> <span class='ocrx_word' id='word_1_329' title='bbox 1133 2441 1218 2483; x_wconf 90' lang='lat' dir='ltr'>che</span> <span class='ocrx_word' id='word_1_330' title='bbox 1234 2447 1358 2485; x_wconf 89' lang='lat' dir='ltr'>certe</span> <span class='ocrx_word' id='word_1_331' title='bbox 1379 2441 1560 2497; x_wconf 88' lang='lat' dir='ltr'>dispute</span> <span class='ocrx_word' id='word_1_332' title='bbox 1578 2447 1624 2485; x_wconf 91' lang='lat' dir='ltr'>et</span> <span class='ocrx_word' id='word_1_333' title='bbox 1641 2438 1932 2484; x_wconf 85' lang='lat' dir='ltr'>contencioni</span> 
     </span>
     <span class='ocr_line' id='line_1_31' title="bbox 290 2515 1934 2574; baseline -0.001 -14"><span class='ocrx_word' id='word_1_334' title='bbox 290 2518 360 2561; x_wconf 79' lang='lat' dir='ltr'>fra</span> <span class='ocrx_word' id='word_1_335' title='bbox 375 2517 407 2560; x_wconf 92' lang='lat' dir='ltr'>li</span> <span class='ocrx_word' id='word_1_336' title='bbox 424 2516 586 2567; x_wconf 81' lang='lat' dir='ltr'>nostri,</span> <span class='ocrx_word' id='word_1_337' title='bbox 606 2516 654 2559; x_wconf 92' lang='lat' dir='ltr'>in</span> <span class='ocrx_word' id='word_1_338' title='bbox 670 2515 860 2559; x_wconf 90' lang='lat' dir='ltr'>materia</span> <span class='ocrx_word' id='word_1_339' title='bbox 876 2515 921 2558; x_wconf 93' lang='lat' dir='ltr'>di</span> <span class='ocrx_word' id='word_1_340' title='bbox 939 2516 1057 2570; x_wconf 90' lang='lat' dir='ltr'>fede,</span> <span class='ocrx_word' id='word_1_341' title='bbox 1071 2517 1227 2561; x_wconf 86' lang='lat' dir='ltr'>hanno</span> <span class='ocrx_word' id='word_1_342' title='bbox 1242 2516 1357 2562; x_wconf 89' lang='lat' dir='ltr'>fatto</span> <span class='ocrx_word' id='word_1_343' title='bbox 1372 2519 1524 2563; x_wconf 88' lang='lat' dir='ltr'>danno</span> <span class='ocrx_word' id='word_1_344' title='bbox 1542 2533 1568 2561; x_wconf 91' lang='grc'><strong>3</strong></span> <span class='ocrx_word' id='word_1_345' title='bbox 1585 2518 1813 2574; x_wconf 86' lang='lat' dir='ltr'>qualcuno</span> <span class='ocrx_word' id='word_1_346' title='bbox 1830 2516 1863 2569; x_wconf 71' lang='grc'>3;</span> <span class='ocrx_word' id='word_1_347' title='bbox 1885 2521 1934 2560; x_wconf 89' lang='lat' dir='ltr'>et</span> 
     </span>
    </p>
   </div>
   <div class='ocr_carea' id='block_1_4' title="bbox 293 2593 558 2599">
    <p class='ocr_par' dir='ltr' id='par_1_6' title="bbox 293 2593 558 2599">
     <span class='ocr_line' id='line_1_32' title="bbox 293 2593 558 2599; baseline 0 0"><span class='ocrx_word' id='word_1_348' title='bbox 293 2593 558 2599; x_wconf 95' lang='lat' dir='ltr'> </span> 
     </span>
    </p>
   </div>
   <div class='ocr_carea' id='block_1_5' title="bbox 362 2621 1051 2670">
    <p class='ocr_par' dir='ltr' id='par_1_7' title="bbox 362 2621 1051 2670">
     <span class='ocr_line' id='line_1_33' title="bbox 362 2621 1051 2670; baseline -0.003 -11"><span class='ocrx_word' id='word_1_349' title='bbox 362 2632 383 2652; x_wconf 82' lang='lat' dir='ltr'>a</span> <span class='ocrx_word' id='word_1_350' title='bbox 419 2632 442 2669; x_wconf 95' lang='lat'><strong>7</strong></span> <span class='ocrx_word' id='word_1_351' title='bbox 461 2624 581 2659; x_wconf 86' lang='lat' dir='ltr'>verba</span> <span class='ocrx_word' id='word_1_352' title='bbox 599 2634 709 2670; x_wconf 87' lang='lat' dir='ltr'>seqq.</span> <span class='ocrx_word' id='word_1_353' title='bbox 729 2621 879 2658; x_wconf 87' lang='lat' dir='ltr'>addidit</span> <span class='ocrx_word' id='word_1_354' title='bbox 895 2621 1051 2668; x_wconf 83' lang='lat' dir='ltr'>Borgia.</span> 
     </span>
    </p>
   </div>
   <div class='ocr_carea' id='block_1_6' title="bbox 291 2689 556 2694">
    <p class='ocr_par' dir='ltr' id='par_1_8' title="bbox 291 2689 556 2694">
     <span class='ocr_line' id='line_1_34' title="bbox 291 2689 556 2694; baseline 0 0"><span class='ocrx_word' id='word_1_355' title='bbox 291 2689 556 2694; x_wconf 95' lang='lat' dir='ltr'> </span> 
     </span>
    </p>
   </div>
   <div class='ocr_carea' id='block_1_7' title="bbox 291 2711 1940 3112">
    <p class='ocr_par' dir='ltr' id='par_1_9' title="bbox 362 2711 886 2759">
     <span class='ocr_line' id='line_1_35' title="bbox 362 2711 886 2759; baseline -0.004 -11"><span class='ocrx_word' id='word_1_356' title='bbox 362 2712 372 2732; x_wconf 92' lang='lat'>¹</span> <span class='ocrx_word' id='word_1_357' title='bbox 423 2711 526 2748; x_wconf 86' lang='lat' dir='ltr'>Vide</span> <span class='ocrx_word' id='word_1_358' title='bbox 544 2711 661 2759; x_wconf 89' lang='lat' dir='ltr'>epist.</span> <span class='ocrx_word' id='word_1_359' title='bbox 681 2711 767 2757; x_wconf 88' lang='lat'>461,</span> <span class='ocrx_word' id='word_1_360' title='bbox 788 2722 827 2747; x_wconf 93' lang='grc'>3.</span> <span class='ocrx_word' id='word_1_361' title='bbox 850 2719 886 2746; x_wconf 87' lang='lat'><strong>2.</strong></span> 
     </span>
    </p>

    <p class='ocr_par' dir='ltr' id='par_1_10' title="bbox 291 2768 1936 2936">
     <span class='ocr_line' id='line_1_36' title="bbox 361 2768 1936 2818; baseline -0.001 -11"><span class='ocrx_word' id='word_1_362' title='bbox 361 2774 376 2794; x_wconf 80' lang='lat'><strong>²</strong></span> <span class='ocrx_word' id='word_1_363' title='bbox 426 2772 472 2807; x_wconf 87' lang='lat' dir='ltr'>In</span> <span class='ocrx_word' id='word_1_364' title='bbox 493 2772 673 2818; x_wconf 84' lang='lat' dir='ltr'>catalogo</span> <span class='ocrx_word' id='word_1_365' title='bbox 698 2769 923 2818; x_wconf 88' lang='lat' dir='ltr'>provinciae</span> <span class='ocrx_word' id='word_1_366' title='bbox 949 2768 1092 2816; x_wconf 88' lang='lat' dir='ltr'>Rheni,</span> <span class='ocrx_word' id='word_1_367' title='bbox 1110 2780 1133 2815; x_wconf 95' lang='lat'>9</span> <span class='ocrx_word' id='word_1_368' title='bbox 1151 2770 1382 2808; x_wconf 86' lang='lat' dir='ltr'>Decembris</span> <span class='ocrx_word' id='word_1_369' title='bbox 1403 2772 1494 2817; x_wconf 84' lang='lat'>1567</span> <span class='ocrx_word' id='word_1_370' title='bbox 1512 2771 1672 2818; x_wconf 89' lang='lat' dir='ltr'>scripto,</span> <span class='ocrx_word' id='word_1_371' title='bbox 1691 2771 1788 2806; x_wconf 85' lang='lat' dir='ltr'>haec</span> <span class='ocrx_word' id='word_1_372' title='bbox 1805 2769 1856 2805; x_wconf 93' lang='lat' dir='ltr'>de</span> <span class='ocrx_word' id='word_1_373' title='bbox 1874 2769 1936 2805; x_wconf 86' lang='lat' dir='ltr'>Si-</span> 
     </span>
     <span class='ocr_line' id='line_1_37' title="bbox 291 2827 1936 2878; baseline -0.002 -12"><span class='ocrx_word' id='word_1_374' title='bbox 291 2841 407 2866; x_wconf 88' lang='lat' dir='ltr'>mone</span> <span class='ocrx_word' id='word_1_375' title='bbox 431 2831 547 2877; x_wconf 88' lang='lat' dir='ltr'>anglo</span> <span class='ocrx_word' id='word_1_376' title='bbox 569 2830 839 2878; x_wconf 87' lang='lat' dir='ltr'>reperiuntur:</span> <span class='ocrx_word' id='word_1_377' title='bbox 870 2829 937 2864; x_wconf 87' lang='lat' dir='ltr'>«P.</span> <span class='ocrx_word' id='word_1_378' title='bbox 965 2828 1113 2874; x_wconf 90' lang='lat' dir='ltr'>Symon</span> <span class='ocrx_word' id='word_1_379' title='bbox 1135 2830 1274 2876; x_wconf 83' lang='lat' dir='ltr'>anglus</span> <span class='ocrx_word' id='word_1_380' title='bbox 1298 2835 1360 2867; x_wconf 86' lang='lat' dir='ltr'>est</span> <span class='ocrx_word' id='word_1_381' title='bbox 1389 2830 1429 2867; x_wconf 89' lang='lat' dir='ltr'>in</span> <span class='ocrx_word' id='word_1_382' title='bbox 1454 2831 1598 2866; x_wconf 88' lang='lat' dir='ltr'>Sancta</span> <span class='ocrx_word' id='word_1_383' title='bbox 1623 2830 1793 2865; x_wconf 87' lang='lat' dir='ltr'>Barbara</span> <span class='ocrx_word' id='word_1_384' title='bbox 1816 2827 1936 2876; x_wconf 87' lang='lat' dir='ltr'>[quod</span> 
     </span>
     <span class='ocr_line' id='line_1_38' title="bbox 291 2887 1745 2936; baseline -0.003 -10"><span class='ocrx_word' id='word_1_385' title='bbox 291 2894 377 2926; x_wconf 85' lang='lat' dir='ltr'>erat</span> <span class='ocrx_word' id='word_1_386' title='bbox 394 2889 673 2926; x_wconf 87' lang='lat' dir='ltr'>monasterium</span> <span class='ocrx_word' id='word_1_387' title='bbox 696 2889 800 2925; x_wconf 90' lang='lat' dir='ltr'>circa</span> <span class='ocrx_word' id='word_1_388' title='bbox 815 2888 1034 2934; x_wconf 91' lang='lat' dir='ltr'>Treviros]‚</span> <span class='ocrx_word' id='word_1_389' title='bbox 1053 2887 1120 2923; x_wconf 87' lang='lat' dir='ltr'>vbi</span> <span class='ocrx_word' id='word_1_390' title='bbox 1137 2889 1325 2932; x_wconf 82' lang='lat' dir='ltr'>celebrat,</span> <span class='ocrx_word' id='word_1_391' title='bbox 1344 2894 1386 2925; x_wconf 89' lang='lat' dir='ltr'>et</span> <span class='ocrx_word' id='word_1_392' title='bbox 1403 2900 1472 2936; x_wconf 92' lang='lat' dir='ltr'>pro</span> <span class='ocrx_word' id='word_1_393' title='bbox 1490 2889 1605 2925; x_wconf 89' lang='lat' dir='ltr'>nobis</span> <span class='ocrx_word' id='word_1_394' title='bbox 1622 2893 1745 2924; x_wconf 87' lang='lat' dir='ltr'>orat.»</span> 
     </span>
    </p>

    <p class='ocr_par' dir='ltr' id='par_1_11' title="bbox 295 2946 1940 3112">
     <span class='ocr_line' id='line_1_39' title="bbox 365 2946 1938 2996; baseline -0.001 -12"><span class='ocrx_word' id='word_1_395' title='bbox 365 2948 380 2970; x_wconf 82' lang='lat'><strong>⁸</strong></span> <span class='ocrx_word' id='word_1_396' title='bbox 429 2949 538 2984; x_wconf 90' lang='lat' dir='ltr'>Haec</span> <span class='ocrx_word' id='word_1_397' title='bbox 555 2948 813 2995; x_wconf 88' lang='lat' dir='ltr'>intelligenda</span> <span class='ocrx_word' id='word_1_398' title='bbox 830 2947 1014 2984; x_wconf 86' lang='lat' dir='ltr'>videntur</span> <span class='ocrx_word' id='word_1_399' title='bbox 1030 2946 1080 2982; x_wconf 90' lang='lat' dir='ltr'>de</span> <span class='ocrx_word' id='word_1_400' title='bbox 1098 2946 1279 2984; x_wconf 84' lang='lat' dir='ltr'>Eduardo</span> <span class='ocrx_word' id='word_1_401' title='bbox 1294 2947 1428 2985; x_wconf 85' lang='lat' dir='ltr'>Th0rn</span> <span class='ocrx_word' id='word_1_402' title='bbox 1445 2949 1622 2996; x_wconf 85' lang='lat' dir='ltr'>ejusque,</span> <span class='ocrx_word' id='word_1_403' title='bbox 1649 2948 1690 2983; x_wconf 91' lang='lat' dir='ltr'>in</span> <span class='ocrx_word' id='word_1_404' title='bbox 1714 2946 1938 2983; x_wconf 84' lang='lat' dir='ltr'>defectione</span> 
     </span>
     <span class='ocr_line' id='line_1_40' title="bbox 295 3005 1940 3052; baseline -0.001 -9"><span class='ocrx_word' id='word_1_405' title='bbox 295 3019 320 3044; x_wconf 87' lang='lat' dir='ltr'>a</span> <span class='ocrx_word' id='word_1_406' title='bbox 335 3006 413 3043; x_wconf 87' lang='lat' dir='ltr'>fide</span> <span class='ocrx_word' id='word_1_407' title='bbox 431 3007 633 3051; x_wconf 87' lang='lat' dir='ltr'>catholiea,</span> <span class='ocrx_word' id='word_1_408' title='bbox 650 3007 781 3044; x_wconf 85' lang='lat' dir='ltr'>sociis.</span> <span class='ocrx_word' id='word_1_409' title='bbox 802 3006 864 3044; x_wconf 78' lang='lat' dir='ltr'><strong>Cf.</strong></span> <span class='ocrx_word' id='word_1_410' title='bbox 884 3006 1150 3051; x_wconf 76' lang='lat' dir='ltr'>SAccmNtm,</span> <span class='ocrx_word' id='word_1_411' title='bbox 1166 3006 1241 3042; x_wconf 90' lang='grc'><strong>100.</strong></span> <span class='ocrx_word' id='word_1_412' title='bbox 1261 3005 1344 3052; x_wconf 65' lang='lat' dir='ltr'>cit„</span> <span class='ocrx_word' id='word_1_413' title='bbox 1365 3007 1432 3044; x_wconf 90' lang='lat' dir='ltr'>lib.</span> <span class='ocrx_word' id='word_1_414' title='bbox 1454 3007 1523 3052; x_wconf 89' lang='lat'>111,</span> <span class='ocrx_word' id='word_1_415' title='bbox 1541 3019 1579 3043; x_wconf 90' lang='lat' dir='ltr'>n.</span> <span class='ocrx_word' id='word_1_416' title='bbox 1603 3007 1683 3052; x_wconf 83' lang='lat'>1263</span> <span class='ocrx_word' id='word_1_417' title='bbox 1699 3011 1741 3043; x_wconf 90' lang='lat' dir='ltr'>et</span> <span class='ocrx_word' id='word_1_418' title='bbox 1758 3007 1940 3042; x_wconf 77' lang='lat' dir='ltr'>AGRlco-</span> 
     </span>
     <span class='ocr_line' id='line_1_41' title="bbox 301 3065 1076 3112; baseline -0.001 -10"><span class='ocrx_word' id='word_1_419' title='bbox 301 3073 400 3111; x_wconf 64' lang='lat' dir='ltr'>mu,</span> <span class='ocrx_word' id='word_1_420' title='bbox 420 3067 494 3102; x_wconf 84' lang='lat' dir='ltr'>loc.</span> <span class='ocrx_word' id='word_1_421' title='bbox 515 3066 598 3111; x_wconf 61' lang='lat' dir='ltr'>cit„</span> <span class='ocrx_word' id='word_1_422' title='bbox 619 3065 706 3102; x_wconf 89' lang='lat' dir='ltr'>dec.</span> <span class='ocrx_word' id='word_1_423' title='bbox 725 3065 796 3111; x_wconf 91' lang='lat'>111,</span> <span class='ocrx_word' id='word_1_424' title='bbox 816 3076 882 3111; x_wconf 74' lang='lat' dir='ltr'>nn.</span> <span class='ocrx_word' id='word_1_425' title='bbox 906 3072 1076 3112; x_wconf 84' lang='lat'><strong>170·174·</strong></span> 
     </span>
    </p>
   </div>
  </div>
 </body>
</html>
