2228 3548
882 286 906 324 7
933 279 1168 317 annuARu
1196 279 1289 325 15⁶6.
1838 289 1859 326 5

356 388 399 432 7.
463 377 626 423 Scriua
661 378 1038 437 diligentemente
1072 381 1191 427 delle
1222 396 1331 427 cose
1351 382 1666 440 appertenenti
1693 398 1720 428 a
1747 390 1909 439 questa

268 453 485 501 missione
505 462 551 500 et
571 454 603 498 il
624 456 715 500 fine
735 456 782 500 di
803 458 968 513 quella,
993 464 1041 503 et
1069 465 1190 503 tutto
1213 460 1365 515 quello
1390 461 1477 505 che
1499 459 1530 502 li
1551 462 1712 517 patera
1739 474 1907 517 oppor-

270 538 386 577 tuno
407 547 488 589 per
503 532 534 575 il
555 534 644 577 ben
661 534 718 579 de
740 534 783 577 la
806 534 1026 592 religione
1042 535 1090 580 in
1106 536 1255 593 quelle
1270 537 1436 590 bande,
1455 544 1502 581 et
1524 543 1686 594 questo
1706 537 1754 582 in
1772 538 1908 585 modo

270 610 359 653 che
380 610 423 654 le
443 610 603 654 lettere
624 610 663 654 si
679 625 875 667 possano
896 619 1116 657 mostrare
1137 628 1164 658 a
1184 614 1278 658 Sua
1298 614 1391 659 83³

362 687 405 730 8.
471 688 532 732 Se
553 687 584 730 li
606 689 730 732 fusse
752 690 1149 735 raccommandato
1177 705 1260 748 per
1285 689 1317 734 il
1337 692 1490 748 legato
1511 693 1597 736 che
1618 690 1861 736 hauessino
1883 706 1910 736 a

271 763 487 817 scriuere,
514 779 541 808 o
565 764 815 821 disputare,
840 781 868 810 o
889 766 935 811 di
955 767 1144 824 par[ola]
1169 767 1412 812 informare
1428 768 1656 824 qualcuno
1671 769 1788 812 delle
1804 782 1909 813 cose

268 841 584 898 appertenenti
606 843 693 886 alla
709 842 945 900 religione,
965 858 993 888 o
1009 844 1184 889 articoli
1199 845 1483 890 controuersi
1499 844 1546 888 in
1562 859 1679 898 essa,
1701 845 1907 890 facciano

270 919 378 974 quel
399 920 485 963 che
509 925 749 975 potranno3
775 926 822 965 et
844 927 1016 976 quanto
1039 922 1114 966 all’
1133 921 1290 966 ultima
1311 921 1602 975 resolutione,
1625 921 1761 966 etiam
1790 922 1909 966 nelle

270 1009 377 1040 cose
398 995 444 1038 di
467 996 682 1051 dottrina,
707 996 745 1040 si
762 995 849 1041 stia
869 997 912 1041 al
932 1011 1064 1055 parer
1085 998 1158 1043 del
1181 999 1236 1043 Ρ.
1262 999 1412 1043 Natal.

358 1087 400 1132 9.
467 1073 517 1118 Si
546 1075 782 1118 occorrera
804 1073 902 1119 fare
924 1075 1088 1119 alcuna
1107 1089 1214 1120 cosa
1235 1090 1315 1132 per
1331 1075 1634 1120 satisfattione
1649 1076 1755 1119 dell’
1775 1076 1842 1119 Ill.
1856 1082 1911 1105 ¹²⁰

272 1150 473 1194 cardinal
501 1157 760 1207 augustano
801 1152 832 1205 ¹,
862 1151 906 1196 la
932 1151 1152 1206 facciano,
1183 1159 1231 1198 et
1257 1154 1403 1196 anche
1440 1152 1638 1209 agl’altri
1671 1151 1905 1205 cardinali,

273 1226 450 1284 prelati,
474 1234 521 1272 et
540 1226 747 1284 principi,
771 1227 1015 1285 procurino
1036 1229 1118 1273 dar
1132 1229 1283 1285 quella
1298 1227 1614 1274 sodisfattione
1635 1231 1721 1273 che
1737 1228 1775 1272 si
1798 1230 1906 1285 puo,

273 1310 322 1350 et
341 1303 442 1348 farli
462 1303 676 1349 beneuoli
698 1304 785 1350 alla
810 1305 1105 1363 Compagnia.

365 1394 431 1425 10.
497 1380 762 1426 Conferisca
773 1394 859 1426 con
874 1381 1001 1429 detto
1015 1382 1142 1426 mm
1162 1383 1315 1440 legato
1332 1382 1664 1433 dellemissioni
1680 1383 1738 1427 de
1755 1382 1907 1428 alcuni

269 1458 414 1502 nostri
437 1459 566 1502 fuora
587 1458 693 1503 delli
708 1458 906 1516 collegii,
936 1466 983 1505 et
1003 1459 1325 1517 specialmente
1351 1460 1425 1504 nel
1448 1466 1566 1504 stato
1593 1460 1699 1505 dell'
1719 1459 1906 1504 Austria

268 1541 316 1580 et
336 1534 488 1590 Stiria,
513 1542 559 1579 et
581 1535 686 1591 quei
707 1535 831 1593 paesi
852 1535 960 1582 delli
976 1535 1099 1594 quali
1120 1538 1181 1580 ha
1201 1535 1438 1594 ragionato
1459 1537 1553 1582 Sua
1575 1537 1669 1582 83²
1683 1571 1694 1590 ,
1723 1535 1852 1580 accio
1868 1536 1907 1580 si

213 1660 217 1661 ⁷
274 1612 389 1656 ueda
403 1611 450 1655 in
467 1612 610 1669 primo
625 1613 726 1657 loco
746 1627 797 1658 se
813 1612 851 1657 si
866 1614 1020 1659 hanno
1032 1628 1059 1659 a
1075 1620 1259 1670 reputar
1277 1613 1374 1658 utili
1391 1614 1517 1659 dette
1533 1613 1752 1668 missioni3
1773 1621 1820 1657 et
1837 1628 1906 1658 es·

269 1690 412 1734 sendo
434 1689 526 1743 tali,
566 1689 612 1733 in
634 1692 719 1735 che
754 1691 891 1735 modo
926 1690 1153 1736 debbiano
1175 1689 1280 1735 farsi
1301 1705 1390 1735 con
1410 1691 1563 1736 buona
1590 1690 1739 1748 gratia
1760 1697 1806 1735 et
1842 1692 1910 1735 fa-

273 1780 385 1813 uore
401 1766 507 1812 delli
523 1767 729 1824 principi,
749 1774 836 1812 etc.
852 1769 910 1812 Et
918 1781 969 1812 se
984 1781 1075 1811 non
1087 1769 1244 1824 patera
1262 1775 1412 1825 tempo
1428 1767 1474 1811 di
1486 1774 1646 1813 trattar
1661 1767 1707 1811 di
1727 1774 1908 1823 questo,

274 1858 304 1888 o
320 1843 550 1888 risoluersi
570 1845 764 1889 durante
778 1845 823 1891 la
837 1845 975 1898 dieta,
994 1859 1045 1890 se
1060 1844 1223 1889 ricordi
1240 1844 1271 1888 il
1293 1845 1346 1889 Ρ.
1372 1846 1507 1890 Natal
1523 1859 1612 1889 con
1629 1845 1674 1889 la
1690 1852 1908 1902 opportu-

275 1920 370 1965 nita
386 1922 458 1965 del
477 1928 627 1979 tempo
649 1922 694 1965 di
717 1928 876 1967 trattar
896 1921 943 1965 di
964 1928 1142 1978 questo,
1167 1928 1213 1966 et
1250 1923 1395 1966 anche
1421 1921 1467 1965 di
1504 1922 1705 1967 scriuere
1728 1921 1759 1965 il
1776 1935 1910 1978 parer

273 1999 375 2043 dell'
393 1999 521 2043 111.¹¹³0
537 1999 706 2056 legato;
731 2006 777 2045 et
797 2015 847 2045 se
870 1999 995 2044 fusse
1023 1998 1285 2056 espediente
1311 1999 1396 2043 che
1424 2000 1571 2044 anche
1591 1998 1656 2044 lui
1677 1998 1908 2053 scriuessi,

274 2077 494 2132 potrebbe
515 2075 869 2133 ricordarglielo.

1024 2151 1149 2195 352

740 2223 783 2260 S.
811 2222 1144 2261 FRANCISCUS
1169 2224 1240 2260 DE
1264 2223 1433 2272 BORJA

622 2291 822 2335 PATRI
854 2290 1286 2335 HIERONYMO
1318 2291 1563 2336 NADAL

782 2375 942 2409 ROMAE,
968 2374 990 2412 7
1017 2375 1243 2403 FEBRUARII
1270 2367 1362 2413 1566
1378 2370 1408 2403 ³.

354 2433 572 2469 Instructio
589 2433 636 2468 de
654 2431 770 2468 rebus
786 2444 812 2467 a
829 2431 973 2467 Natali
988 2431 1199 2467 servandis
1215 2431 1260 2468 in
1277 2431 1517 2469 lustratione
1529 2432 1840 2480 provinciarum

713 2490 974 2533 Germaniae,
992 2490 1218 2527 Flandriae
1235 2494 1273 2527 et
1293 2490 1476 2528 Galliae.

206 2604 210 2610 Δ
276 2564 392 2600 JHUS.
434 2565 608 2595 RICORDI
654 2565 736 2593 PER
776 2565 815 2592 1L
855 2564 894 2592 P.
936 2562 1027 2591 Μ.ἲο
1073 2564 1214 2591 ΝΑΤΑΙ.
1255 2564 1391 2592 DELLE
1440 2564 1547 2593 COSE
1588 2562 1912 2591 APPERTENENTI

651 2625 761 2653 ALLA
788 2623 1034 2652 COMPAGNIA
1059 2622 1226 2651 NOSTRA
1250 2623 1295 2653 m
1319 2623 1542 2653 GERMANJA

371 2707 408 2738 1.
474 2694 848 2739 Primierarnente
875 2694 1045 2738 hauera
1071 2692 1103 2735 il
1132 2695 1186 2738 Ρ.
1217 2693 1352 2737 Natal
1381 2693 1545 2737 facolta
1577 2691 1623 2735 di
1653 2691 1838 2735 uisitare
1869 2691 1912 2736 16

274 2778 454 2828 quattro
477 2771 705 2828 prouintie
720 2771 838 2816 della
858 2769 1064 2828 superior
1085 2776 1132 2814 et
1152 2768 1341 2814 inferior
1356 2769 1621 2824 Germania,
1641 2767 1846 2822 Austria,
1865 2774 1912 2811 et

274 2839 451 2901 Rheno,
471 2855 518 2893 et
538 2851 638 2892 sara
659 2847 908 2905 superiore,
932 2846 1069 2906 etiarn
1090 2846 1165 2891 alli
1186 2846 1342 2891 rettori
1363 2853 1409 2892 et
1436 2845 1698 2904 prouintiali
1718 2845 1764 2889 di
1786 2845 1912 2889 dette

279 2924 522 2981 prouintie,
546 2932 591 2969 et
611 2927 742 2982 potra
762 2924 961 2969 scriuere
987 2930 1033 2967 et
1064 2924 1133 2967 far
1163 2922 1360 2980 risposta
1390 2939 1417 2967 a
1447 2924 1544 2967 loro
1574 2923 1758 2975 lettere,
1782 2921 1912 2965 risol-

349 3030 363 3052 ¹
413 3029 509 3068 Otto
526 3031 743 3068 Truchsess
759 3030 809 3067 de
827 3029 1061 3076 waldburg.

351 3093 365 3113 ²
415 3091 474 3126 Ex
491 3092 717 3138 archetypo,
735 3090 775 3127 in
791 3090 941 3134 codice,
958 3089 1022 3126 cui
1039 3088 1176 3125 titulus
1194 3089 1366 3126 Decreta
1382 3092 1419 3126 et
1432 3089 1716 3125 instructiones
1733 3093 1871 3131 154o-7
1876 3094 1912 3130 3,
