2228 3548
888 264 936 291 20
959 254 1178 294 Ocrossms
1206 255 1298 300 1566
1798 258 1868 301 275

267 359 367 418 legi
387 361 446 405 he
468 361 618 403 trobat
639 360 682 404 el
705 362 802 403 mes
823 358 1069 404 necessitat
1090 359 1147 403 de
1169 365 1276 412 tots,
1300 373 1331 415 y
1352 372 1456 404 erec
1478 372 1538 401 no
1566 372 1616 403 es
1643 357 1775 401 stada
1805 371 1919 414 poca

268 451 415 482 causa
435 452 512 495 per
537 452 615 480 ara
636 451 666 493 y
689 451 767 493 per
787 437 830 482 el
851 445 998 494 temps
1019 443 1173 493 passat
1193 437 1236 480 el
1263 443 1413 481 rector
1441 435 1628 493 Dyrsio,
1653 436 1696 480 el
1724 435 1831 492 qual
1861 435 1919 479 de

279 515 390 559 molt
413 522 560 571 temps
581 523 652 558 sta
674 515 898 567 traballat,
922 528 982 557 no
1003 514 1096 557 sols
1125 514 1183 557 de
1209 514 1435 570 scrdpols,
1461 528 1557 557 mas
1584 514 1702 557 della
1722 512 1918 567 vocatio,

280 607 342 636 no
361 580 666 636 contentantli
687 593 753 636 las
769 606 899 635 cosas
915 592 1034 636 della
1048 592 1352 648 Compagnia,
1371 590 1668 648 specialment
1684 591 1802 635 della
1817 605 1899 648 per

282 670 418 716 fectid
440 673 467 723 ¹;
493 686 521 726 y
544 673 615 713 axi
639 684 716 714 era
737 669 927 712 entrada
954 669 998 712 la
1024 667 1262 712 dissoluti6
1283 675 1372 713 etc.
1397 670 1466 723 (et
1493 672 1646 711 tamen
1673 669 1835 712 dentro
1865 668 1923 712 de

271 762 385 793 'casa
406 762 512 792 sens
540 747 726 790 scandal
753 747 811 791 de
838 760 945 791 cosa
972 746 1136 804 graue)
1158 761 1189 802 y
1209 745 1253 790 la
1279 759 1386 790 cosa
1413 745 1591 790 camina
1617 761 1644 790 a
1672 745 1803 789 ruina
1830 760 1923 789 non

271 825 666 869 contemnendam.
703 825 806 869 Sols
842 839 923 881 per
949 827 1033 879 3ςό
1061 837 1114 868 es
1145 830 1237 867 stat
1268 823 1496 868 necessari
1529 831 1671 868 meter
1699 821 1852 867 rectcr
1879 823 1922 867 al

280 905 334 947 P.
359 904 520 959 Lanoy
537 904 569 954 ²,
595 916 759 947 ancare
781 916 871 957 que
892 915 952 945 no
973 902 1044 945 fos
1065 901 1195 944 stada
1214 900 1259 944 la
1285 899 1479 944 intentic')
1508 902 1566 945 de
1596 901 1708 944 ferlo
1740 901 1924 946 confes-

270 987 416 1024 ssor⁸.
444 981 513 1024 Ve
535 981 728 1036 algunas
748 979 895 1022 voltas
915 979 957 1023 el
985 977 1153 1035 Dyrsio
1181 993 1240 1022 en
1268 986 1362 1022 star
1390 981 1461 1021 axi
1491 979 1622 1021 forab
1653 979 1710 1022 de
1738 977 1798 1031 si,
1834 992 1924 1034 que

270 1057 358 1101 diu
378 1073 387 1101 ε
417 1058 678 1101 «Vosaltres
700 1071 772 1101 me
794 1057 1003 1112 forcareu
1024 1059 1052 1098 a
1067 1069 1157 1111 que
1173 1069 1248 1098 me
1264 1062 1384 1100 mate
1406 1058 1432 1098 3
1454 1058 1514 1098 mi
1532 1054 1744 1107 mateix»,
1766 1070 1846 1112 per
1861 1070 1921 1099 no

282 1149 372 1189 reS,
396 1135 487 1178 sols
509 1149 588 1190 per
610 1132 885 1191 cogitations
906 1147 1013 1176 suas
1033 1133 1091 1177 de
1118 1131 1330 1177 auersidn
1360 1133 1448 1176 alla
1474 1132 1668 1189 displina
1696 1132 1923 1177 ordinaria

277 1212 404 1257 -della
426 1213 711 1268 Compagnia
729 1217 747 1238 ⁰
768 1244 776 1253 .

376 1301 417 1333 2.
484 1289 544 1332 Al
570 1290 685 1332 P.—
699 1286 720 1315 ‘¹
752 1302 782 1344 y
802 1287 846 1331 al
868 1289 922 1331 P.
948 1288 1081 1331 Marti
1099 1287 1114 1308 ³
1138 1299 1228 1343 que
1250 1301 1299 1332 es
1322 1287 1586 1343 predicador
1603 1302 1661 1331 en
1679 1287 1924 1333 Monachio

287 1368 392 1411 fone
415 1367 558 1422 foreat
579 1380 663 1409 son
685 1364 728 1408 ia
748 1377 777 1419 4
799 1379 828 1408 o
851 1375 875 1420 5
898 1378 1013 1421 anys
1033 1365 1075 1409 el
1098 1365 1150 1408 P.
1178 1366 1285 1409 Μ.η
1310 1366 1492 1421 Laynez
1509 1365 1668 1410 eximit
1685 1380 1742 1410 en
1761 1367 1925 1410 Mona-

276 1443 390 1488 ·ehio
409 1445 466 1487 de
489 1444 531 1487 13
553 1441 810 1488 obedientia
831 1442 905 1487 del
925 1448 1089 1495 rector,
1115 1442 1206 1485 sols
1226 1443 1312 1486 che
1335 1456 1394 1486 no
1421 1441 1452 1485 li
1478 1450 1815 1499 contraguesen
1839 1442 1885 1486 ni
1905 1449 1924 1471 θ

270 1522 483 1565 -donasen
505 1520 689 1565 scandel
712 1533 770 1564 en
791 1520 834 1563 el
854 1518 1063 1576 collegio.
1097 1520 1169 1563 No
1191 1518 1222 1562 li
1251 1521 1311 1563 ha
1332 1532 1405 1564 res
1426 1519 1579 1563 aiudat
1596 1518 1610 1547 s
1627 1524 1653 1563 3
1675 1527 1742 1564 est
1772 1522 1858 1565 che
1881 1521 1924 1565 la

280 1598 423 1656 prima
452 1612 643 1655 persona
659 1598 674 1618 ⁴
699 1599 735 1640 s'
759 1611 809 1641 es
838 1597 1065 1641 affectada
1092 1600 1119 1639 a
1149 1597 1435 1641 confessarse
1462 1598 1556 1641 ab&
1585 1598 1643 1641 el.
1677 1598 1850 1642 Tambe
1881 1599 1925 1642 el

282 1678 336 1720 P.
363 1676 506 1720 Paulo
525 1677 540 1697 ⁵
563 1674 767 1718 ministre
789 1689 838 1719 es
865 1674 975 1717 molt
1006 1675 1091 1717 flac
1114 1688 1143 1729 y
1166 1673 1258 1716 hali
1286 1673 1441 1718 aiudat
1469 1675 1556 1718 alla
1583 1676 1783 1720 flacheza
1815 1690 1920 1731 que,

276 1754 481 1810 ›despuys
502 1751 682 1808 quehel
705 1753 812 1796 ΜΡ
829 1752 1024 1796 Hermes
1042 1753 1056 1773 ²⁵
1081 1750 1263 1807 predica
1285 1766 1343 1796 en
1365 1752 1598 1809 Augusta,
1619 1753 1685 1796 las
1702 1753 1839 1796 altres
1863 1765 1887 1796 2
1910 1756 1922 1775 ⁷

354 1867 375 1888 ι
413 1858 598 1906 Sequitur
615 1859 651 1895 el
670 1859 719 1894 P.
743 1858 876 1905 Lanoy
892 1857 1142 1893 obliteratum
1160 1869 1182 1893 3
1200 1856 1331 1893 N.-b
1351 1866 1372 1893 2
1390 1859 1512 1894 verba
1535 1870 1649 1906 seqq.
1675 1870 1791 1906 supra
1811 1871 1918 1895 vers.

282 1919 431 1956 addidit
450 1919 502 1954 N.
514 1926 576 1947 -c
595 1918 855 1954 Emendatum
873 1929 894 1953 a
914 1917 966 1953 N.
990 1928 1039 1952 ex
1062 1917 1296 1964 disciplina.
1316 1918 1373 1946 ‚d
1390 1918 1535 1954 Attrita
1553 1920 1701 1965 charta,
1727 1918 1926 1955 desidera·

276 1985 346 2016 >tur
363 1979 517 2015 initium
535 1977 650 2025 hujus
668 1976 851 2023 nominis,
870 1976 982 2023 cujus
1000 1982 1151 2011 tantum
1170 1975 1330 2013 ultimae
1348 1977 1503 2014 litterae
1526 1980 1562 2013 st
1586 1984 1807 2014 remanent.
1832 1978 1926 2015 Sine

273 2038 402 2076 ‘dubio
420 2037 576 2085 scripsit
593 2037 643 2073 N.
663 2039 801 2083 aquest
819 2035 955 2082 (latine
978 2035 1060 2081 hic)
1084 2046 1140 2071 se.
1161 2035 1330 2083 Dirsius,
1348 2035 1397 2072 de
1420 2048 1498 2084 quo
1516 2037 1769 2084 loquitur.-e
1789 2037 1926 2086 Sequi-

281 2104 345 2135 tur
362 2100 435 2134 das
453 2098 722 2133 obliteratum.
741 2096 792 2124 -f
815 2094 1074 2131 Emendatum
1099 2106 1120 2130 3
1146 2094 1200 2131 N.
1224 2106 1274 2131 ex
1290 2095 1360 2132 Ha
1379 2096 1446 2145 gli
1468 2098 1686 2133 aiudat—rr
1701 2097 1786 2133 Hoc
1804 2098 1918 2134 verb.

274 2169 399 2205 supra
417 2168 524 2193 vers.
548 2156 697 2192 addidit
716 2155 769 2190 N.
790 2177 811 2181 -
825 2155 848 2183 1¹
862 2165 882 2190 2
902 2156 1021 2190 verba
1039 2166 1152 2202 seqq.
1176 2166 1292 2202 supra
1310 2167 1416 2192 vers.
1437 2156 1586 2192 addidit
1605 2157 1658 2193 N.

283 2251 409 2284 meter
425 2258 494 2294 pro
514 2249 636 2281 metre
655 2246 718 2280 vel
738 2248 877 2292 posar‚
899 2243 1040 2290 perche}
1058 2255 1127 2291 pro
1146 2246 1312 2291 perque,
1327 2247 1436 2292 para
1460 2256 1530 2293 pro
1549 2249 1638 2293 per,
1659 2246 1926 2292 pesadumbre

285 2318 354 2356 pro
371 2307 530 2355 neguit,
548 2312 587 2341 et
606 2305 680 2340 alia
698 2303 939 2350 hujusmodi.

362 2365 370 2385 ⁴
422 2367 482 2402 De
501 2366 550 2401 P.
574 2365 725 2411 Joanne
744 2363 875 2399 Dirsio
893 2362 932 2399 in
950 2362 1088 2410 spiritu
1102 2362 1276 2410 juvando
1293 2364 1449 2412 saepius
1474 2365 1713 2401 mentionem
1738 2363 1832 2400 facit
1851 2365 1926 2400 Na-

283 2425 378 2463 ‘talis
397 2425 436 2461 in
455 2423 631 2471 epistolis
650 2428 755 2458 tomo
772 2423 810 2458 II
829 2421 959 2468 editis,
978 2433 1100 2469 pagg.
1126 2421 1205 2468 143,
1227 2423 1310 2469 296,
1330 2429 1412 2461 etc.

362 2489 376 2508 2·
427 2484 528 2519 Vide
547 2482 667 2530 epist.
690 2482 775 2529 432,
794 2494 837 2517 n.
860 2490 902 2526 7;
923 2486 963 2517 et
981 2481 1152 2528 append.
1175 2482 1289 2519 XIII.
1557 2486 1571 2506 ⁵
1622 2483 1922 2520 Stevordianus.

363 2547 378 2567 ⁴
427 2543 580 2590 Regina
598 2542 842 2589 Magda1ena,
859 2541 940 2577 filia
956 2541 987 2576 F
989 2541 1192 2578 erdinandi
1210 2542 1242 2584 1,
1260 2543 1448 2580 caesaris·

365 2605 380 2625 ⁶
430 2603 636 2640 Hoffaeus.
665 2603 724 2637 De
749 2602 815 2637 illo
839 2602 935 2636 haec
958 2601 1115 2647 scripsit
1138 2601 1308 2638 Lanoius
1332 2602 1514 2650 Borgiae‚
1542 2603 1781 2650 Oeniponte,
1811 2613 1832 2649 7
1858 2605 1926 2639 Fe·

288 2663 434 2701 bruarii
455 2663 558 2708 1567:
586 2663 640 2698 «Il
665 2667 786 2697 rettor
811 2671 912 2696 nouo
937 2666 997 2695 sta
1021 2671 1140 2696 senza
1163 2659 1354 2707 ministro,
1380 2668 1421 2699 et
1446 2662 1552 2699 tiene
1576 2663 1738 2698 d’affare
1765 2663 1831 2710 pin
1856 2664 1929 2700 che

288 2723 382 2760 mai.
405 2723 437 2759 Il
457 2723 504 2758 P.
528 2723 648 2758 Paulo
666 2721 772 2756 tiene
792 2721 818 2756 il
837 2731 963 2765 nome,
982 2731 1044 2755 ma
1061 2720 1212 2756 l'offitio
1229 2732 1301 2757 suo
1326 2733 1405 2758 non
1430 2723 1618 2759 essercita
1641 2722 1753 2770 quasi
1778 2723 1816 2758 in
1842 2734 1931 2759 nes-

279 2795 384 2820 ·suna
406 2782 597 2818 maniera.
626 2781 771 2828 Spesso
797 2786 857 2816 sta
881 2784 1070 2826 occupato
1095 2791 1170 2816 con
1192 2781 1230 2816 la
1253 2781 1391 2828 regina
1422 2783 1641 2829 Margareta
1665 2783 1701 2818 la
1731 2783 1845 2828 quale
1870 2788 1931 2819 sta

290 2842 457 2879 tuttauia
473 2841 613 2877 debole
631 2847 671 2877 et
689 2852 807 2876 senza
831 2850 1018 2886 speranza
1041 2839 1081 2875 di
1105 2845 1216 2886 poter
1240 2841 1375 2877 viuere
1400 2842 1519 2888 longo
1544 2847 1693 2888 tempo.
1724 2842 1799 2878 Nel
1824 2848 1930 2878 resto

289 2908 351 2938 sta
368 2901 517 2937 ritirato
535 2912 653 2936 senza
670 2899 751 2936 fare
769 2911 860 2935 cosa
878 2910 1025 2934 veruna
1042 2898 1082 2934 di
1099 2905 1241 2946 questo
1259 2900 1490 2947 ministerio,
1509 2907 1549 2937 et
1567 2902 1606 2936 di
1623 2907 1764 2948 questo
1780 2902 1844 2948 gia
1863 2902 1929 2949 pisi

291 2962 398 2998 volte
415 2961 466 2996 ho
484 2960 619 2996 scritto
637 2959 703 2995 alli
720 2958 834 2994 Padri
853 2958 992 2993 Natale
1010 2963 1051 2993 et
1064 2956 1270 2994 Canisio.»
1287 2959 1344 2995 Ex
1361 2962 1615 3007 autographo,
1632 2961 1670 2996 in
1689 2959 1784 2996 Cod.
1801 2970 1852 3006 29
1862 2963 1931 3010 g),

291 3033 342 3058 n.
368 3028 431 3066 171
452 3018 569 3064 (312).
1455 3021 1470 3043 ὅ
1519 3021 1741 3067 Halpawer.

370 3081 384 3101 ⁷
434 3079 664 3126 Magdalena
689 3084 729 3114 et
747 3079 917 3114 Helena.
940 3077 1041 3113 Vide
1059 3077 1174 3125 epist.
1194 3077 1280 3126 376,
1298 3090 1341 3117 η.
1364 3078 1401 3124 3;
1421 3085 1461 3116 et
1478 3079 1564 3127 390,
1583 3093 1625 3116 n.
1651 3080 1691 3116 8.
