2228 3548
714 262 971 300 PROOEMIUM
996 270 1138 299 TERTu
1162 269 1392 299 vounnms
1782 269 1826 297 lx

221 367 375 420 batur,
400 366 523 422 quod
544 365 793 423 imperator
813 365 950 411 nimis
971 380 1085 424 erga
1106 365 1362 411 haereticos
1378 365 1642 423 indulgens,
1663 363 1873 422 pontifex

222 465 250 495 e
269 449 499 494 contrario
521 450 657 494 nimis
679 450 856 508 rigidus
879 450 1112 507 aliquibus
1132 449 1391 496 videbatur.
1420 449 1780 507 Propositiones‚
1813 447 1872 491 ab

224 534 498 592 imperatore
522 534 728 592 pontifici
756 534 1003 588 exhibitae,
1034 534 1151 578 huic.
1175 549 1362 591 prorsus
1394 533 1731 591 displicuerunt
1764 532 1869 589 (66).

228 620 357 664 Haec
379 618 532 662 omnia
554 619 675 662 inter
695 633 797 664 sese
818 618 1032 663 Canisius
1053 625 1100 664 et
1121 618 1299 663 Natalis
1320 619 1627 671 conferentes,
1653 633 1679 662 e
1701 632 1752 662 re
1774 617 1875 661 fore

227 705 460 748 duxerunt
496 702 761 760 pontificem
797 703 974 747 caesari
1011 703 1287 748 benevolum
1321 703 1531 756 reddere,
1571 702 1711 758 idque
1748 701 1875 745 nulla

225 787 406 831 ratione
430 786 610 831 facilius
632 802 682 831 se
704 787 1029 844 impetraturos
1051 787 1388 842 existimarunt,
1420 801 1557 843 quam
1586 785 1875 844 procurando

160 927 162 929 ι
224 878 276 915 ut
297 870 503 928 pontifex
525 871 731 915 subsidia
753 871 1014 929 imperatori
1035 863 1269 929 pro'bello
1298 871 1474 915 turcico
1504 870 1792 928 elargiretur.
1824 870 1874 912 Id

226 963 381 1001 autem
405 970 486 1012 per
510 956 726 1013 Borgiam
751 956 885 1001 facile
907 956 1090 1012 assequi
1111 970 1247 1014 posse
1268 964 1552 1001 censuerunt
1576 956 1665 1013 (49,
1688 965 1762 1010 50,
1781 954 1872 1010 66).
1894 975 1896 977 >

316 1039 551 1085 Haeretici
574 1039 692 1084 inter
719 1042 850 1094 haec,
882 1040 1170 1084 comitiorum
1201 1039 1493 1085 occasionem
1526 1038 1712 1082 minime
1744 1052 1874 1095 sper-

225 1124 424 1168 nendam
446 1130 678 1182 putantes,
703 1125 760 1168 ad
781 1131 1016 1169 certamen
1039 1139 1090 1170 se
1112 1124 1379 1182 accingunt,
1399 1124 1457 1169 de
1475 1122 1709 1180 religionis
1727 1136 1874 1180 nego-

230 1208 293 1252 tio
321 1207 610 1253 collationem
639 1207 818 1252 institui
847 1215 1086 1266 satagunt,
1116 1208 1295 1252 libellos
1324 1215 1485 1252 contra
1512 1206 1774 1264 pontificem
1804 1220 1874 1249 ro·

228 1305 416 1335 manum
448 1297 495 1335 et
522 1289 767 1336 Societatis
794 1290 1056 1335 institutum
1094 1290 1295 1336 scribere
1331 1289 1686 1348 aggrediuntur,
1721 1302 1876 1333 comes

232 1373 463 1432 palatinus
483 1373 679 1431 impiger
699 1374 747 1418 in
770 1389 955 1420 arenam
977 1374 1232 1428 descendit,
1258 1382 1304 1419 et
1332 1374 1380 1418 in
1406 1373 1635 1427 convivio,
1669 1374 1726 1417 ad
1754 1373 1877 1430 quod

223 1458 322 1517 ipse
345 1466 540 1503 cunctos
560 1458 791 1517 principes
811 1466 858 1504 et
886 1459 1141 1504 catholicos
1172 1467 1219 1504 et
1247 1466 1555 1517 protestantes
1582 1443 1873 1510 invitaverat,

219 1543 424 1587 libellum
449 1557 627 1589 veneno
649 1557 854 1588 errorum
878 1545 1095 1589 refertum
1112 1544 1320 1588 convivis
1336 1543 1533 1602 singulis
1551 1542 1759 1601 porrigit.
1780 1543 1869 1586 Im-

218 1628 413 1685 probum
444 1628 616 1672 donum
645 1627 822 1685 repellit
853 1635 1144 1686 augustanus
1174 1628 1373 1686 praesul,
1406 1628 1614 1684 talesque
1652 1626 1792 1671 libros
1823 1641 1874 1671 se

219 1710 487 1768 neutiquam
508 1712 662 1770 legere
683 1713 833 1770 palam
856 1713 1113 1770 profitetur.
1136 1713 1282 1756 Instat
1297 1726 1470 1766 comes,
1491 1718 1542 1756 ut
1564 1710 1767 1756 libellum
1790 1725 1875 1754 an-

223 1794 353 1840 tistes
387 1795 596 1852 accipere
631 1795 758 1839 velit.
801 1775 921 1840 Tum
964 1803 1270 1853 augustanus,
1315 1794 1650 1853 importunitati
1691 1793 1873 1838 comitis

224 1879 410 1933 cedens,
434 1878 602 1923 librum
624 1878 764 1937 capit,
789 1881 876 1923 hac
899 1887 1053 1923 tamen
1074 1878 1354 1933 conditione,
1380 1887 1432 1923 ut
1452 1893 1606 1924 comes
1634 1877 1870 1935 promittat

224 1962 567 2021 responsionem
589 1962 743 2008 libello
763 1964 962 2007 dandam
986 1964 1230 2008 lecturum.
1257 1964 1412 2021 Hujus
1434 1971 1588 2008 autem
1611 1962 1875 2020 responsio-

223 2047 295 2091 nis
311 2047 627 2092 lucubrandae
642 2061 755 2092 cura
773 2047 900 2092 Patri
917 2046 1106 2092 Canisio
1123 2047 1400 2098 demandata
1418 2046 1504 2091 fuit
1521 2048 1612 2104 (83,
1638 2047 1753 2103 126);
1773 2047 1873 2100 sed,

220 2146 270 2176 re
304 2131 468 2175 melius
502 2130 815 2185 considerata,
848 2139 895 2176 et
933 2130 1157 2175 cardinali
1194 2138 1240 2176 et
1279 2130 1496 2176 Patribus
1531 2130 1648 2175 liber
1686 2129 1875 2188 palatini

222 2214 444 2273 indignus
467 2215 764 2272 responsione
785 2215 913 2259 visus
933 2222 1004 2260 est
1026 2216 1160 2274 (191).

314 2300 614 2356 Quantopere
635 2306 789 2344 autem
812 2299 1130 2345 insudaverint
1157 2301 1319 2345 Patres
1348 2300 1542 2354 Natalis,
1578 2298 1794 2344 Canisius
1824 2305 1871 2344 et

229 2384 456 2430 Ledesma
477 2383 526 2427 in
547 2383 885 2428 haereticorum
913 2383 1157 2428 conatibus
1184 2384 1545 2442 confringendis,
1577 2383 1623 2427 in
1651 2381 1875 2428 ecclesiae

173 2518 177 2522 ,
225 2474 274 2514 et
295 2466 476 2512 concilii
498 2466 735 2511 tridentini
756 2467 1051 2524 dogmatibus
1072 2475 1120 2512 et
1135 2467 1319 2524 juribus
1337 2467 1536 2522 tuendis,
1556 2467 1603 2510 in
1621 2465 1878 2510 catholico-

227 2565 329 2595 rum
357 2550 521 2595 animis
547 2550 667 2594 inter
695 2565 798 2596 sese
826 2557 873 2596 et
903 2563 1010 2594 cum
1049 2565 1241 2596 romano
1269 2551 1489 2609 pontifice
1520 2548 1875 2607 conjungendis,

225 2633 415 2679 mirifice
437 2635 588 2680 elucet
605 2635 652 2678 in
669 2634 981 2679 monumentis
1002 2635 1286 2693 archetypis,
1304 2651 1363 2680 ex
1380 2634 1618 2681 Vaticanis
1641 2633 1878 2677 tabulariis

223 2733 251 2764 a
270 2718 405 2762 nobis
426 2718 724 2776 depromptis,
743 2725 791 2762 et
807 2717 854 2761 in
871 2717 1102 2775 publicam
1127 2719 1277 2764 lucem
1299 2718 1496 2772 eductis,
1521 2718 1579 2761 ad
1595 2730 1714 2774 quae
1730 2717 1874 2761 lecto—

225 2816 321 2846 rem
343 2801 620 2846 remittimus
642 2802 864 2860 (90-104);
890 2801 1059 2858 quibus
1079 2816 1247 2847 novam
1269 2802 1524 2847 claritatem
1554 2799 1879 2858 impertiuntur

223 2883 444 2942 epistolae
466 2885 644 2930 Natalis
665 2886 725 2929 de
746 2884 908 2930 iisdem
925 2884 1126 2942 negotiis
1144 2885 1342 2944 Borgiae
1358 2886 1494 2930 datae
1511 2886 1550 2942 (1
1563 2897 1666 2928 10-1
1679 2896 1748 2937 12,
1775 2896 1792 2927 1
1806 2884 1874 2941 19',

233 2979 331 3023 122,
376 2981 474 3024 123,
521 2969 741 3026 136-138,
789 2970 887 3022 180,
934 2969 1060 3025 181);
1099 2975 1146 3014 et
1182 2970 1321 3027 hujus
1364 2983 1586 3027 responsa
1628 2969 1872 3025 (130-132,

233 3052 446 3108 148-151,
478 3053 576 3108 158,
603 3053 717 3111 159).
