2228 3548
944 281 988 320 17
1014 274 1208 312 Ausus-n
1237 274 1328 321 1568
1644 245 1650 249 Δ
1843 275 1918 322 629

306 380 473 431 questo
509 374 723 431 collegio,
764 377 851 420 che
888 376 913 420 ὲ
949 375 1260 421 infirmissimo
1290 383 1336 421 et
1373 376 1664 434 trauagliato.
1698 377 1839 433 AltrQ
1871 391 1964 421 non

311 464 502 495 occorre
522 452 565 495 al
585 459 815 508 presente.
842 453 963 497 Nelli
984 453 1103 498 santi
1126 453 1337 498 sacrificii
1365 461 1412 498 et
1440 454 1635 498 orationi
1664 454 1784 499 della
1814 456 1868 521 P.
1901 455 1960 498 V.

314 528 537 573 Ximenez
567 535 614 574 et
642 528 686 573 io
714 530 757 573 ci
786 530 1181 576 raccomandiamo
1210 531 1530 585 humilmente,
1561 538 1608 575 et
1635 531 1682 575 in
1710 531 1852 587 quelli
1879 545 1961 575 an-

313 619 422 649 cora
443 605 549 649 delli
570 606 673 650 Rdi.
702 607 839 650 Padri
862 607 1111 661 assistenti,
1137 609 1212 653 del
1234 610 1288 652 P.
1326 609 1544 662 Polanco,
1580 610 1634 652 P.
1670 610 1730 652 D.
1765 607 1961 662 Madrid,

315 684 369 727 P.
395 681 728 739 Ribadeneyra,
756 686 809 728 P.
836 684 1125 739 Sebastiano,
1149 692 1239 729 etc.
1263 686 1498 729 Dominus
1524 686 1584 728 sii
1611 685 1859 728 nobiscum.
1892 685 1965 728 Da

310 758 559 814 Ciamberi,
584 759 660 804 alli
684 771 710 814 7
733 761 777 804 d'
803 762 986 818 Agosto
1016 762 1144 817 1568.
1170 763 1228 806 D.
1257 763 1311 806 P.
1338 763 1397 807 V.
1423 776 1559 807 seruo
1580 777 1638 806 en
1661 763 1766 816 X.0,

1406 845 1437 904 †
1468 846 1657 961 ΝΑι-ἷ-Αῑζ.
1693 845 1724 903 †

396 992 644 1048 Inscriptio
665 992 716 1035 in
732 995 868 1048 parte
890 996 1156 1036 remanente
1177 993 1367 1036 secundi
1381 994 1497 1052 folii
1519 1007 1548 1035 α
1571 996 1718 1051 tergo:
1746 993 1874 1047 1568.
1901 992 1958 1036 C.

314 1068 562 1113 Ciamberi.
589 1070 644 1112 P.
676 1070 855 1122 Natale,
881 1067 1120 1113 visitator’.
1147 1080 1173 1124 7
1202 1069 1246 1112 d'
1280 1071 1481 1127 Agosto.
1507 1071 1668 1127 Sigilli
1693 1070 1957 1127 vestigium.

1071 1209 1204 1252 533

779 1293 825 1329 S.
857 1293 1192 1332 FRANCISCUS
1217 1295 1288 1331 DE
1313 1292 1485 1341 BORJA

651 1371 863 1415 PATRI
905 1371 1337 1417 HIERONYMO
1379 1372 1626 1416 NADAL

591 1453 594 1455 ‘
824 1455 987 1494 ROMAE,
1017 1455 1060 1493 17
1086 1456 1275 1486 AUGUSTI
1302 1446 1395 1493 1568
1414 1447 1442 1484 ¹.

309 1534 350 1567 Ι.
373 1526 435 1561 De
453 1524 617 1560 Natalis
634 1523 950 1560 itineribus.-2.
972 1524 1034 1561 De
1052 1524 1272 1561 Edmundo
1289 1525 1490 1573 Augerio,
1505 1537 1559 1560 an
1577 1536 1605 1560 a
1622 1524 1741 1560 curia
1759 1535 1963 1560 removen-

354 1586 431 1620 dus
448 1585 747 1628 videatur.-3.
769 1583 914 1619 Natali
930 1583 1074 1630 aliqua
1091 1584 1136 1619 in
1154 1595 1229 1620 sua
1255 1584 1498 1621 lustratione
1516 1584 1752 1620 ordinanda
1766 1595 1962 1619 commen-

356 1645 629 1687 dantur.—-4.
654 1642 715 1679 De
734 1642 950 1678 Francisco
967 1643 1016 1679 de
1040 1642 1230 1686 Fonseca,
1255 1646 1293 1680 et
1309 1644 1358 1680 de
1381 1644 1500 1679 domo
1520 1642 1776 1691 probationis
1791 1642 1962 1689 jamdiu

354 1703 584 1751 excogitata
601 1714 628 1738 a
646 1701 897 1746 Natali.-5.
920 1701 1163 1739 Franciscus
1180 1703 1228 1739 de
1252 1701 1397 1739 Toledo
1410 1705 1563 1749 prorex
1583 1702 1788 1738 Peruviae
1811 1713 1962 1738 renun-

359 1763 504 1799 tiatur.
1956 1789 1959 1792 ,

410 1853 455 1896 Ι.ς
506 1841 607 1898 JhS.
643 1839 789 1883 Molto
819 1839 933 1882 Rdo.
966 1838 1013 1881 in
1043 1839 1162 1896 Xpo.
1195 1826 1359 1884 Padre.
1393 1840 1491 1883 Pax
1520 1838 1713 1891 Christi,
1738 1845 1828 1882 etc.
1854 1837 1961 1883 Alle

312 1918 475 1963 lettere
496 1916 541 1959 di
565 1917 623 1960 V.
651 1917 704 1960 R.
725 1916 783 1960 de
801 1927 855 1959 22
875 1922 920 1960 et
939 1927 996 1972 29
1012 1914 1059 1958 di
1074 1914 1265 1972 Giugno
1280 1915 1315 1969 ²,
1334 1917 1421 1961 che
1438 1917 1603 1959 furono
1620 1917 1663 1960 le
1680 1914 1840 1958 ultime
1857 1928 1956 1967 sue,

310 1993 349 2038 s’
370 1994 395 2039 ὲ
416 1994 530 2038 satta
551 1993 763 2050 risposta.
789 1991 937 2050 Dapoi
958 2007 1038 2048 per
1060 1992 1175 2037 altre
1195 1992 1253 2036 de
1280 2005 1332 2051 19
1353 1992 1399 2037 di
1428 1992 1596 2050 Luglio
1617 1993 1692 2036 del
1716 1993 1770 2035 P.
1797 1991 1959 2036 Oliue-

309 2070 380 2126 11i0
398 2072 413 2093 ⁵
436 2070 483 2114 di
506 2069 663 2127 Parigi
684 2069 927 2113 habbiamo
950 2068 1100 2114 inteso
1121 2069 1166 2114 la
1192 2069 1358 2129 partita
1378 2070 1425 2113 di
1448 2071 1506 2114 V.
1535 2071 1589 2113 R.
1615 2083 1696 2126 per
1719 2069 1956 2121 Verduno,

310 2147 502 2192 insieme
522 2147 595 2190 col
615 2161 835 2199 vescouo,
855 2147 974 2191 della
991 2146 1126 2202 quale
1142 2146 1368 2203 speriamo
1389 2147 1491 2191 sara
1509 2146 1682 2192 seruito
1699 2144 1787 2190 Dio
1805 2146 1864 2189 N.
1886 2145 1956 2199 S.,

286 2230 357 2280 ,et
378 2223 552 2267 aiutato
573 2224 679 2279 quel
700 2222 910 2279 collegio.
937 2221 996 2266 Di
1024 2222 1170 2267 Lione
1196 2223 1239 2267 ci
1266 2223 1479 2268 scriuono
1513 2225 1602 2268 che
1630 2223 1717 2266 alla
1747 2221 1960 2279 giornata

311 2307 611 2358 aspettauano
632 2301 692 2344 V.
718 2301 794 2352 R.,
818 2306 864 2344 et
886 2299 981 2343 cosi
1002 2299 1042 2343 si
1061 2299 1264 2345 drizzara
1281 2308 1442 2359 questa
1464 2302 1506 2345 al
1524 2307 1667 2344 rettor
1688 2299 1734 2342 di
1757 2297 1955 2351 Lione-⁴,

314 2377 528 2422 accioche
549 2378 592 2420 la
612 2377 702 2431 dia,
728 2391 755 2420 o
778 2376 947 2429 mandi,
972 2391 1023 2422 se
1043 2390 1139 2420 non
1159 2377 1189 2420 l’
1214 2380 1442 2435 aspettara
1463 2378 1510 2422 in
1533 2368 1681 2422 breue>
1696 2375 1745 2419 n.

406 2467 447 2498 2.
513 2454 549 2497 Il
570 2453 823 2511 prouincial
844 2453 890 2496 di
912 2452 1105 2497 Francia
1125 2453 1275 2498 seriue
1297 2455 1416 2499 nella
1437 2455 1598 2499 lettera
1619 2452 1665 2495 di
1687 2466 1821 2509 sopra
1843 2451 1958 2495 cita-

314 2538 378 2587 ta,
402 2533 492 2576 che
512 2531 545 2574 il
567 2533 620 2583 P.
647 2531 856 2574 Emondo
875 2531 907 2584 ⁵,
932 2530 1214 2586 prouinciale
1235 2531 1282 2574 d'
1306 2531 1577 2588 Aquitania,
1606 2531 1648 2573 fa
1672 2530 1814 2572 frutto
1836 2529 1959 2573 doue

256 2614 261 2620 “
312 2615 399 2662 sta,
424 2623 499 2652 ma
515 2609 603 2652 che
625 2622 718 2651 non
739 2609 765 2651 e
788 2621 867 2664 per
889 2609 999 2651 hora
1020 2613 1148 2651 tanto
1164 2607 1440 2661 necessario,
1461 2609 1548 2651 che
1564 2621 1658 2650 non
1681 2606 1858 2650 facesse
1878 2604 1959 2662 pit‘l

310 2686 454 2729 frutto
481 2684 529 2728 in
555 2684 859 2742 qualsiuoglia
890 2684 1005 2727 altro
1032 2684 1192 2740 luogo,
1222 2691 1270 2728 et
1303 2684 1403 2729 dice
1431 2684 1695 2727 finalmente
1722 2682 1812 2725 che
1840 2681 1959 2725 mala

380 2784 392 2806 ¹
443 2785 503 2820 Ex
521 2785 750 2832 archetypo,
764 2785 815 2820 ab
833 2783 967 2830 ignoto
984 2783 1143 2820 librario
1161 2788 1333 2831 exarato,
1349 2789 1390 2820 et
1404 2783 1571 2830 Borgiae
1587 2794 1703 2818 manu
1717 2782 1957 2829 subscripto,

308 2843 350 2879 in
370 2842 466 2879 Cod.
488 2854 553 2889 34,
571 2843 718 2891 duplici
735 2843 819 2889 fol.,
838 2841 908 2889 239
928 2843 1018 2889 (54).
1099 2835 1106 2844 '

382 2901 398 2922 ¹
447 2901 549 2938 Vide
566 2902 683 2949 epist.
704 2902 774 2948 526
792 2907 833 2938 et
850 2910 936 2947 527.

382 2961 398 2982 ⁵
447 2961 669 3008 Manareus,
687 2960 939 3008 provincialis
958 2958 1159 2996 Franciae.

384 3021 400 3042 ⁴
449 3019 672 3056 Gulielmus
688 3020 883 3057 Creitton.
902 3020 962 3055 Ex
979 3020 1158 3065 catalogo
1175 3019 1400 3067 provinciae
1420 3019 1671 3067 Aquitaniae.
1695 3017 1799 3063 1568.

392 3080 408 3100 ⁵
457 3079 656 3125 Augerius
672 3079 841 3126 (Anger)
853 3105 862 3114 .

364 3135 373 3156 ἱ
