2228 3548
0 2787 14 3092 yaw„r—v‚—w-vvv:
0 2754 11 2773 ¹‘=
0 2718 9 2740 Α-
0 2635 8 2676 wn-
0 2610 3 2624 -

903 325 949 362 18
971 326 1073 371 MAJr
1100 327 1191 373 1566
1748 328 1812 367 131

226 432 358 470 staua
377 426 452 470 nel
473 427 718 472 medesimo
740 443 872 486 parer
892 431 978 474 che
999 429 1146 487 prima
1172 432 1202 485 ¹,
1228 438 1274 476 et
1296 433 1382 477 che
1403 431 1522 476 saria
1542 434 1661 476 bene
1683 435 1768 477 che
1789 433 1867 477 noi

227 503 258 547 li
278 503 560 562 parlassimo‚
585 507 752 562 perche
780 505 812 550 il
838 507 1040 551 cardinal
1068 508 1303 554 Granuela
1332 524 1425 554 non
1453 510 1499 554 lo
1527 512 1706 556 haueua
1727 512 1864 565 -fatto,

229 581 407 627 benche
432 597 510 628 era
536 590 656 628 stato
684 598 771 628 con
799 599 902 630 esso
930 586 1275 631 Alessandrino.
1315 587 1371 632 Li
1408 588 1457 632 fu
1494 587 1719 633 ricordato
1755 589 1872 634 saria

229 659 347 704 bene
374 661 460 706 che
496 661 658 706 facessi
688 663 881 719 qualche
907 663 1057 708 officio
1083 678 1168 708 sua
1194 664 1410 723 Signoria
1441 666 1602 719 Illma.,
1639 674 1684 712 et
1714 669 1799 711 che
1827 668 1871 711 al

230 752 364 783 meno
390 740 716 797 rapresentassi
742 755 769 785 a
797 741 892 786 Sua
918 741 1096 787 Santita
1126 741 1158 785 il
1185 743 1420 787 consultar
1447 743 1493 786 in
1521 745 1705 788 cosa-d'
1741 752 1868 789 tanta

229 815 510 874 importanza
546 818 696 863 alcuni
724 819 940 864 cardinali
968 834 996 863 o
1028 819 1146 874 altri,
1182 821 1305 878 quali
1343 821 1590 879 giudicassi
1621 823 1871 868 haueriano

228 894 352 939 buon
376 910 536 953 parere
564 896 611 940 in
639 904 801 954 questo
827 897 1040 955 negocio,
1075 913 1156 956 per
1185 897 1399 956 maggior
1429 914 1513 944 sua
1544 899 1865 956 satisfattione,

225 972 437 1019 massime
458 974 653 1020 essendo
673 975 719 1018 di
740 989 873 1032 parer
903 975 1007 1020 delli
1036 975 1204 1020 dottori
1232 976 1279 1019 di
1306 977 1366 1030 la,
1397 985 1444 1022 et
1471 976 1517 1020 di
1545 978 1683 1033 quelli
1712 980 1796 1023 che
1827 979 1871 1022 lo

225 1051 466 1096 haueuano
487 1052 688 1096 studiato
708 1052 755 1096 in
776 1067 882 1098 casa
903 1060 1074 1106 nostra,
1101 1054 1355 1099 conforme.
1382 1055 1518 1098 Ando
1540 1054 1693 1099 subito
1714 1055 1745 1098 il
1767 1068 1869 1100 car-·

226 1127 349 1173 dinal
376 1130 451 1174 dal
477 1144 608 1188 papa,
633 1137 681 1175 et
699 1130 822 1188 dipoi
847 1130 909 1174 mi
937 1132 1038 1176 fece
1066 1130 1151 1174 dir’
1176 1133 1262 1176 che
1294 1131 1534 1177 uolentieri
1562 1132 1745 1177 uederia
1775 1135 1870 1178 Sua

228 1207 408 1252 Santita
427 1207 458 1251 li
479 1208 605 1265 dubij
627 1210 714 1254 che
734 1208 775 1253 ci
797 1197 954 1263 erano,
978 1215 1025 1253 et
1045 1210 1131 1253 che
1158 1208 1189 1252 li
1210 1223 1379 1267 pareua
1407 1211 1495 1254 ben
1525 1210 1599 1254 noi
1628 1211 1658 1253 li
1688 1219 1867 1268 portas-

228 1284 360 1340 simo,
385 1292 432 1331 et
452 1286 546 1330 cosi
567 1285 598 1329 il
621 1285 868 1330 medesimo
889 1285 1054 1344 giorno
1076 1286 1106 1329 li
1123 1293 1392 1344 portammo,
1413 1294 1459 1332 et
1475 1287 1507 1330 li
1523 1302 1637 1331 sono
1654 1288 1761 1332 stati
1779 1290 1867 1332 las-

228 1362 334 1407 ciati
354 1362 400 1407 in
422 1378 558 1408 mano
579 1363 610 1407 li
632 1371 815 1421 quattro
842 1363 987 1408 scritti
1015 1363 1163 1409 notati
1190 1379 1272 1422 per
1302 1366 1362 1419 A,
1390 1367 1444 1419 B,
1470 1366 1525 1418 C,
1551 1366 1604 1420 E,
1637 1367 1652 1387 ¹
1683 1367 1767 1411 che
1790 1366 1867 1424 gia

227 1441 408 1485 haueua
428 1441 635 1486 riceuuto
656 1440 702 1485 di
725 1456 861 1486 mano
880 1442 985 1487 dell’
1011 1442 1191 1486 auditor
1212 1443 1340 1488 detto
1368 1442 1398 1486 il
1427 1457 1606 1488 recesso
1634 1443 1708 1487 del
1737 1455 1862 1499 1555.

225 1518 303 1564 Gli
330 1521 525 1565 hauemo
553 1521 700 1564 anche
728 1520 854 1565 detto
880 1518 954 1564 all'
985 1521 1097 1564 hora
1124 1527 1171 1564 et
1200 1522 1278 1564 un'
1311 1521 1424 1564 altra
1450 1521 1574 1564 uolta
1601 1522 1687 1564 che
1710 1520 1739 1564 li
1763 1536 1866 1578 par—

223 1597 343 1642 lamo
363 1596 410 1640 di
431 1604 591 1654 questa
611 1597 816 1652 materia,
842 1598 873 1641 il
901 1605 1060 1642 nostro
1087 1613 1235 1655 parer,
1269 1606 1315 1642 et
1341 1598 1462 1643 resto
1499 1599 1595 1644 Sua
1631 1598 1808 1643 Santita
1840 1614 1866 1643 a

183 1693 203 1712 ο
223 1674 551 1730 considerarlo,
582 1683 629 1721 et
656 1675 699 1720 ci
735 1676 886 1722 esorto
918 1691 945 1720 a
978 1675 1347 1720 raccomandarl'o
1381 1690 1407 1719 a
1443 1675 1570 1719 Iddio
1598 1683 1755 1720 nostro
1792 1676 1869 1721 Si-

223 1767 368 1811 gnore
389 1754 423 1807 ³,
454 1760 500 1798 et
521 1752 665 1811 prima
686 1755 772 1799 che
793 1753 1064 1812 partessimo
1091 1754 1150 1797 da
1177 1753 1252 1807 lei,
1283 1768 1391 1811 pare
1412 1754 1532 1797 daua
1553 1767 1699 1811 segno
1731 1754 1777 1797 di
1806 1754 1868 1797 ri-

223 1830 428 1876 mettersi
449 1831 536 1876 alla
567 1831 831 1877 discrettion
860 1831 966 1877 dell'
996 1831 1142 1875 Illmo.
1174 1831 1344 1888 legato,
1370 1832 1554 1888 quando
1576 1846 1667 1875 non
1692 1831 1737 1874 ui
1760 1830 1869 1875 fossi

225 1923 333 1953 cosa
353 1909 516 1954 alcuna
539 1911 625 1954 che
646 1909 684 1954 si
713 1908 976 1967 approuassi
1003 1915 1040 1962 ⁸,
1065 1923 1093 1952 o
1122 1907 1404 1953 consentisse
1431 1915 1590 1953 contra
1618 1908 1682 1966 gli
1709 1908 1867 1966 dogmi

226 1986 300 2031 del
336 1987 528 2032 concilio
566 1987 832 2042 tridentino,
871 1986 902 2030 il
939 1989 1024 2032 che
1061 2000 1389 2044 procurauamo
1417 1986 1492 2030 noi
1528 1993 1723 2031 mostrar
1759 1986 1868 2030 fossi

224 2065 334 2109 cosi.
367 2066 470 2110 Non
499 2064 710 2110 iudicaua
737 2065 846 2123 pero
868 2065 964 2110 Sua
991 2063 1168 2110 Santita
1197 2063 1459 2121 espediente
1481 2066 1567 2108 che
1595 2063 1757 2107 facessi
1785 2064 1862 2107 ab·

223 2142 370 2186 sentia
390 2143 422 2186 l’
446 2143 588 2187 Illrno.
620 2143 774 2200 legato
796 2143 839 2187 al
860 2149 1011 2199 tempo
1034 2143 1120 2186 che
1142 2141 1179 2185 si
1202 2141 1466 2199 approuassi
1487 2141 1517 2185 il
1541 2155 1720 2187 recesso
1741 2142 1867 2186 detto

292 2288 314 2309 8
352 2279 567 2328 Sequentia
590 2291 713 2328 usque
739 2279 789 2316 ad
810 2280 846 2316 si
869 2279 1114 2328 approuassi
1131 2277 1227 2316 incl.
1250 2277 1383 2316 addita
1410 2284 1501 2315 sunt
1519 2278 1559 2315 in
1577 2289 1702 2325 marg.
1728 2278 1864 2314 eadem

223 2351 354 2377 manu.

293 2449 306 2471 ¹
356 2448 457 2485 Vide
474 2446 590 2495 epist.
610 2445 694 2494 377,
713 2458 752 2484 n.
771 2455 805 2493 1;
824 2451 866 2484 et
883 2445 1057 2495 append.
1078 2446 1149 2483 IX.

294 2511 309 2532 ⁸
358 2507 441 2545 Sub
458 2520 498 2544 n.
517 2506 588 2553 384
610 2507 707 2543 haec
724 2506 959 2543 documenta
977 2517 1093 2554 supra
1111 2505 1216 2542 edita
1234 2511 1346 2545 sunt.

293 2570 310 2591 ³
357 2569 417 2605 Ex
434 2567 509 2611 his,
527 2579 628 2616 quae
645 2565 783 2604 scribit
800 2567 956 2614 Borgia,
970 2565 1177 2614 perspicue
1194 2567 1325 2604 elucet
1341 2566 1467 2604 sancti
1485 2567 1682 2615 pontificis
1700 2564 1866 2615 pruden·

223 2628 278 2666 tia
295 2628 335 2664 in
350 2627 593 2676 gravissimis
611 2626 812 2674 religionis
829 2626 1001 2673 negotiis
1023 2625 1223 2673 gerendis,
1242 2631 1282 2662 et
1304 2632 1451 2675 quanta
1469 2626 1715 2674 benignitate
1739 2633 1779 2663 et
1802 2639 1865 2664 co-

221 2688 358 2725 mitate
370 2686 524 2724 audiret
535 2686 720 2734 egregius
734 2685 800 2723 ille
814 2685 875 2722 vir
887 2686 1051 2723 aliorum
1066 2686 1299 2731 sententias,
1317 2686 1497 2735 quamvis
1515 2699 1537 2722 a
1551 2686 1704 2734 propria
1721 2686 1865 2723 discre-

220 2753 372 2797 pantes.
390 2746 487 2783 Inde
504 2746 623 2783 etiam
639 2746 808 2794 patescit
824 2745 1078 2794 quorumdam
1095 2745 1367 2782 historicorum
1387 2746 1427 2783 in
1445 2748 1548 2783 hunc
1568 2745 1792 2794 pontificem
1807 2746 1864 2783 in-

214 2807 369 2855 justitia
385 2811 427 2843 et
443 2806 683 2851 animositas,
701 2806 794 2842 dum
810 2806 907 2842 haec
931 2810 971 2842 et
988 2805 1131 2841 similia
1153 2804 1203 2841 de
1229 2794 1297 2842 illo
1321 2805 1495 2843 scribere
1519 2817 1597 2842 non
1620 2805 1861 2843 dubitarunt:

218 2869 389 2905 «Verum
411 2868 526 2903 homo
549 2866 797 2914 imperiosus,
817 2871 858 2904 et
873 2866 940 2914 qui
967 2867 1094 2902 nullas
1113 2865 1289 2903 rationes
1314 2867 1508 2904 voluntati
1531 2878 1625 2903 suae
1649 2868 1862 2905 contrarias

216 2927 456 2971 admitteret,
472 2925 606 2963 alteris
624 2926 816 2963 mandatis
837 2926 954 2963 enixe
971 2925 1097 2972 magis
1115 2937 1231 2973 quam
1250 2926 1358 2974 prius
1377 2926 1563 2974 injunxit,
1582 2931 1640 2973 ut,
1660 2926 1693 2963 si
1713 2928 1861 2964 mentio

216 2987 296 3024 ulla
307 2986 356 3023 de
373 2985 575 3033 religionis
592 2986 751 3033 negotio
768 2986 808 3022 in
825 2985 996 3022 comitiis
1012 2984 1141 3031 fieret,
1160 2985 1318 3032 publice
1342 2991 1641 3034 protestaretur,
1659 2992 1699 3022 et
1717 2986 1860 3023 Caesa-

216 3057 300 3083 rem
322 3051 439 3094 atque
463 3045 780 3093 alios‘principes
804 3044 1000 3093 pontificis
1025 3044 1184 3080 nomine
1208 3055 1231 3080 a
1252 3043 1527 3082 communione
1552 3045 1775 3082 Christiana
1793 3058 1861 3082 exa

218 3104 407 3142 eluderet.
426 3104 506 3142 Sed
524 3116 653 3153 neque
670 3104 854 3141 secundis
878 3103 1070 3140 mandatis
1089 3102 1270 3140 minister
1286 3103 1636 3152 [Commendonus]
1654 3105 1750 3141 hero
1772 3117 1859 3152 pru·

219 3163 371 3201 dentior
383 3164 556 3212 paruit...
574 3164 643 3212 [!]»
662 3165 722 3201 Ita
738 3164 964 3211 THUArms,
982 3163 1170 3200 Historia
1186 3164 1252 3200 sui
1271 3166 1477 3212 temporis,
1498 3165 1551 3210 11,
1569 3164 1658 3210 488.
