<?xml version="1.0" encoding="UTF-8"?>
<!DOCTYPE html PUBLIC "-//W3C//DTD XHTML 1.0 Transitional//EN"
    "http://www.w3.org/TR/xhtml1/DTD/xhtml1-transitional.dtd">
<html xmlns="http://www.w3.org/1999/xhtml" xml:lang="en" lang="en">
 <head>
  <title>
</title>
<meta http-equiv="Content-Type" content="text/html;charset=utf-8" />
  <meta name='ocr-system' content='tesseract 3.04.00' />
  <meta name='ocr-capabilities' content='ocr_page ocr_carea ocr_par ocr_line ocrx_word'/>
</head>
<body>
  <div class='ocr_page' id='page_1' title='image "./epistolaephieron03nadauoft_0773.png"; bbox 0 0 2228 3548; ppageno 0'>
   <div class='ocr_carea' id='block_1_1' title="bbox 0 0 125 1269">
    <p class='ocr_par' dir='ltr' id='par_1_1' title="bbox 0 0 125 1269">
     <span class='ocr_line' id='line_1_1' title="bbox 0 0 60 1269; textangle 90"><span class='ocrx_word' id='word_1_1' title='bbox 0 1245 4 1269; x_wconf 57' lang='lat'>*⁷</span> <span class='ocrx_word' id='word_1_2' title='bbox 0 1180 6 1237; x_wconf 57' lang='lat' dir='ltr'>m·</span> <span class='ocrx_word' id='word_1_3' title='bbox 0 291 20 1172; x_wconf 48' lang='lat' dir='ltr'>‘&#39;ww-W</span> <span class='ocrx_word' id='word_1_4' title='bbox 0 271 13 281; x_wconf 62' lang='grc' dir='ltr'><em>Χ</em></span> <span class='ocrx_word' id='word_1_5' title='bbox 0 243 2 251; x_wconf 62' lang='lat'>&#39;</span> <span class='ocrx_word' id='word_1_6' title='bbox 0 0 60 230; x_wconf 38' lang='lat' dir='ltr'>&#39;“W‘fiq</span> 
     </span>
     <span class='ocr_line' id='line_1_2' title="bbox 79 0 95 21; textangle 90"><span class='ocrx_word' id='word_1_7' title='bbox 79 0 95 21; x_wconf 26' lang='grc' dir='ltr'>Αἱ</span> 
     </span>
     <span class='ocr_line' id='line_1_3' title="bbox 97 0 125 28; textangle 90"><span class='ocrx_word' id='word_1_8' title='bbox 97 0 125 28; x_wconf 60' lang='lat' dir='ltr'>f‘</span> 
     </span>
    </p>
   </div>
   <div class='ocr_carea' id='block_1_2' title="bbox 0 1310 15 1703">
    <p class='ocr_par' dir='ltr' id='par_1_2' title="bbox 0 1310 15 1703">
     <span class='ocr_line' id='line_1_4' title="bbox 0 1310 15 1703; textangle 90"><span class='ocrx_word' id='word_1_9' title='bbox 0 1655 15 1703; x_wconf 55' lang='grc' dir='ltr'>ς..</span> <span class='ocrx_word' id='word_1_10' title='bbox 0 1514 8 1639; x_wconf 44' lang='grc' dir='ltr'>ν-ι--κ-..γ</span> <span class='ocrx_word' id='word_1_11' title='bbox 0 1357 13 1498; x_wconf 51' lang='grc' dir='ltr'><strong><em>ν-ψ-.</em></strong></span> <span class='ocrx_word' id='word_1_12' title='bbox 0 1310 3 1342; x_wconf 45' lang='lat'>⁷-</span> 
     </span>
    </p>
   </div>
   <div class='ocr_carea' id='block_1_3' title="bbox 929 272 1891 323">
    <p class='ocr_par' dir='ltr' id='par_1_3' title="bbox 929 272 1891 323">
     <span class='ocr_line' id='line_1_5' title="bbox 929 272 1891 323; baseline 0.008 -11"><span class='ocrx_word' id='word_1_13' title='bbox 929 275 976 312; x_wconf 85' lang='lat'>28</span> <span class='ocrx_word' id='word_1_14' title='bbox 1001 276 1202 323; x_wconf 72' lang='lat' dir='ltr'>JANUARII</span> <span class='ocrx_word' id='word_1_15' title='bbox 1228 282 1319 321; x_wconf 90' lang='lat'>1577</span> <span class='ocrx_word' id='word_1_16' title='bbox 1819 272 1891 320; x_wconf 87' lang='grc'>735</span> 
     </span>
    </p>
   </div>
   <div class='ocr_carea' id='block_1_4' title="bbox 298 376 1938 2436">
    <p class='ocr_par' dir='ltr' id='par_1_4' title="bbox 298 376 1938 2205">
     <span class='ocr_line' id='line_1_6' title="bbox 301 376 1936 438; baseline -0.002 -13"><span class='ocrx_word' id='word_1_17' title='bbox 301 379 541 438; x_wconf 81' lang='lat' dir='ltr'>spirituali,</span> <span class='ocrx_word' id='word_1_18' title='bbox 566 386 612 425; x_wconf 92' lang='lat' dir='ltr'>et</span> <span class='ocrx_word' id='word_1_19' title='bbox 629 384 790 435; x_wconf 81' lang='lat' dir='ltr'><strong>queste</strong></span> <span class='ocrx_word' id='word_1_20' title='bbox 806 384 828 406; x_wconf 76' lang='lat'>²</span> <span class='ocrx_word' id='word_1_21' title='bbox 854 383 1150 435; x_wconf 89' lang='lat' dir='ltr'>augmentate</span> <span class='ocrx_word' id='word_1_22' title='bbox 1174 376 1196 405; x_wconf 78' lang='lat'>¹³</span> <span class='ocrx_word' id='word_1_23' title='bbox 1218 377 1247 432; x_wconf 87' lang='lat'>¹,</span> <span class='ocrx_word' id='word_1_24' title='bbox 1267 377 1382 420; x_wconf 90' lang='lat' dir='ltr'>oltra</span> <span class='ocrx_word' id='word_1_25' title='bbox 1397 376 1456 420; x_wconf 88' lang='lat' dir='ltr'>de</span> <span class='ocrx_word' id='word_1_26' title='bbox 1470 376 1611 420; x_wconf 87' lang='lat' dir='ltr'>molto</span> <span class='ocrx_word' id='word_1_27' title='bbox 1626 377 1715 421; x_wconf 92' lang='lat' dir='ltr'>che</span> <span class='ocrx_word' id='word_1_28' title='bbox 1729 377 1791 420; x_wconf 92' lang='lat' dir='ltr'>ho</span> <span class='ocrx_word' id='word_1_29' title='bbox 1805 376 1936 430; x_wconf 88' lang='lat' dir='ltr'>letto,</span> 
     </span>
     <span class='ocr_line' id='line_1_7' title="bbox 301 453 1938 513; baseline -0.002 -12"><span class='ocrx_word' id='word_1_30' title='bbox 301 464 349 502; x_wconf 85' lang='lat' dir='ltr'>et</span> <span class='ocrx_word' id='word_1_31' title='bbox 365 459 424 501; x_wconf 93' lang='lat' dir='ltr'>ho</span> <span class='ocrx_word' id='word_1_32' title='bbox 441 456 597 501; x_wconf 91' lang='lat' dir='ltr'>scritte</span> <span class='ocrx_word' id='word_1_33' title='bbox 619 457 789 513; x_wconf 88' lang='lat' dir='ltr'>algune</span> <span class='ocrx_word' id='word_1_34' title='bbox 810 453 1128 500; x_wconf 86' lang='lat' dir='ltr'>exhortationi.</span> <span class='ocrx_word' id='word_1_35' title='bbox 1154 455 1353 499; x_wconf 88' lang='lat' dir='ltr'>Restaua</span> <span class='ocrx_word' id='word_1_36' title='bbox 1372 453 1476 498; x_wconf 91' lang='lat' dir='ltr'>finir</span> <span class='ocrx_word' id='word_1_37' title='bbox 1496 453 1539 498; x_wconf 91' lang='lat' dir='ltr'>le</span> <span class='ocrx_word' id='word_1_38' title='bbox 1566 453 1869 499; x_wconf 81' lang='lat' dir='ltr'>exhortationi</span> <span class='ocrx_word' id='word_1_39' title='bbox 1890 461 1938 499; x_wconf 91' lang='lat' dir='ltr'>et</span> 
     </span>
     <span class='ocr_line' id='line_1_8' title="bbox 299 530 1938 591; baseline -0.002 -13"><span class='ocrx_word' id='word_1_40' title='bbox 299 533 474 591; x_wconf 83' lang='lat' dir='ltr'>dialogi</span> <span class='ocrx_word' id='word_1_41' title='bbox 483 539 573 590; x_wconf 81' lang='lat' dir='ltr'>pro</span> <span class='ocrx_word' id='word_1_42' title='bbox 589 534 803 577; x_wconf 75' lang='lat' dir='ltr'>Societate</span> <span class='ocrx_word' id='word_1_43' title='bbox 818 535 976 575; x_wconf 84' lang='lat' dir='ltr'>contra</span> <span class='ocrx_word' id='word_1_44' title='bbox 994 531 1241 574; x_wconf 82' lang='lat' dir='ltr'>haereticos</span> <span class='ocrx_word' id='word_1_45' title='bbox 1257 531 1272 552; x_wconf 79' lang='lat'><strong>¹</strong></span> <span class='ocrx_word' id='word_1_46' title='bbox 1291 537 1338 576; x_wconf 91' lang='lat' dir='ltr'>et</span> <span class='ocrx_word' id='word_1_47' title='bbox 1347 531 1492 584; x_wconf 91' lang='lat' dir='ltr'>Cano,</span> <span class='ocrx_word' id='word_1_48' title='bbox 1506 537 1552 575; x_wconf 91' lang='lat' dir='ltr'>et</span> <span class='ocrx_word' id='word_1_49' title='bbox 1567 531 1612 574; x_wconf 91' lang='lat' dir='ltr'>la</span> <span class='ocrx_word' id='word_1_50' title='bbox 1626 530 1838 588; x_wconf 88' lang='lat' dir='ltr'>apologia</span> <span class='ocrx_word' id='word_1_51' title='bbox 1846 535 1938 588; x_wconf 76' lang='lat' dir='ltr'>pro</span> 
     </span>
     <span class='ocr_line' id='line_1_9' title="bbox 302 607 1937 665; baseline -0.002 -10"><span class='ocrx_word' id='word_1_52' title='bbox 302 612 535 655; x_wconf 79' lang='lat' dir='ltr'>exercitiis</span> <span class='ocrx_word' id='word_1_53' title='bbox 556 611 728 654; x_wconf 81' lang='lat' dir='ltr'>nostris</span> <span class='ocrx_word' id='word_1_54' title='bbox 750 611 781 662; x_wconf 78' lang='lat'>³,</span> <span class='ocrx_word' id='word_1_55' title='bbox 798 616 845 652; x_wconf 90' lang='lat' dir='ltr'>et</span> <span class='ocrx_word' id='word_1_56' title='bbox 866 608 1038 653; x_wconf 87' lang='lat' dir='ltr'>scriuer</span> <span class='ocrx_word' id='word_1_57' title='bbox 1060 611 1220 651; x_wconf 83' lang='lat' dir='ltr'>contra</span> <span class='ocrx_word' id='word_1_58' title='bbox 1241 609 1488 652; x_wconf 80' lang='lat' dir='ltr'>haereticos</span> <span class='ocrx_word' id='word_1_59' title='bbox 1509 609 1566 652; x_wconf 93' lang='lat' dir='ltr'>de</span> <span class='ocrx_word' id='word_1_60' title='bbox 1587 607 1832 665; x_wconf 89' lang='lat' dir='ltr'>proposito.</span> <span class='ocrx_word' id='word_1_61' title='bbox 1859 610 1937 652; x_wconf 91' lang='lat' dir='ltr'>Ma</span> 
     </span>
     <span class='ocr_line' id='line_1_10' title="bbox 306 684 1936 746; baseline -0.001 -15"><span class='ocrx_word' id='word_1_62' title='bbox 306 702 387 746; x_wconf 91' lang='lat' dir='ltr'>per</span> <span class='ocrx_word' id='word_1_63' title='bbox 408 687 686 745; x_wconf 80' lang='lat' dir='ltr'>experientia</span> <span class='ocrx_word' id='word_1_64' title='bbox 707 685 782 743; x_wconf 73' lang='lat' dir='ltr'>gia</span> <span class='ocrx_word' id='word_1_65' title='bbox 803 687 942 743; x_wconf 87' lang='lat' dir='ltr'>longa</span> <span class='ocrx_word' id='word_1_66' title='bbox 961 685 1022 728; x_wconf 91' lang='lat' dir='ltr'>mi</span> <span class='ocrx_word' id='word_1_67' title='bbox 1046 685 1196 730; x_wconf 91' lang='lat' dir='ltr'>veddo</span> <span class='ocrx_word' id='word_1_68' title='bbox 1217 684 1427 729; x_wconf 78' lang='lat' dir='ltr'>debilitat</span> <span class='ocrx_word' id='word_1_69' title='bbox 1448 684 1494 728; x_wconf 93' lang='lat' dir='ltr'>di</span> <span class='ocrx_word' id='word_1_70' title='bbox 1517 685 1579 728; x_wconf 87' lang='lat' dir='ltr'>tal</span> <span class='ocrx_word' id='word_1_71' title='bbox 1600 685 1734 729; x_wconf 91' lang='lat' dir='ltr'>modo</span> <span class='ocrx_word' id='word_1_72' title='bbox 1763 693 1936 741; x_wconf 88' lang='lat' dir='ltr'>quanto</span> 
     </span>
     <span class='ocr_line' id='line_1_11' title="bbox 304 761 1932 822; baseline -0.001 -14"><span class='ocrx_word' id='word_1_73' title='bbox 304 764 380 822; x_wconf 77' lang='lat' dir='ltr'>piu</span> <span class='ocrx_word' id='word_1_74' title='bbox 404 780 475 820; x_wconf 88' lang='lat' dir='ltr'>va,</span> <span class='ocrx_word' id='word_1_75' title='bbox 494 766 578 808; x_wconf 91' lang='lat' dir='ltr'>che</span> <span class='ocrx_word' id='word_1_76' title='bbox 595 778 689 807; x_wconf 92' lang='lat' dir='ltr'>non</span> <span class='ocrx_word' id='word_1_77' title='bbox 709 763 858 808; x_wconf 89' lang='lat' dir='ltr'>veddo</span> <span class='ocrx_word' id='word_1_78' title='bbox 879 776 1010 806; x_wconf 91' lang='lat' dir='ltr'>como</span> <span class='ocrx_word' id='word_1_79' title='bbox 1031 776 1166 819; x_wconf 92' lang='lat' dir='ltr'>posso</span> <span class='ocrx_word' id='word_1_80' title='bbox 1187 761 1264 818; x_wconf 78' lang='lat' dir='ltr'>piu</span> <span class='ocrx_word' id='word_1_81' title='bbox 1287 762 1495 807; x_wconf 82' lang='lat' dir='ltr'>attendet</span> <span class='ocrx_word' id='word_1_82' title='bbox 1511 777 1538 806; x_wconf 90' lang='lat' dir='ltr'>a</span> <span class='ocrx_word' id='word_1_83' title='bbox 1554 761 1694 806; x_wconf 92' lang='lat' dir='ltr'>studii</span> <span class='ocrx_word' id='word_1_84' title='bbox 1711 762 1758 805; x_wconf 88' lang='lat' dir='ltr'>ni</span> <span class='ocrx_word' id='word_1_85' title='bbox 1775 777 1803 805; x_wconf 92' lang='lat' dir='ltr'>a</span> <span class='ocrx_word' id='word_1_86' title='bbox 1819 763 1932 806; x_wconf 90' lang='lat' dir='ltr'>scri-</span> 
     </span>
     <span class='ocr_line' id='line_1_12' title="bbox 304 839 1933 892; baseline -0.001 -6"><span class='ocrx_word' id='word_1_87' title='bbox 304 855 400 887; x_wconf 90' lang='lat' dir='ltr'>uer.</span> <span class='ocrx_word' id='word_1_88' title='bbox 427 844 484 885; x_wconf 90' lang='lat' dir='ltr'>Et</span> <span class='ocrx_word' id='word_1_89' title='bbox 514 841 711 885; x_wconf 86' lang='lat' dir='ltr'>secondo</span> <span class='ocrx_word' id='word_1_90' title='bbox 747 839 776 883; x_wconf 89' lang='lat' dir='ltr'>l’</span> <span class='ocrx_word' id='word_1_91' title='bbox 812 839 1021 883; x_wconf 91' lang='lat' dir='ltr'>instituto</span> <span class='ocrx_word' id='word_1_92' title='bbox 1056 853 1151 882; x_wconf 94' lang='lat' dir='ltr'>non</span> <span class='ocrx_word' id='word_1_93' title='bbox 1188 839 1398 883; x_wconf 89' lang='lat' dir='ltr'>deuendo</span> <span class='ocrx_word' id='word_1_94' title='bbox 1434 846 1529 882; x_wconf 89' lang='lat' dir='ltr'>star</span> <span class='ocrx_word' id='word_1_95' title='bbox 1557 839 1727 892; x_wconf 88' lang='lat' dir='ltr'>ocioso,</span> <span class='ocrx_word' id='word_1_96' title='bbox 1762 846 1810 884; x_wconf 91' lang='lat' dir='ltr'>et</span> <span class='ocrx_word' id='word_1_97' title='bbox 1830 841 1933 884; x_wconf 90' lang='lat' dir='ltr'>solo</span> 
     </span>
     <span class='ocr_line' id='line_1_13' title="bbox 300 916 1934 974; baseline -0.001 -12"><span class='ocrx_word' id='word_1_98' title='bbox 300 920 510 963; x_wconf 79' lang='lat' dir='ltr'>attendet</span> <span class='ocrx_word' id='word_1_99' title='bbox 532 933 559 961; x_wconf 90' lang='lat' dir='ltr'>a</span> <span class='ocrx_word' id='word_1_100' title='bbox 582 933 647 971; x_wconf 87' lang='lat' dir='ltr'>se,</span> <span class='ocrx_word' id='word_1_101' title='bbox 666 917 978 974; x_wconf 87' lang='lat' dir='ltr'>ripresentaua</span> <span class='ocrx_word' id='word_1_102' title='bbox 994 931 1020 960; x_wconf 91' lang='lat' dir='ltr'>a</span> <span class='ocrx_word' id='word_1_103' title='bbox 1042 916 1099 960; x_wconf 93' lang='lat' dir='ltr'>V.</span> <span class='ocrx_word' id='word_1_104' title='bbox 1129 918 1181 960; x_wconf 89' lang='lat' dir='ltr'>P.</span> <span class='ocrx_word' id='word_1_105' title='bbox 1207 916 1249 960; x_wconf 92' lang='lat' dir='ltr'>el</span> <span class='ocrx_word' id='word_1_106' title='bbox 1270 917 1411 960; x_wconf 91' lang='lat' dir='ltr'>andar</span> <span class='ocrx_word' id='word_1_107' title='bbox 1427 931 1453 959; x_wconf 90' lang='lat' dir='ltr'>a</span> <span class='ocrx_word' id='word_1_108' title='bbox 1475 916 1668 961; x_wconf 91' lang='lat' dir='ltr'>Venetia</span> <span class='ocrx_word' id='word_1_109' title='bbox 1680 920 1767 974; x_wconf 73' lang='lat' dir='ltr'>&#39;per</span> <span class='ocrx_word' id='word_1_110' title='bbox 1781 924 1934 962; x_wconf 87' lang='lat' dir='ltr'>atten-</span> 
     </span>
     <span class='ocr_line' id='line_1_14' title="bbox 301 992 1935 1050; baseline -0.002 -10"><span class='ocrx_word' id='word_1_111' title='bbox 301 996 383 1040; x_wconf 89' lang='lat' dir='ltr'>der</span> <span class='ocrx_word' id='word_1_112' title='bbox 405 1010 431 1039; x_wconf 88' lang='lat' dir='ltr'>a</span> <span class='ocrx_word' id='word_1_113' title='bbox 453 995 594 1039; x_wconf 90' lang='lat' dir='ltr'>sentir</span> <span class='ocrx_word' id='word_1_114' title='bbox 614 993 889 1038; x_wconf 87' lang='lat' dir='ltr'>confessioni</span> <span class='ocrx_word' id='word_1_115' title='bbox 911 1000 929 1021; x_wconf 84' lang='lat' dir='ltr'>c</span> <span class='ocrx_word' id='word_1_116' title='bbox 957 999 1004 1038; x_wconf 90' lang='lat' dir='ltr'>et</span> <span class='ocrx_word' id='word_1_117' title='bbox 1023 993 1105 1036; x_wconf 90' lang='lat' dir='ltr'>dar</span> <span class='ocrx_word' id='word_1_118' title='bbox 1126 992 1362 1045; x_wconf 88' lang='lat' dir='ltr'>essercitii,</span> <span class='ocrx_word' id='word_1_119' title='bbox 1387 993 1417 1035; x_wconf 93' lang='lat' dir='ltr'>il</span> <span class='ocrx_word' id='word_1_120' title='bbox 1439 995 1525 1038; x_wconf 91' lang='lat' dir='ltr'>che</span> <span class='ocrx_word' id='word_1_121' title='bbox 1540 994 1711 1050; x_wconf 83' lang='lat' dir='ltr'>alioqui</span> <span class='ocrx_word' id='word_1_122' title='bbox 1732 995 1758 1037; x_wconf 82' lang='lat' dir='ltr'><strong>e</strong></span> <span class='ocrx_word' id='word_1_123' title='bbox 1784 994 1935 1038; x_wconf 90' lang='lat' dir='ltr'>consi-</span> 
     </span>
     <span class='ocr_line' id='line_1_15' title="bbox 299 1069 1932 1125; baseline -0.001 -10"><span class='ocrx_word' id='word_1_124' title='bbox 299 1071 360 1116; x_wconf 92' lang='lat' dir='ltr'>lio</span> <span class='ocrx_word' id='word_1_125' title='bbox 380 1073 427 1116; x_wconf 90' lang='lat' dir='ltr'>di</span> <span class='ocrx_word' id='word_1_126' title='bbox 448 1071 628 1125; x_wconf 91' lang='lat' dir='ltr'>medici;</span> <span class='ocrx_word' id='word_1_127' title='bbox 654 1086 682 1115; x_wconf 96' lang='lat' dir='ltr'>o</span> <span class='ocrx_word' id='word_1_128' title='bbox 703 1085 832 1115; x_wconf 89' lang='lat' dir='ltr'>come</span> <span class='ocrx_word' id='word_1_129' title='bbox 854 1071 912 1115; x_wconf 89' lang='lat' dir='ltr'>V.</span> <span class='ocrx_word' id='word_1_130' title='bbox 940 1072 994 1114; x_wconf 90' lang='grc' dir='ltr'>Ρ.</span> <span class='ocrx_word' id='word_1_131' title='bbox 1019 1069 1169 1123; x_wconf 74' lang='grc' dir='ltr'>νοπεὶ,</span> <span class='ocrx_word' id='word_1_132' title='bbox 1199 1076 1246 1114; x_wconf 91' lang='lat' dir='ltr'>et</span> <span class='ocrx_word' id='word_1_133' title='bbox 1267 1084 1360 1113; x_wconf 93' lang='lat' dir='ltr'>non</span> <span class='ocrx_word' id='word_1_134' title='bbox 1382 1077 1475 1113; x_wconf 89' lang='lat' dir='ltr'>star</span> <span class='ocrx_word' id='word_1_135' title='bbox 1497 1070 1648 1114; x_wconf 91' lang='lat' dir='ltr'>ocioso</span> <span class='ocrx_word' id='word_1_136' title='bbox 1668 1071 1731 1114; x_wconf 92' lang='lat' dir='ltr'>fin</span> <span class='ocrx_word' id='word_1_137' title='bbox 1755 1071 1798 1115; x_wconf 91' lang='lat' dir='ltr'>al</span> <span class='ocrx_word' id='word_1_138' title='bbox 1825 1071 1932 1114; x_wconf 90' lang='lat' dir='ltr'>vlti-</span> 
     </span>
     <span class='ocr_line' id='line_1_16' title="bbox 301 1146 1930 1206; baseline -0.001 -13"><span class='ocrx_word' id='word_1_139' title='bbox 301 1164 375 1193; x_wconf 89' lang='lat' dir='ltr'>mo</span> <span class='ocrx_word' id='word_1_140' title='bbox 397 1149 572 1206; x_wconf 88' lang='lat' dir='ltr'>spiritu.</span> <span class='ocrx_word' id='word_1_141' title='bbox 600 1150 657 1192; x_wconf 91' lang='lat' dir='ltr'>Et</span> <span class='ocrx_word' id='word_1_142' title='bbox 678 1147 794 1201; x_wconf 79' lang='lat' dir='ltr'>cusi,</span> <span class='ocrx_word' id='word_1_143' title='bbox 818 1161 913 1191; x_wconf 91' lang='lat' dir='ltr'>non</span> <span class='ocrx_word' id='word_1_144' title='bbox 934 1146 1192 1191; x_wconf 87' lang='lat' dir='ltr'>essendomi</span> <span class='ocrx_word' id='word_1_145' title='bbox 1222 1147 1478 1191; x_wconf 86' lang='lat' dir='ltr'>necessario</span> <span class='ocrx_word' id='word_1_146' title='bbox 1499 1146 1531 1190; x_wconf 91' lang='lat' dir='ltr'>il</span> <span class='ocrx_word' id='word_1_147' title='bbox 1554 1149 1607 1191; x_wconf 92' lang='lat' dir='ltr'>P.</span> <span class='ocrx_word' id='word_1_148' title='bbox 1632 1148 1875 1191; x_wconf 92' lang='lat' dir='ltr'>Zonhouio</span> <span class='ocrx_word' id='word_1_149' title='bbox 1897 1149 1930 1201; x_wconf 81' lang='lat'>⁴,</span> 
     </span>
     <span class='ocr_line' id='line_1_17' title="bbox 303 1223 1933 1282; baseline 0.001 -14"><span class='ocrx_word' id='word_1_150' title='bbox 303 1232 564 1282; x_wconf 89' lang='lat' dir='ltr'>represento</span> <span class='ocrx_word' id='word_1_151' title='bbox 586 1226 671 1269; x_wconf 89' lang='lat' dir='ltr'>alla</span> <span class='ocrx_word' id='word_1_152' title='bbox 694 1227 746 1268; x_wconf 90' lang='lat' dir='ltr'>P.</span> <span class='ocrx_word' id='word_1_153' title='bbox 767 1226 825 1269; x_wconf 92' lang='lat' dir='ltr'>V.</span> <span class='ocrx_word' id='word_1_154' title='bbox 846 1223 901 1279; x_wconf 92' lang='lat' dir='ltr'>si,</span> <span class='ocrx_word' id='word_1_155' title='bbox 919 1223 1048 1268; x_wconf 89' lang='lat' dir='ltr'>finita</span> <span class='ocrx_word' id='word_1_156' title='bbox 1070 1225 1112 1267; x_wconf 89' lang='lat' dir='ltr'>la</span> <span class='ocrx_word' id='word_1_157' title='bbox 1133 1223 1465 1276; x_wconf 89' lang='lat' dir='ltr'>emendatione,</span> <span class='ocrx_word' id='word_1_158' title='bbox 1484 1232 1531 1268; x_wconf 90' lang='lat' dir='ltr'>et</span> <span class='ocrx_word' id='word_1_159' title='bbox 1552 1226 1693 1268; x_wconf 89' lang='lat' dir='ltr'>sendo</span> <span class='ocrx_word' id='word_1_160' title='bbox 1710 1232 1869 1282; x_wconf 91' lang='lat' dir='ltr'>pacate</span> <span class='ocrx_word' id='word_1_161' title='bbox 1891 1226 1933 1270; x_wconf 84' lang='lat' dir='ltr'>le</span> 
     </span>
     <span class='ocr_line' id='line_1_18' title="bbox 301 1300 1930 1359; baseline 0 -13"><span class='ocrx_word' id='word_1_162' title='bbox 301 1316 411 1348; x_wconf 86' lang='lat' dir='ltr'>cose</span> <span class='ocrx_word' id='word_1_163' title='bbox 431 1303 477 1346; x_wconf 91' lang='lat' dir='ltr'>di</span> <span class='ocrx_word' id='word_1_164' title='bbox 498 1304 534 1346; x_wconf 92' lang='lat' dir='ltr'>F</span> <span class='ocrx_word' id='word_1_165' title='bbox 536 1302 708 1355; x_wconf 89' lang='lat' dir='ltr'>iandra,</span> <span class='ocrx_word' id='word_1_166' title='bbox 727 1302 771 1345; x_wconf 92' lang='lat' dir='ltr'>lo</span> <span class='ocrx_word' id='word_1_167' title='bbox 788 1300 1018 1345; x_wconf 91' lang='lat' dir='ltr'>mandaria</span> <span class='ocrx_word' id='word_1_168' title='bbox 1040 1315 1066 1344; x_wconf 92' lang='lat' dir='ltr'>a</span> <span class='ocrx_word' id='word_1_169' title='bbox 1087 1301 1312 1353; x_wconf 90' lang='lat' dir='ltr'>Anuersa,</span> <span class='ocrx_word' id='word_1_170' title='bbox 1333 1315 1412 1357; x_wconf 90' lang='lat' dir='ltr'>per</span> <span class='ocrx_word' id='word_1_171' title='bbox 1441 1315 1655 1358; x_wconf 89' lang='lat' dir='ltr'>procurar</span> <span class='ocrx_word' id='word_1_172' title='bbox 1675 1303 1716 1345; x_wconf 91' lang='lat' dir='ltr'>la</span> <span class='ocrx_word' id='word_1_173' title='bbox 1739 1309 1930 1359; x_wconf 89' lang='lat' dir='ltr'>stampa,</span> 
     </span>
     <span class='ocr_line' id='line_1_19' title="bbox 305 1378 1931 1436; baseline -0.001 -12"><span class='ocrx_word' id='word_1_174' title='bbox 305 1393 333 1424; x_wconf 91' lang='grc' dir='ltr'>ο</span> <span class='ocrx_word' id='word_1_175' title='bbox 355 1380 393 1423; x_wconf 89' lang='lat' dir='ltr'>si</span> <span class='ocrx_word' id='word_1_176' title='bbox 414 1380 457 1424; x_wconf 76' lang='lat' dir='ltr'>la</span> <span class='ocrx_word' id='word_1_177' title='bbox 478 1394 569 1422; x_wconf 93' lang='lat' dir='ltr'>non</span> <span class='ocrx_word' id='word_1_178' title='bbox 590 1379 628 1422; x_wconf 91' lang='lat' dir='ltr'>si</span> <span class='ocrx_word' id='word_1_179' title='bbox 655 1380 763 1436; x_wconf 76' lang='lat' dir='ltr'>pud,</span> <span class='ocrx_word' id='word_1_180' title='bbox 787 1378 833 1421; x_wconf 91' lang='lat' dir='ltr'>in</span> <span class='ocrx_word' id='word_1_181' title='bbox 858 1378 1064 1431; x_wconf 87' lang='lat' dir='ltr'>Venetia,</span> <span class='ocrx_word' id='word_1_182' title='bbox 1089 1392 1117 1422; x_wconf 97' lang='lat' dir='ltr'>o</span> <span class='ocrx_word' id='word_1_183' title='bbox 1138 1379 1296 1431; x_wconf 87' lang='lat' dir='ltr'>Roma,</span> <span class='ocrx_word' id='word_1_184' title='bbox 1321 1393 1403 1435; x_wconf 88' lang='lat' dir='ltr'>per</span> <span class='ocrx_word' id='word_1_185' title='bbox 1423 1378 1454 1421; x_wconf 89' lang='lat' dir='ltr'>il</span> <span class='ocrx_word' id='word_1_186' title='bbox 1476 1378 1723 1424; x_wconf 89' lang='lat' dir='ltr'>medesimo</span> <span class='ocrx_word' id='word_1_187' title='bbox 1752 1381 1931 1433; x_wconf 87' lang='lat' dir='ltr'>effecto;</span> 
     </span>
     <span class='ocr_line' id='line_1_20' title="bbox 303 1454 1930 1514; baseline 0 -14"><span class='ocrx_word' id='word_1_188' title='bbox 303 1457 472 1514; x_wconf 77' lang='lat' dir='ltr'>perche</span> <span class='ocrx_word' id='word_1_189' title='bbox 499 1471 605 1512; x_wconf 89' lang='lat' dir='ltr'>pare</span> <span class='ocrx_word' id='word_1_190' title='bbox 627 1457 711 1499; x_wconf 92' lang='lat' dir='ltr'>che</span> <span class='ocrx_word' id='word_1_191' title='bbox 739 1455 804 1499; x_wconf 87' lang='lat' dir='ltr'>sia</span> <span class='ocrx_word' id='word_1_192' title='bbox 832 1454 1088 1500; x_wconf 89' lang='lat' dir='ltr'>necessario</span> <span class='ocrx_word' id='word_1_193' title='bbox 1114 1458 1160 1497; x_wconf 83' lang='lat' dir='ltr'>vt</span> <span class='ocrx_word' id='word_1_194' title='bbox 1186 1456 1364 1511; x_wconf 78' lang='lat' dir='ltr'>praesit</span> <span class='ocrx_word' id='word_1_195' title='bbox 1389 1456 1538 1511; x_wconf 84' lang='lat' dir='ltr'>prelo;</span> <span class='ocrx_word' id='word_1_196' title='bbox 1566 1456 1737 1512; x_wconf 85' lang='lat' dir='ltr'>alioqui</span> <span class='ocrx_word' id='word_1_197' title='bbox 1763 1456 1930 1509; x_wconf 93' lang='lat' dir='ltr'>iudico,</span> 
     </span>
     <span class='ocr_line' id='line_1_21' title="bbox 301 1531 1933 1589; baseline -0.001 -12"><span class='ocrx_word' id='word_1_198' title='bbox 301 1534 501 1578; x_wconf 88' lang='lat' dir='ltr'>secondo</span> <span class='ocrx_word' id='word_1_199' title='bbox 522 1535 608 1578; x_wconf 91' lang='lat' dir='ltr'>che</span> <span class='ocrx_word' id='word_1_200' title='bbox 630 1532 794 1584; x_wconf 92' lang='lat' dir='ltr'>veddo,</span> <span class='ocrx_word' id='word_1_201' title='bbox 815 1534 900 1577; x_wconf 92' lang='lat' dir='ltr'>che</span> <span class='ocrx_word' id='word_1_202' title='bbox 922 1546 1015 1575; x_wconf 94' lang='lat' dir='ltr'>non</span> <span class='ocrx_word' id='word_1_203' title='bbox 1037 1538 1157 1577; x_wconf 88' lang='lat' dir='ltr'>reste</span> <span class='ocrx_word' id='word_1_204' title='bbox 1176 1531 1224 1575; x_wconf 93' lang='lat' dir='ltr'>in</span> <span class='ocrx_word' id='word_1_205' title='bbox 1246 1539 1406 1588; x_wconf 91' lang='lat' dir='ltr'>questa</span> <span class='ocrx_word' id='word_1_206' title='bbox 1427 1532 1677 1589; x_wconf 89' lang='lat' dir='ltr'>prouincia.</span> <span class='ocrx_word' id='word_1_207' title='bbox 1699 1534 1773 1577; x_wconf 93' lang='lat' dir='ltr'>Ho</span> <span class='ocrx_word' id='word_1_208' title='bbox 1795 1533 1933 1578; x_wconf 89' lang='lat' dir='ltr'>serito</span> 
     </span>
     <span class='ocr_line' id='line_1_22' title="bbox 298 1609 1929 1666; baseline 0.001 -13"><span class='ocrx_word' id='word_1_209' title='bbox 298 1609 377 1666; x_wconf 75' lang='lat' dir='ltr'>gia</span> <span class='ocrx_word' id='word_1_210' title='bbox 401 1610 555 1653; x_wconf 90' lang='lat' dir='ltr'>auanti</span> <span class='ocrx_word' id='word_1_211' title='bbox 577 1611 662 1652; x_wconf 93' lang='lat' dir='ltr'>che</span> <span class='ocrx_word' id='word_1_212' title='bbox 689 1609 846 1653; x_wconf 93' lang='lat' dir='ltr'>ordine</span> <span class='ocrx_word' id='word_1_213' title='bbox 868 1609 926 1652; x_wconf 79' lang='lat' dir='ltr'>da</span> <span class='ocrx_word' id='word_1_214' title='bbox 953 1610 1010 1653; x_wconf 93' lang='lat' dir='ltr'>V.</span> <span class='ocrx_word' id='word_1_215' title='bbox 1045 1610 1096 1653; x_wconf 91' lang='lat' dir='ltr'>P.</span> <span class='ocrx_word' id='word_1_216' title='bbox 1130 1611 1215 1653; x_wconf 90' lang='lat' dir='ltr'>che</span> <span class='ocrx_word' id='word_1_217' title='bbox 1246 1609 1401 1653; x_wconf 75' lang='lat' dir='ltr'>sisara</span> <span class='ocrx_word' id='word_1_218' title='bbox 1438 1609 1544 1654; x_wconf 89' lang='lat' dir='ltr'>delli</span> <span class='ocrx_word' id='word_1_219' title='bbox 1565 1610 1666 1653; x_wconf 88' lang='lat' dir='ltr'>libri</span> <span class='ocrx_word' id='word_1_220' title='bbox 1701 1618 1747 1654; x_wconf 93' lang='lat' dir='ltr'>et</span> <span class='ocrx_word' id='word_1_221' title='bbox 1770 1611 1929 1654; x_wconf 86' lang='lat' dir='ltr'>scritti.</span> 
     </span>
     <span class='ocr_line' id='line_1_23' title="bbox 302 1685 1934 1744; baseline 0.001 -14"><span class='ocrx_word' id='word_1_222' title='bbox 302 1687 626 1732; x_wconf 90' lang='lat' dir='ltr'>Ultimamente</span> <span class='ocrx_word' id='word_1_223' title='bbox 642 1685 879 1730; x_wconf 89' lang='lat' dir='ltr'>aduertiua</span> <span class='ocrx_word' id='word_1_224' title='bbox 905 1686 950 1729; x_wconf 90' lang='lat' dir='ltr'>la</span> <span class='ocrx_word' id='word_1_225' title='bbox 973 1687 1024 1729; x_wconf 91' lang='lat' dir='ltr'>P.</span> <span class='ocrx_word' id='word_1_226' title='bbox 1047 1687 1104 1730; x_wconf 90' lang='lat' dir='ltr'><strong>V.</strong></span> <span class='ocrx_word' id='word_1_227' title='bbox 1129 1687 1215 1730; x_wconf 89' lang='lat' dir='ltr'>che</span> <span class='ocrx_word' id='word_1_228' title='bbox 1235 1686 1282 1730; x_wconf 91' lang='lat' dir='ltr'>io</span> <span class='ocrx_word' id='word_1_229' title='bbox 1296 1688 1358 1730; x_wconf 92' lang='lat' dir='ltr'>ho</span> <span class='ocrx_word' id='word_1_230' title='bbox 1379 1687 1598 1743; x_wconf 87' lang='lat' dir='ltr'>comprati</span> <span class='ocrx_word' id='word_1_231' title='bbox 1620 1687 1721 1730; x_wconf 88' lang='lat' dir='ltr'>libri</span> <span class='ocrx_word' id='word_1_232' title='bbox 1743 1701 1823 1744; x_wconf 89' lang='lat' dir='ltr'>per</span> <span class='ocrx_word' id='word_1_233' title='bbox 1851 1689 1934 1732; x_wconf 88' lang='lat'>116</span> 
     </span>
     <span class='ocr_line' id='line_1_24' title="bbox 302 1762 1931 1820; baseline 0 -13"><span class='ocrx_word' id='word_1_234' title='bbox 302 1763 467 1817; x_wconf 90' lang='lat' dir='ltr'>fiorini,</span> <span class='ocrx_word' id='word_1_235' title='bbox 491 1764 564 1807; x_wconf 90' lang='lat' dir='ltr'>del</span> <span class='ocrx_word' id='word_1_236' title='bbox 592 1763 764 1807; x_wconf 89' lang='lat' dir='ltr'>credito</span> <span class='ocrx_word' id='word_1_237' title='bbox 786 1764 871 1807; x_wconf 93' lang='lat' dir='ltr'>che</span> <span class='ocrx_word' id='word_1_238' title='bbox 892 1762 954 1805; x_wconf 90' lang='lat' dir='ltr'>mi</span> <span class='ocrx_word' id='word_1_239' title='bbox 991 1763 1090 1807; x_wconf 89' lang='lat' dir='ltr'>fece</span> <span class='ocrx_word' id='word_1_240' title='bbox 1127 1763 1184 1807; x_wconf 90' lang='lat' dir='ltr'><strong>V.</strong></span> <span class='ocrx_word' id='word_1_241' title='bbox 1212 1764 1265 1807; x_wconf 93' lang='lat' dir='ltr'><strong>P.</strong></span> <span class='ocrx_word' id='word_1_242' title='bbox 1291 1762 1313 1791; x_wconf 78' lang='lat'>‘¹</span> <span class='ocrx_word' id='word_1_243' title='bbox 1338 1763 1385 1807; x_wconf 94' lang='lat' dir='ltr'>di</span> <span class='ocrx_word' id='word_1_244' title='bbox 1428 1776 1508 1807; x_wconf 92' lang='lat'>100</span> <span class='ocrx_word' id='word_1_245' title='bbox 1537 1774 1602 1817; x_wconf 79' lang='grc' dir='ltr'>Δς</span> <span class='ocrx_word' id='word_1_246' title='bbox 1642 1771 1687 1808; x_wconf 93' lang='lat' dir='ltr'>et</span> <span class='ocrx_word' id='word_1_247' title='bbox 1723 1764 1871 1820; x_wconf 89' lang='lat' dir='ltr'>questi</span> <span class='ocrx_word' id='word_1_248' title='bbox 1893 1765 1931 1807; x_wconf 85' lang='lat' dir='ltr'>si</span> 
     </span>
     <span class='ocr_line' id='line_1_25' title="bbox 303 1838 1931 1898; baseline 0.001 -14"><span class='ocrx_word' id='word_1_249' title='bbox 303 1842 456 1884; x_wconf 90' lang='lat' dir='ltr'>hanno</span> <span class='ocrx_word' id='word_1_250' title='bbox 477 1840 523 1884; x_wconf 93' lang='lat' dir='ltr'>di</span> <span class='ocrx_word' id='word_1_251' title='bbox 543 1854 712 1896; x_wconf 84' lang='lat' dir='ltr'>pagare</span> <span class='ocrx_word' id='word_1_252' title='bbox 739 1840 781 1882; x_wconf 91' lang='lat' dir='ltr'>al</span> <span class='ocrx_word' id='word_1_253' title='bbox 810 1840 1015 1884; x_wconf 90' lang='lat' dir='ltr'>Octubre</span> <span class='ocrx_word' id='word_1_254' title='bbox 1035 1838 1274 1896; x_wconf 89' lang='lat' dir='ltr'>prossimo,</span> <span class='ocrx_word' id='word_1_255' title='bbox 1298 1847 1344 1885; x_wconf 88' lang='lat' dir='ltr'>et</span> <span class='ocrx_word' id='word_1_256' title='bbox 1363 1842 1390 1884; x_wconf 78' lang='lat' dir='ltr'><strong>e</strong></span> <span class='ocrx_word' id='word_1_257' title='bbox 1410 1840 1612 1898; x_wconf 87' lang='lat' dir='ltr'>obligato</span> <span class='ocrx_word' id='word_1_258' title='bbox 1634 1842 1675 1884; x_wconf 92' lang='lat' dir='ltr'>al</span> <span class='ocrx_word' id='word_1_259' title='bbox 1709 1841 1879 1885; x_wconf 88' lang='lat' dir='ltr'>Villero</span> <span class='ocrx_word' id='word_1_260' title='bbox 1901 1842 1931 1885; x_wconf 92' lang='lat' dir='ltr'>il</span> 
     </span>
     <span class='ocr_line' id='line_1_26' title="bbox 306 1916 1931 1975; baseline 0.001 -14"><span class='ocrx_word' id='word_1_261' title='bbox 306 1926 454 1962; x_wconf 91' lang='lat' dir='ltr'>rector</span> <span class='ocrx_word' id='word_1_262' title='bbox 474 1917 520 1961; x_wconf 91' lang='lat' dir='ltr'>di</span> <span class='ocrx_word' id='word_1_263' title='bbox 542 1925 703 1974; x_wconf 90' lang='lat' dir='ltr'>questo</span> <span class='ocrx_word' id='word_1_264' title='bbox 724 1917 933 1974; x_wconf 86' lang='lat' dir='ltr'>collegiO,</span> <span class='ocrx_word' id='word_1_265' title='bbox 959 1924 1004 1962; x_wconf 92' lang='lat' dir='ltr'>et</span> <span class='ocrx_word' id='word_1_266' title='bbox 1025 1916 1233 1974; x_wconf 90' lang='lat' dir='ltr'>significa</span> <span class='ocrx_word' id='word_1_267' title='bbox 1249 1917 1324 1975; x_wconf 73' lang='lat' dir='ltr'>gia</span> <span class='ocrx_word' id='word_1_268' title='bbox 1340 1919 1427 1962; x_wconf 89' lang='lat' dir='ltr'>che</span> <span class='ocrx_word' id='word_1_269' title='bbox 1443 1934 1501 1963; x_wconf 92' lang='lat' dir='ltr'>en</span> <span class='ocrx_word' id='word_1_270' title='bbox 1522 1918 1709 1963; x_wconf 87' lang='lat' dir='ltr'>nissuna</span> <span class='ocrx_word' id='word_1_271' title='bbox 1730 1919 1931 1964; x_wconf 90' lang='lat' dir='ltr'>maniera</span> 
     </span>
     <span class='ocr_line' id='line_1_27' title="bbox 303 1993 1933 2052; baseline 0.001 -15"><span class='ocrx_word' id='word_1_272' title='bbox 303 1995 526 2038; x_wconf 89' lang='lat' dir='ltr'>vorrebbe</span> <span class='ocrx_word' id='word_1_273' title='bbox 541 1995 588 2039; x_wconf 91' lang='lat' dir='ltr'>ni</span> <span class='ocrx_word' id='word_1_274' title='bbox 603 1998 694 2052; x_wconf 82' lang='lat' dir='ltr'>puo</span> <span class='ocrx_word' id='word_1_275' title='bbox 710 2009 868 2052; x_wconf 84' lang='lat' dir='ltr'>pagar,</span> <span class='ocrx_word' id='word_1_276' title='bbox 888 1994 1023 2038; x_wconf 90' lang='lat' dir='ltr'>etiam</span> <span class='ocrx_word' id='word_1_277' title='bbox 1045 1994 1083 2038; x_wconf 90' lang='lat' dir='ltr'>si</span> <span class='ocrx_word' id='word_1_278' title='bbox 1104 1993 1169 2051; x_wconf 88' lang='lat' dir='ltr'>gli</span> <span class='ocrx_word' id='word_1_279' title='bbox 1190 1995 1297 2038; x_wconf 91' lang='lat' dir='ltr'>doni</span> <span class='ocrx_word' id='word_1_280' title='bbox 1318 1996 1375 2039; x_wconf 93' lang='lat' dir='ltr'><strong>V.</strong></span> <span class='ocrx_word' id='word_1_281' title='bbox 1397 1997 1450 2039; x_wconf 94' lang='lat' dir='ltr'><strong>P.</strong></span> <span class='ocrx_word' id='word_1_282' title='bbox 1477 1995 1582 2039; x_wconf 89' lang='lat' dir='ltr'>tutti</span> <span class='ocrx_word' id='word_1_283' title='bbox 1599 1995 1662 2052; x_wconf 88' lang='lat' dir='ltr'>gli</span> <span class='ocrx_word' id='word_1_284' title='bbox 1679 1996 1779 2039; x_wconf 87' lang='lat' dir='ltr'>libri</span> <span class='ocrx_word' id='word_1_285' title='bbox 1802 2011 1933 2040; x_wconf 92' lang='lat' dir='ltr'>com-</span> 
     </span>
     <span class='ocr_line' id='line_1_28' title="bbox 302 2071 1932 2130; baseline 0.002 -16"><span class='ocrx_word' id='word_1_286' title='bbox 302 2071 454 2127; x_wconf 89' lang='lat' dir='ltr'>pratti.</span> <span class='ocrx_word' id='word_1_287' title='bbox 480 2073 537 2115; x_wconf 93' lang='lat' dir='ltr'><strong>V.</strong></span> <span class='ocrx_word' id='word_1_288' title='bbox 566 2074 616 2115; x_wconf 92' lang='lat' dir='ltr'><strong>P.</strong></span> <span class='ocrx_word' id='word_1_289' title='bbox 644 2071 875 2128; x_wconf 91' lang='lat' dir='ltr'>prouedda</span> <span class='ocrx_word' id='word_1_290' title='bbox 896 2085 975 2126; x_wconf 92' lang='lat' dir='ltr'>per</span> <span class='ocrx_word' id='word_1_291' title='bbox 995 2071 1025 2113; x_wconf 94' lang='lat' dir='ltr'>l’</span> <span class='ocrx_word' id='word_1_292' title='bbox 1049 2085 1179 2114; x_wconf 90' lang='lat' dir='ltr'>amor</span> <span class='ocrx_word' id='word_1_293' title='bbox 1199 2072 1273 2115; x_wconf 93' lang='lat' dir='ltr'>del</span> <span class='ocrx_word' id='word_1_294' title='bbox 1294 2071 1476 2129; x_wconf 82' lang='lat' dir='ltr'>Signor.</span> <span class='ocrx_word' id='word_1_295' title='bbox 1497 2072 1574 2117; x_wconf 91' lang='lat' dir='ltr'>Gli</span> <span class='ocrx_word' id='word_1_296' title='bbox 1596 2072 1696 2115; x_wconf 90' lang='lat' dir='ltr'>libri</span> <span class='ocrx_word' id='word_1_297' title='bbox 1718 2073 1932 2130; x_wconf 88' lang='lat' dir='ltr'>vagliono</span> 
     </span>
     <span class='ocr_line' id='line_1_29' title="bbox 304 2148 1926 2207; baseline 0.001 -16"><span class='ocrx_word' id='word_1_298' title='bbox 304 2148 421 2191; x_wconf 83' lang='lat' dir='ltr'>assai</span> <span class='ocrx_word' id='word_1_299' title='bbox 441 2148 534 2204; x_wconf 82' lang='lat' dir='ltr'>piu.</span> <span class='ocrx_word' id='word_1_300' title='bbox 562 2148 624 2192; x_wconf 91' lang='lat' dir='ltr'>Mi</span> <span class='ocrx_word' id='word_1_301' title='bbox 646 2162 771 2200; x_wconf 92' lang='lat' dir='ltr'>curo,</span> <span class='ocrx_word' id='word_1_302' title='bbox 800 2148 963 2200; x_wconf 91' lang='lat' dir='ltr'>Padre,</span> <span class='ocrx_word' id='word_1_303' title='bbox 982 2148 1101 2192; x_wconf 91' lang='lat' dir='ltr'>della</span> <span class='ocrx_word' id='word_1_304' title='bbox 1121 2154 1295 2205; x_wconf 88' lang='lat' dir='ltr'>stampa</span> <span class='ocrx_word' id='word_1_305' title='bbox 1316 2149 1361 2192; x_wconf 86' lang='lat' dir='ltr'>di</span> <span class='ocrx_word' id='word_1_306' title='bbox 1382 2149 1470 2194; x_wconf 91' lang='lat' dir='ltr'>mei</span> <span class='ocrx_word' id='word_1_307' title='bbox 1491 2149 1635 2193; x_wconf 88' lang='lat' dir='ltr'>scritti</span> <span class='ocrx_word' id='word_1_308' title='bbox 1658 2157 1703 2193; x_wconf 91' lang='lat' dir='ltr'>et</span> <span class='ocrx_word' id='word_1_309' title='bbox 1724 2150 1926 2207; x_wconf 86' lang='lat' dir='ltr'>imagini,</span> 
     </span>
    </p>

    <p class='ocr_par' dir='ltr' id='par_1_5' title="bbox 301 2224 1931 2436">
     <span class='ocr_line' id='line_1_30' title="bbox 301 2224 1931 2284; baseline 0.002 -17"><span class='ocrx_word' id='word_1_310' title='bbox 301 2237 380 2280; x_wconf 91' lang='lat' dir='ltr'>per</span> <span class='ocrx_word' id='word_1_311' title='bbox 401 2224 659 2268; x_wconf 89' lang='lat' dir='ltr'>obedientia</span> <span class='ocrx_word' id='word_1_312' title='bbox 679 2225 725 2268; x_wconf 92' lang='lat' dir='ltr'>di</span> <span class='ocrx_word' id='word_1_313' title='bbox 754 2226 811 2269; x_wconf 91' lang='lat' dir='ltr'><strong>V.</strong></span> <span class='ocrx_word' id='word_1_314' title='bbox 840 2227 912 2278; x_wconf 90' lang='lat' dir='ltr'><strong>P.;</strong></span> <span class='ocrx_word' id='word_1_315' title='bbox 938 2225 1109 2281; x_wconf 74' lang='lat' dir='ltr'>alloqui</span> <span class='ocrx_word' id='word_1_316' title='bbox 1135 2224 1212 2281; x_wconf 79' lang='lat' dir='ltr'>gia</span> <span class='ocrx_word' id='word_1_317' title='bbox 1232 2227 1291 2269; x_wconf 94' lang='lat' dir='ltr'>ho</span> <span class='ocrx_word' id='word_1_318' title='bbox 1319 2234 1628 2283; x_wconf 91' lang='lat' dir='ltr'>representato</span> <span class='ocrx_word' id='word_1_319' title='bbox 1657 2227 1687 2269; x_wconf 94' lang='lat' dir='ltr'>il</span> <span class='ocrx_word' id='word_1_320' title='bbox 1715 2227 1804 2270; x_wconf 91' lang='lat' dir='ltr'>mio</span> <span class='ocrx_word' id='word_1_321' title='bbox 1824 2227 1931 2284; x_wconf 89' lang='lat' dir='ltr'>giu-</span> 
     </span>
     <span class='ocr_line' id='line_1_31' title="bbox 302 2300 1929 2358; baseline 0.003 -15"><span class='ocrx_word' id='word_1_322' title='bbox 302 2300 419 2344; x_wconf 91' lang='lat' dir='ltr'>dicio</span> <span class='ocrx_word' id='word_1_323' title='bbox 440 2316 520 2358; x_wconf 92' lang='lat' dir='ltr'>per</span> <span class='ocrx_word' id='word_1_324' title='bbox 541 2302 570 2344; x_wconf 92' lang='lat' dir='ltr'>il</span> <span class='ocrx_word' id='word_1_325' title='bbox 594 2303 645 2345; x_wconf 91' lang='lat' dir='ltr'><strong>P.</strong></span> <span class='ocrx_word' id='word_1_326' title='bbox 675 2302 909 2346; x_wconf 89' lang='lat' dir='ltr'>Ximenez.</span> <span class='ocrx_word' id='word_1_327' title='bbox 942 2302 1005 2353; x_wconf 91' lang='lat'>10,</span> <span class='ocrx_word' id='word_1_328' title='bbox 1038 2303 1200 2354; x_wconf 90' lang='lat' dir='ltr'>Padre,</span> <span class='ocrx_word' id='word_1_329' title='bbox 1234 2317 1317 2346; x_wconf 90' lang='lat' dir='ltr'>son</span> <span class='ocrx_word' id='word_1_330' title='bbox 1338 2303 1520 2357; x_wconf 93' lang='lat' dir='ltr'>vechio,</span> <span class='ocrx_word' id='word_1_331' title='bbox 1556 2312 1602 2347; x_wconf 90' lang='lat' dir='ltr'>et</span> <span class='ocrx_word' id='word_1_332' title='bbox 1637 2306 1856 2358; x_wconf 90' lang='lat' dir='ltr'>enfermo,</span> <span class='ocrx_word' id='word_1_333' title='bbox 1881 2312 1929 2348; x_wconf 92' lang='lat' dir='ltr'>et</span> 
     </span>
     <span class='ocr_line' id='line_1_32' title="bbox 301 2377 1927 2436; baseline 0.002 -16"><span class='ocrx_word' id='word_1_334' title='bbox 301 2377 551 2431; x_wconf 89' lang='lat' dir='ltr'>debilitato,</span> <span class='ocrx_word' id='word_1_335' title='bbox 576 2393 649 2421; x_wconf 91' lang='lat' dir='ltr'>ma</span> <span class='ocrx_word' id='word_1_336' title='bbox 671 2380 730 2422; x_wconf 93' lang='lat' dir='ltr'>ho</span> <span class='ocrx_word' id='word_1_337' title='bbox 750 2378 930 2434; x_wconf 88' lang='lat' dir='ltr'>miglior</span> <span class='ocrx_word' id='word_1_338' title='bbox 951 2385 997 2421; x_wconf 92' lang='lat' dir='ltr'>et</span> <span class='ocrx_word' id='word_1_339' title='bbox 1025 2377 1103 2434; x_wconf 81' lang='lat' dir='ltr'>piu</span> <span class='ocrx_word' id='word_1_340' title='bbox 1130 2379 1368 2436; x_wconf 88' lang='lat' dir='ltr'>gagliardo</span> <span class='ocrx_word' id='word_1_341' title='bbox 1396 2380 1546 2424; x_wconf 88' lang='lat' dir='ltr'>animo</span> <span class='ocrx_word' id='word_1_342' title='bbox 1567 2388 1585 2408; x_wconf 54' lang='grc' dir='ltr'>θ</span> <span class='ocrx_word' id='word_1_343' title='bbox 1615 2382 1703 2425; x_wconf 90' lang='lat' dir='ltr'>che</span> <span class='ocrx_word' id='word_1_344' title='bbox 1725 2381 1811 2424; x_wconf 89' lang='lat' dir='ltr'>mai</span> <span class='ocrx_word' id='word_1_345' title='bbox 1839 2395 1927 2424; x_wconf 91' lang='lat' dir='ltr'>con</span> 
     </span>
    </p>
   </div>
   <div class='ocr_carea' id='block_1_5' title="bbox 306 2452 569 2460">
    <p class='ocr_par' dir='ltr' id='par_1_6' title="bbox 306 2452 569 2460">
     <span class='ocr_line' id='line_1_33' title="bbox 306 2452 569 2460; baseline 0 0"><span class='ocrx_word' id='word_1_346' title='bbox 306 2452 569 2460; x_wconf 95' lang='lat' dir='ltr'> </span> 
     </span>
    </p>
   </div>
   <div class='ocr_carea' id='block_1_6' title="bbox 303 2477 1928 2643">
    <p class='ocr_par' dir='ltr' id='par_1_7' title="bbox 303 2477 1928 2643">
     <span class='ocr_line' id='line_1_34' title="bbox 375 2477 1928 2528; baseline 0.003 -16"><span class='ocrx_word' id='word_1_347' title='bbox 375 2484 396 2505; x_wconf 72' lang='lat' dir='ltr'><strong>a</strong></span> <span class='ocrx_word' id='word_1_348' title='bbox 434 2477 521 2513; x_wconf 92' lang='lat' dir='ltr'>Hoc</span> <span class='ocrx_word' id='word_1_349' title='bbox 543 2478 653 2513; x_wconf 88' lang='lat' dir='ltr'>verb.</span> <span class='ocrx_word' id='word_1_350' title='bbox 680 2489 796 2525; x_wconf 92' lang='lat' dir='ltr'>supra</span> <span class='ocrx_word' id='word_1_351' title='bbox 820 2489 922 2513; x_wconf 90' lang='lat' dir='ltr'>vers.</span> <span class='ocrx_word' id='word_1_352' title='bbox 949 2477 1098 2513; x_wconf 86' lang='lat' dir='ltr'>addidit</span> <span class='ocrx_word' id='word_1_353' title='bbox 1122 2478 1242 2513; x_wconf 84' lang='lat' dir='ltr'>N.-—b</span> <span class='ocrx_word' id='word_1_354' title='bbox 1266 2488 1305 2515; x_wconf 93' lang='lat'>11</span> <span class='ocrx_word' id='word_1_355' title='bbox 1331 2482 1452 2517; x_wconf 88' lang='lat' dir='ltr'>verba</span> <span class='ocrx_word' id='word_1_356' title='bbox 1475 2493 1583 2528; x_wconf 89' lang='lat' dir='ltr'><strong>seqq.</strong></span> <span class='ocrx_word' id='word_1_357' title='bbox 1611 2481 1650 2516; x_wconf 92' lang='lat' dir='ltr'>in</span> <span class='ocrx_word' id='word_1_358' title='bbox 1675 2493 1794 2527; x_wconf 91' lang='lat' dir='ltr'>marg.</span> <span class='ocrx_word' id='word_1_359' title='bbox 1822 2481 1928 2518; x_wconf 89' lang='lat' dir='ltr'>addi-</span> 
     </span>
     <span class='ocr_line' id='line_1_35' title="bbox 303 2535 1926 2587; baseline 0.004 -16"><span class='ocrx_word' id='word_1_360' title='bbox 303 2535 361 2571; x_wconf 88' lang='lat' dir='ltr'>dit</span> <span class='ocrx_word' id='word_1_361' title='bbox 378 2537 427 2571; x_wconf 91' lang='lat' dir='ltr'>N.</span> <span class='ocrx_word' id='word_1_362' title='bbox 438 2544 498 2564; x_wconf 80' lang='lat' dir='ltr'>—c</span> <span class='ocrx_word' id='word_1_363' title='bbox 514 2535 536 2572; x_wconf 89' lang='lat'>3</span> <span class='ocrx_word' id='word_1_364' title='bbox 554 2538 674 2573; x_wconf 89' lang='lat' dir='ltr'>verba</span> <span class='ocrx_word' id='word_1_365' title='bbox 690 2549 798 2584; x_wconf 92' lang='lat' dir='ltr'><strong>seqq.</strong></span> <span class='ocrx_word' id='word_1_366' title='bbox 819 2548 934 2583; x_wconf 87' lang='lat' dir='ltr'>supra</span> <span class='ocrx_word' id='word_1_367' title='bbox 951 2548 1054 2573; x_wconf 84' lang='lat' dir='ltr'>vers.</span> <span class='ocrx_word' id='word_1_368' title='bbox 1074 2537 1222 2574; x_wconf 89' lang='lat' dir='ltr'>addidit</span> <span class='ocrx_word' id='word_1_369' title='bbox 1239 2539 1361 2575; x_wconf 82' lang='lat' dir='ltr'>N.-d</span> <span class='ocrx_word' id='word_1_370' title='bbox 1380 2539 1403 2575; x_wconf 88' lang='lat'>3</span> <span class='ocrx_word' id='word_1_371' title='bbox 1422 2542 1542 2576; x_wconf 90' lang='lat' dir='ltr'>verba</span> <span class='ocrx_word' id='word_1_372' title='bbox 1559 2552 1666 2587; x_wconf 89' lang='lat' dir='ltr'><strong>seqq.</strong></span> <span class='ocrx_word' id='word_1_373' title='bbox 1688 2552 1803 2587; x_wconf 87' lang='lat' dir='ltr'>supra</span> <span class='ocrx_word' id='word_1_374' title='bbox 1821 2553 1926 2578; x_wconf 91' lang='lat' dir='ltr'>vers.</span> 
     </span>
     <span class='ocr_line' id='line_1_36' title="bbox 303 2594 1304 2643; baseline 0.003 -12"><span class='ocrx_word' id='word_1_375' title='bbox 303 2594 452 2631; x_wconf 86' lang='lat' dir='ltr'>addidit</span> <span class='ocrx_word' id='word_1_376' title='bbox 470 2595 589 2631; x_wconf 86' lang='lat' dir='ltr'><strong>N.-e</strong></span> <span class='ocrx_word' id='word_1_377' title='bbox 605 2597 691 2632; x_wconf 91' lang='lat' dir='ltr'>Hoc</span> <span class='ocrx_word' id='word_1_378' title='bbox 708 2597 817 2632; x_wconf 89' lang='lat' dir='ltr'>verb.</span> <span class='ocrx_word' id='word_1_379' title='bbox 837 2607 953 2643; x_wconf 91' lang='lat' dir='ltr'>supra</span> <span class='ocrx_word' id='word_1_380' title='bbox 969 2608 1072 2632; x_wconf 90' lang='lat' dir='ltr'>vers.</span> <span class='ocrx_word' id='word_1_381' title='bbox 1091 2596 1239 2634; x_wconf 90' lang='lat' dir='ltr'>addidit</span> <span class='ocrx_word' id='word_1_382' title='bbox 1255 2598 1304 2634; x_wconf 93' lang='lat' dir='ltr'><strong>N.</strong></span> 
     </span>
    </p>
   </div>
   <div class='ocr_carea' id='block_1_7' title="bbox 299 2672 1928 3019">
    <p class='ocr_par' dir='ltr' id='par_1_8' title="bbox 299 2672 1928 2838">
     <span class='ocr_line' id='line_1_37' title="bbox 375 2672 1928 2726; baseline 0.005 -19"><span class='ocrx_word' id='word_1_383' title='bbox 375 2673 385 2694; x_wconf 95' lang='lat'>¹</span> <span class='ocrx_word' id='word_1_384' title='bbox 437 2674 495 2708; x_wconf 88' lang='lat' dir='ltr'>Ex</span> <span class='ocrx_word' id='word_1_385' title='bbox 512 2674 585 2708; x_wconf 94' lang='lat' dir='ltr'>hoc</span> <span class='ocrx_word' id='word_1_386' title='bbox 602 2674 688 2709; x_wconf 92' lang='lat' dir='ltr'>loco</span> <span class='ocrx_word' id='word_1_387' title='bbox 705 2673 853 2709; x_wconf 88' lang='lat' dir='ltr'>eruitur</span> <span class='ocrx_word' id='word_1_388' title='bbox 869 2672 1050 2709; x_wconf 85' lang='lat' dir='ltr'>Codicem</span> <span class='ocrx_word' id='word_1_389' title='bbox 1063 2674 1089 2710; x_wconf 89' lang='grc'><em>8</em></span> <span class='ocrx_word' id='word_1_390' title='bbox 1103 2675 1265 2718; x_wconf 80' lang='lat' dir='ltr'>Natalis,</span> <span class='ocrx_word' id='word_1_391' title='bbox 1279 2676 1341 2712; x_wconf 87' lang='lat' dir='ltr'>cui</span> <span class='ocrx_word' id='word_1_392' title='bbox 1356 2677 1505 2713; x_wconf 86' lang='lat' dir='ltr'>titulus:</span> <span class='ocrx_word' id='word_1_393' title='bbox 1523 2679 1570 2713; x_wconf 90' lang='lat' dir='ltr'><strong>P.</strong></span> <span class='ocrx_word' id='word_1_394' title='bbox 1587 2678 1746 2714; x_wconf 82' lang='lat' dir='ltr'>Natalis</span> <span class='ocrx_word' id='word_1_395' title='bbox 1764 2682 1928 2726; x_wconf 82' lang='lat' dir='ltr'>opuscu—</span> 
     </span>
     <span class='ocr_line' id='line_1_38' title="bbox 300 2732 1927 2785; baseline 0.004 -18"><span class='ocrx_word' id='word_1_396' title='bbox 300 2732 357 2776; x_wconf 76' lang='lat' dir='ltr'>la,</span> <span class='ocrx_word' id='word_1_397' title='bbox 372 2733 446 2768; x_wconf 93' lang='lat' dir='ltr'>hoc</span> <span class='ocrx_word' id='word_1_398' title='bbox 463 2743 563 2767; x_wconf 91' lang='lat' dir='ltr'>anno</span> <span class='ocrx_word' id='word_1_399' title='bbox 591 2741 693 2779; x_wconf 83' lang='lat'>1577,</span> <span class='ocrx_word' id='word_1_400' title='bbox 714 2744 763 2768; x_wconf 86' lang='lat' dir='ltr'>ex</span> <span class='ocrx_word' id='word_1_401' title='bbox 788 2737 896 2779; x_wconf 88' lang='lat' dir='ltr'>parte</span> <span class='ocrx_word' id='word_1_402' title='bbox 920 2733 1107 2780; x_wconf 88' lang='lat' dir='ltr'>scriptum</span> <span class='ocrx_word' id='word_1_403' title='bbox 1131 2734 1271 2772; x_wconf 84' lang='lat' dir='ltr'>fuisse.</span> <span class='ocrx_word' id='word_1_404' title='bbox 1293 2736 1393 2772; x_wconf 89' lang='lat' dir='ltr'>Vide</span> <span class='ocrx_word' id='word_1_405' title='bbox 1416 2737 1545 2785; x_wconf 83' lang='lat' dir='ltr'>Epist.</span> <span class='ocrx_word' id='word_1_406' title='bbox 1570 2737 1724 2784; x_wconf 86' lang='lat' dir='ltr'>Natal.,</span> <span class='ocrx_word' id='word_1_407' title='bbox 1743 2738 1771 2782; x_wconf 95' lang='lat' dir='ltr'>I,</span> <span class='ocrx_word' id='word_1_408' title='bbox 1796 2747 1927 2783; x_wconf 86' lang='lat' dir='ltr'>xxxn,</span> 
     </span>
     <span class='ocr_line' id='line_1_39' title="bbox 299 2790 894 2838; baseline 0 -11"><span class='ocrx_word' id='word_1_409' title='bbox 299 2799 444 2836; x_wconf 85' lang='lat' dir='ltr'>xxxm,</span> <span class='ocrx_word' id='word_1_410' title='bbox 463 2796 503 2827; x_wconf 88' lang='lat' dir='ltr'>et</span> <span class='ocrx_word' id='word_1_411' title='bbox 526 2803 656 2838; x_wconf 88' lang='lat' dir='ltr'>supra,</span> <span class='ocrx_word' id='word_1_412' title='bbox 675 2790 790 2838; x_wconf 91' lang='lat' dir='ltr'>epist.</span> <span class='ocrx_word' id='word_1_413' title='bbox 809 2794 894 2827; x_wconf 84' lang='lat'>610.</span> 
     </span>
    </p>

    <p class='ocr_par' dir='ltr' id='par_1_9' title="bbox 368 2850 1228 2897">
     <span class='ocr_line' id='line_1_40' title="bbox 368 2850 1228 2897; baseline 0.004 -12"><span class='ocrx_word' id='word_1_414' title='bbox 368 2853 382 2873; x_wconf 79' lang='lat'>²</span> <span class='ocrx_word' id='word_1_415' title='bbox 432 2850 532 2886; x_wconf 86' lang='lat' dir='ltr'>Vide</span> <span class='ocrx_word' id='word_1_416' title='bbox 557 2851 685 2897; x_wconf 78' lang='lat' dir='ltr'>Epist.</span> <span class='ocrx_word' id='word_1_417' title='bbox 706 2850 1228 2897; x_wconf 81' lang='lat' dir='ltr'>Natal.‚1‚xxxv1-.xxxv11</span> 
     </span>
    </p>

    <p class='ocr_par' dir='ltr' id='par_1_10' title="bbox 299 2908 1927 3019">
     <span class='ocr_line' id='line_1_41' title="bbox 369 2908 1927 2960; baseline 0.004 -16"><span class='ocrx_word' id='word_1_418' title='bbox 369 2910 383 2930; x_wconf 76' lang='lat'>⁵</span> <span class='ocrx_word' id='word_1_419' title='bbox 433 2908 533 2944; x_wconf 92' lang='lat' dir='ltr'>Vide</span> <span class='ocrx_word' id='word_1_420' title='bbox 557 2909 772 2954; x_wconf 72' lang='grc' dir='ltr'>ΡοιΑΝΟΟ,</span> <span class='ocrx_word' id='word_1_421' title='bbox 800 2909 978 2953; x_wconf 62' lang='lat' dir='ltr'>Chron„</span> <span class='ocrx_word' id='word_1_422' title='bbox 1003 2911 1072 2958; x_wconf 85' lang='lat'>111,</span> <span class='ocrx_word' id='word_1_423' title='bbox 1091 2920 1176 2957; x_wconf 88' lang='lat'><strong>527-</strong></span> <span class='ocrx_word' id='word_1_424' title='bbox 1161 2912 1262 2958; x_wconf 86' lang='lat'>-57.3</span> <span class='ocrx_word' id='word_1_425' title='bbox 1287 2915 1400 2960; x_wconf 82' lang='lat' dir='ltr'>Quae</span> <span class='ocrx_word' id='word_1_426' title='bbox 1418 2915 1473 2950; x_wconf 90' lang='lat' dir='ltr'>ibi</span> <span class='ocrx_word' id='word_1_427' title='bbox 1496 2914 1765 2950; x_wconf 87' lang='lat' dir='ltr'>desiderantur</span> <span class='ocrx_word' id='word_1_428' title='bbox 1787 2926 1836 2950; x_wconf 86' lang='lat' dir='ltr'>ex</span> <span class='ocrx_word' id='word_1_429' title='bbox 1853 2914 1927 2950; x_wconf 86' lang='lat' dir='ltr'>hac</span> 
     </span>
     <span class='ocr_line' id='line_1_42' title="bbox 299 2968 1927 3019; baseline 0.004 -17"><span class='ocrx_word' id='word_1_430' title='bbox 299 2968 513 3015; x_wconf 79' lang='lat' dir='ltr'>Apologia,</span> <span class='ocrx_word' id='word_1_431' title='bbox 531 2979 654 3015; x_wconf 88' lang='lat' dir='ltr'>nuper</span> <span class='ocrx_word' id='word_1_432' title='bbox 670 2968 900 3015; x_wconf 86' lang='lat' dir='ltr'>reperimus,</span> <span class='ocrx_word' id='word_1_433' title='bbox 918 2974 958 3005; x_wconf 88' lang='lat' dir='ltr'>et</span> <span class='ocrx_word' id='word_1_434' title='bbox 975 2969 1015 3006; x_wconf 87' lang='lat' dir='ltr'>in</span> <span class='ocrx_word' id='word_1_435' title='bbox 1032 2970 1168 3006; x_wconf 81' lang='lat' dir='ltr'>ultimo</span> <span class='ocrx_word' id='word_1_436' title='bbox 1190 2972 1304 3018; x_wconf 88' lang='lat' dir='ltr'>hujus</span> <span class='ocrx_word' id='word_1_437' title='bbox 1320 2973 1437 3010; x_wconf 88' lang='lat' dir='ltr'>seriei</span> <span class='ocrx_word' id='word_1_438' title='bbox 1462 2973 1672 3019; x_wconf 88' lang='lat' dir='ltr'>volumine,</span> <span class='ocrx_word' id='word_1_439' title='bbox 1690 2974 1775 3009; x_wconf 94' lang='lat' dir='ltr'>Deo</span> <span class='ocrx_word' id='word_1_440' title='bbox 1794 2974 1927 3009; x_wconf 91' lang='lat' dir='ltr'>volen-</span> 
     </span>
    </p>
   </div>
   <div class='ocr_carea' id='block_1_8' title="bbox 308 2652 570 2660">
    <p class='ocr_par' dir='ltr' id='par_1_11' title="bbox 308 2652 570 2660">
     <span class='ocr_line' id='line_1_43' title="bbox 308 2652 570 2660; baseline 0 888"><span class='ocrx_word' id='word_1_441' title='bbox 308 2652 570 2660; x_wconf 95' lang='lat' dir='ltr'> </span> 
     </span>
    </p>
   </div>
   <div class='ocr_carea' id='block_1_9' title="bbox 301 3027 549 3072">
    <p class='ocr_par' dir='ltr' id='par_1_12' title="bbox 301 3027 549 3072">
     <span class='ocr_line' id='line_1_44' title="bbox 301 3027 549 3072; baseline -0.004 -9"><span class='ocrx_word' id='word_1_442' title='bbox 301 3032 356 3072; x_wconf 86' lang='lat' dir='ltr'>te,</span> <span class='ocrx_word' id='word_1_443' title='bbox 374 3027 549 3063; x_wconf 88' lang='lat' dir='ltr'>edemus.</span> 
     </span>
    </p>
   </div>
   <div class='ocr_carea' id='block_1_10' title="bbox 372 3086 1282 3136">
    <p class='ocr_par' dir='ltr' id='par_1_13' title="bbox 372 3086 1282 3136">
     <span class='ocr_line' id='line_1_45' title="bbox 372 3086 1282 3136; baseline 0.007 -16"><span class='ocrx_word' id='word_1_444' title='bbox 372 3086 389 3107; x_wconf 80' lang='lat'><strong>⁴</strong></span> <span class='ocrx_word' id='word_1_445' title='bbox 436 3086 479 3121; x_wconf 94' lang='lat' dir='ltr'><strong>P.</strong></span> <span class='ocrx_word' id='word_1_446' title='bbox 501 3087 672 3132; x_wconf 90' lang='lat' dir='ltr'>Joannes</span> <span class='ocrx_word' id='word_1_447' title='bbox 689 3087 928 3126; x_wconf 86' lang='lat' dir='ltr'>Zonhovius.</span> <span class='ocrx_word' id='word_1_448' title='bbox 946 3087 1048 3124; x_wconf 91' lang='lat' dir='ltr'>Vide</span> <span class='ocrx_word' id='word_1_449' title='bbox 1065 3089 1179 3136; x_wconf 84' lang='lat' dir='ltr'>epist.</span> <span class='ocrx_word' id='word_1_450' title='bbox 1198 3089 1282 3126; x_wconf 89' lang='lat'>603.</span> 
     </span>
    </p>
   </div>
  </div>
 </body>
</html>
