2228 3548
406 245 475 282 232
916 242 1057 279 Eprsr.
1083 241 1128 276 P.
1157 240 1351 277 NADAL-
1358 240 1429 287 430

1894 19 1899 25 .
1913 0 1974 11 mx.-
1995 0 1997 2 ·
2015 0 2031 10 ·,
2077 0 2142 15 *mm

2035 0 2077 55 ff·
2110 31 2112 34 ·
2152 0 2228 246 Ῑ

2022 74 2030 82 1
2188 63 2195 83 i·

2016 87 2019 94 2
2191 87 2199 102 ,ι

2215 347 2228 358 fl

2224 368 2228 385 Ι

356 343 649 403 experientia,
674 358 727 386 ac
749 343 794 386 in
818 343 955 387 rebus
977 341 1169 399 agendis
1190 342 1431 398 prudentia
1452 341 1635 386 om'nino
1656 342 1927 387 confidimus
1943 342 1991 387 in

356 421 570 473 Domino,
597 419 677 462 tibi
695 419 965 463 auctoritate
986 419 1229 462 admodum
1252 418 1355 463 Rdi.
1386 418 1434 462 in
1463 419 1646 464 Christo
1669 419 1818 464 Patris
1844 421 1881 464 F
1883 434 1989 464 ran-

355 498 463 543 cisci
480 512 506 541 a
529 496 711 553 Borgia‚
737 495 978 541 Societatis
1001 495 1258 552 praedictae
1274 496 1500 553 generalis
1516 496 1773 554 praepositi,
1795 498 1989 541 faculta-

355 583 447 619 tem
462 573 753 618 concedimus
770 580 816 618 et
833 572 1095 630 elargimur,
1118 579 1169 615 ut
1185 587 1498 630 quoscumque
1514 581 1773 619 contractus
1794 574 1987 632 emptio-

355 666 479 704 num,
505 650 836 702 uenditionum,
862 656 907 694 et
929 649 1203 704 cessionum,
1229 665 1618 707 quarumcumque
1638 666 1788 695 rerum
1811 659 1987 709 tempo-

354 728 530 780 ralium,
557 726 790 770 mobilium
817 727 886 770 uel
914 718 1232 780 immobilium,
1259 742 1571 785 quascumque
1597 727 1733 772 etiam
1762 728 1988 773 uenditio-

353 820 435 850 nes
459 805 531 848 uel
554 803 807 860 emptiones
829 818 1224 860 quorumcumque
1255 818 1476 848 censuum
1510 819 1646 862 super
1673 806 1793 849 bona
1814 805 1991 850 stabilia

353 881 649 938 collegiorum
673 888 779 925 tuae
796 880 1074 936 prouinciae,
1097 881 1313 935 breuiter,
1335 888 1384 925 ut
1402 896 1714 939 quoscumque
1731 889 1991 927 contractus

353 958 465 1002 inire
482 964 528 1001 et
545 958 773 1002 celebrare
789 957 951 1014 possis,
971 957 1018 1001 in
1034 957 1104 1002 his
1123 959 1360 1003 dumtaxat
1375 960 1527 1012 rebus,
1542 974 1733 1016 quarum
1750 959 1835 1004 erit
1850 959 1992 1004 libera

353 1034 684 1079 administratio
706 1034 971 1088 Societatis,
997 1042 1043 1079 et
1065 1050 1145 1092 per
1173 1036 1394 1080 rationem
1424 1036 1668 1080 dotationis
1684 1036 1992 1094 ,collegiorum

353 1112 483 1156 nobis
523 1111 713 1165 liceant3
754 1111 906 1155 omnia
945 1126 1053 1156 uero
1091 1120 1141 1156 ut
1178 1114 1316 1157 facias
1353 1114 1398 1157 in
1435 1114 1695 1158 euidentem
1731 1113 1987 1167 utilitatem,

353 1203 488 1245 quam
518 1195 567 1232 tu
596 1188 818 1232 iudicabis
844 1189 901 1233 de
932 1189 1120 1233 consilio
1153 1197 1336 1234 tuorum
1366 1191 1738 1234 consiliariorum.
1764 1191 1992 1236 Concedi-

352 1280 453 1309 mus
474 1272 722 1322 praeterea,
750 1272 800 1308 ut
822 1279 1135 1323 quoscumque
1156 1267 1430 1312 iudicaueris
1451 1268 1637 1312 idoneos
1660 1284 1686 1312 e
1706 1267 1888 1321 nostris,
1910 1267 1991 1311 tibi

354 1343 400 1386 in
423 1344 579 1388 eadem
605 1343 843 1397 facultate,
869 1344 943 1387 uel
972 1343 1071 1387 eius
1097 1351 1225 1401 parte
1252 1345 1530 1389 substituere
1558 1344 1718 1402 possis.
1745 1346 1993 1402 Speramus

354 1419 401 1462 in
423 1420 605 1463 Christo
622 1422 734 1478 Jesu
758 1421 980 1474 futurum,
1001 1428 1053 1464 ut
1072 1429 1120 1464 tu
1137 1421 1199 1465 ita
1220 1423 1468 1478 prudenter
1484 1424 1569 1466 hac
1591 1429 1816 1479 potestate
1832 1422 1989 1475 utaris,

354 1497 415 1540 ita
438 1497 680 1553 sapienter,
706 1503 757 1540 ut
779 1497 891 1540 nihil
920 1513 946 1541 a
979 1505 1023 1542 te
1046 1498 1293 1544 desiderari
1320 1499 1483 1556 possit,
1509 1500 1631 1556 quod
1653 1501 1710 1543 ad
1738 1498 1995 1556 religiosam

354 1574 733 1631 gubernationem
756 1589 906 1618 rerum
930 1576 1245 1632 temporalium
1263 1583 1368 1620 tuae
1388 1576 1650 1633 prouinciae
1673 1576 1822 1630 faciat,
1843 1575 1997 1620 omnia

354 1665 464 1694 uero
493 1652 646 1694 futura
674 1651 765 1694 sint
795 1652 852 1695 ad
880 1651 1095 1697 maiorem
1121 1653 1311 1710 gloriam
1339 1654 1426 1699 Dei
1453 1653 1792 1711 omnipotentis.
1822 1655 1994 1697 Datum

358 1729 550 1784 Pragae,
577 1727 650 1772 die
674 1729 699 1771 8
721 1728 890 1773 mensis
913 1729 1204 1786 Septembris.
1231 1731 1370 1774 Anno
1396 1744 1413 1775 Ι
1422 1731 1523 1786 566.

1089 1812 1118 1871 †
1151 1814 1481 1858 HIERONYMUS
1513 1815 1748 1858 NATALIS.
1783 1813 1813 1872 †

442 1957 606 2000 Exstat
622 1958 831 2015 sigillum
849 1959 1095 2004 Societatis.
1117 1962 1362 2017 Inscriptio
1379 1977 1407 2004 a
1425 1965 1576 2019 tergo:
1596 1963 1813 2005 Patentes
1834 1961 1993 2006 literae

354 2034 411 2076 ad
433 2033 655 2078 ineundos
677 2042 952 2080 contractus.
980 2038 1155 2081 Eadem
1177 2039 1417 2095 inscriptio
1440 2039 1607 2082 ibidem
1630 2040 1842 2082 iteratur.

1112 2150 1234 2190 4:30

831 2231 872 2266 S.
901 2233 1232 2271 FRANClSCUS
1260 2235 1331 2270 DE
1355 2234 1525 2281 BORJA

704 2296 904 2340 PATRI
937 2299 1370 2344 HIERONYMO
1404 2301 1646 2344 NADAL

847 2381 1003 2416 ROMAE,
1028 2384 1070 2410 12
1088 2385 1348 2422 SEPTEMssms
1369 2377 1460 2422 1566
1477 2379 1503 2413 ¹.

357 2433 567 2481 Pontificis
586 2437 781 2472 mandato
800 2438 920 2473 illurn
949 2440 1139 2476 hortatur
1167 2442 1223 2477 ad
1250 2442 1553 2488 impediendum
1580 2441 1730 2489 foedus
1751 2442 2008 2478 sectatorum.

546 2493 712 2530 Calvini
728 2507 819 2532 cum
838 2497 1064 2535 lutheranis
1081 2503 1338 2548 augustanae
1355 2501 1616 2548 confessionis
1630 2500 1802 2537 asseclis.

447 2572 543 2613 Pax
560 2571 798 2621 X,1Molt0
816 2574 930 2618 Rdo.
949 2575 996 2618 in
1011 2578 1096 2620 Χ.0
1112 2579 1275 2621 Padre.
1297 2579 1332 2621 Il
1349 2577 1550 2621 cardinal
1562 2578 1796 2622 Granuela
1809 2577 1825 2598 ¹
1843 2578 1993 2622 hebbe

357 2645 483 2689 auiso
506 2661 633 2692 come
655 2648 687 2691 il
708 2656 842 2695 conte
864 2652 1063 2707 palatino
1086 2656 1100 2676 ⁵
1123 2669 1211 2698 con
1229 2655 1441 2698 Theodor
1456 2669 1483 2698 o
1501 2656 1638 2707 Beza,
1657 2669 1771 2711 capo
1788 2653 1834 2698 di
1850 2653 1996 2699 calui-

357 2721 479 2775 nisti,
506 2724 727 2769 faceuano
748 2733 873 2771 certo
896 2729 1196 2775 conciliabulo
1217 2731 1265 2775 in
1289 2746 1379 2775 una
1396 2739 1516 2776 terra
1531 2732 1604 2775 del
1621 2732 1748 2775 detto
1763 2738 1901 2777 conte
1915 2745 1996 2788 per

431 2862 443 2882 ¹
490 2863 548 2898 Ex
566 2865 754 2912 Regesto,
777 2865 876 2903 Cod.
903 2878 945 2913 33
961 2870 1022 2917 f),
1048 2870 1120 2908 fol.
1148 2872 1228 2908 180.
1248 2873 1293 2908 In
1317 2864 1507 2920 margine:
1529 2873 1577 2908 P.
1602 2873 1770 2909 Natale.
1793 2874 1848 2909 P.
1876 2871 1998 2909 Cani-

354 2919 429 2955 sio.
458 2922 505 2957 P.
525 2923 701 2960 Antonio
728 2926 869 2962 Vinck.
901 2928 975 2964 Tre
994 2931 1101 2976 copie
1119 2943 1157 2966 se
1175 2943 1224 2967 ne
1239 2932 1397 2978 secero.

427 2981 441 3000 2
493 2981 688 3019 Antonius
707 2984 897 3020 Perrenot
915 2986 963 3022 de
991 2988 1218 3025 Granvelle.

426 3038 441 3059 ³
490 3039 711 3078 Fridericus
729 3043 799 3078 111.
819 3044 919 3080 Vide
938 3046 1055 3093 epist.
1081 3047 1165 3091 380,
1185 3061 1227 3086 n.
1256 3058 1288 3095 1;
1309 3055 1348 3086 et
1362 3049 1451 3098 399.
