2228 3548
397 280 468 325 718
918 276 1065 317 Ep1sr„
1085 274 1129 310 P.
1158 273 1430 310 NADAL-600

348 381 501 424 ciales.
527 382 598 424 De
630 377 907 435 imaginibus
928 376 1140 432 ignoscas
1178 374 1305 427 mihi,
1345 377 1497 420 Pater.
1531 375 1688 431 Quum
1715 374 1909 432 primum
1931 391 1990 421 ex

349 458 439 500 tuis
461 456 602 501 literis
624 453 825 499 intellexi
847 452 958 496 mihi
980 451 1076 495 dari
1098 451 1360 509 negocium,
1387 459 1434 495 et
1462 453 1726 497 facultatem
1755 452 1983 508 editionis,

349 533 566 590 corripuit
584 547 656 576 me
673 531 850 575 auersio
867 529 1112 587 singularis
1129 530 1186 572 ab
1203 543 1338 586 opere
1350 529 1636 583 excudendo,
1658 543 1794 586 quam
1807 530 1984 576 etiamsi

346 609 605 668 significaui
630 607 898 653 Paternitati
921 609 1064 659 Tuae,
1089 621 1182 650 non
1209 605 1398 663 exposui
1421 612 1573 650 tamen
1594 607 1832 661 hactenus;
1858 610 1983 665 quod

346 702 471 731 nunc
493 687 625 730 facio.
653 685 740 730 Cui
762 684 883 728 enim
906 682 1165 740 explicarim
1188 682 1389 727 animum
1417 697 1586 737 meum,
1612 683 1651 727 si
1683 683 1765 727 tibi
1787 699 1879 728 non
1901 701 1983 730 ex-

349 765 531 821 plicem?
554 762 711 808 Creuit
733 762 809 806 illa
825 761 962 807 animi
979 760 1158 805 auersio
1180 768 1225 805 et
1248 759 1460 804 alienatio
1482 760 1530 804 in
1551 760 1663 815 dies;
1693 768 1743 804 vt
1770 760 1860 806 iarn
1882 768 1984 806 tan-

346 843 467 893 dem,
486 856 577 884 non
595 839 819 897 potuerim
836 838 946 895 quin
962 853 1062 882 eam
1080 837 1161 881 tibi
1176 837 1412 894 perspicue
1427 837 1661 894 aperirem.
1680 839 1786 883 Non
1802 853 1983 892 censeo,

349 921 500 971 Pater,
525 918 599 961 illa
621 918 812 969 edenda,
838 917 919 959 sed
935 916 1145 960 habenda
1167 929 1248 971 pro
1270 914 1448 971 scriptis
1469 914 1516 958 in
1539 915 1784 969 Societate,
1821 915 1988 972 quibus

342 995 411 1038 vti
429 995 571 1052 possit
593 995 671 1052 qui
692 994 816 1039 velit.
842 995 1010 1037 Iterum
1032 999 1138 1050 peto
1156 999 1203 1036 vt
1220 992 1329 1035 mihi
1347 994 1465 1036 hanc
1481 994 1712 1038 condones
1729 993 1827 1038 siue
1843 993 1989 1050 pusil-

345 1072 657 1125 lanimitatem,
678 1071 775 1116 siue
796 1071 1063 1123 nouitatem,
1089 1069 1187 1114 siue
1209 1069 1345 1115 etiam
1370 1069 1553 1113 nimiam
1575 1071 1698 1126 apud
1714 1077 1760 1115 te
1783 1075 1984 1123 παρ’ῥησίαν.

345 1151 462 1194 Nolo
490 1165 591 1195 esse
612 1149 927 1206 importunior.
956 1147 1126 1204 Scripsi
1142 1148 1200 1192 de
1216 1147 1287 1191 his
1303 1148 1361 1191 ad
1378 1147 1634 1192 Ximenem.
1656 1148 1770 1192 Vale
1785 1147 1833 1191 in
1851 1148 1987 1192 Chri-

335 1236 431 1280 sto,
457 1235 503 1272 et
525 1227 630 1271 viue
653 1226 808 1279 foelix,
836 1228 987 1278 Pater,
1012 1224 1281 1278 diutissime,
1307 1226 1364 1268 ad
1388 1224 1601 1268 maiorem
1619 1225 1705 1269 Dei
1722 1225 1916 1282 gloriam
1939 1233 1987 1271 et

345 1305 589 1351 Societatis
625 1304 971 1348 incrementum.
1013 1303 1175 1356 Halae,
1217 1303 1273 1346 28
1312 1302 1420 1347 Maii
1461 1304 1588 1358 1576.
1629 1305 1683 1347 P.
1724 1305 1782 1347 V.
1823 1318 1986 1348 seruus

350 1384 397 1427 in
419 1384 523 1436 X.⁰,
1886 1385 1889 1388 “

1386 1465 1416 1522 -ξ-
1449 1464 1683 1509 NATALIS.
1719 1466 1750 1523 †

439 1615 683 1671 Inscriptio
706 1615 754 1656 in
778 1616 943 1669 quarta
974 1614 1173 1670 pagina:
1211 1613 1240 1670 †
1280 1613 1543 1656 Admodum
1582 1614 1697 1657 Rdo.
1723 1613 1769 1657 in
1803 1614 1986 1658 Christo

350 1693 474 1738 Patri
495 1694 552 1737 N.
581 1694 632 1736 Ρ.
660 1691 891 1734 Euerardo
915 1690 1217 1742 Mercuriano‚
1237 1689 1495 1747 praeposito
1518 1690 1720 1748 generali
1743 1691 1986 1736 Societatis

334 1773 467 1829 Jesu.
491 1771 676 1814 Romae.
705 1769 814 1811 Alia
850 1782 1008 1810 manu:
1046 1768 1172 1823 1576.
1213 1768 1346 1811 Hala.
1375 1770 1427 1811 P.
1464 1767 1653 1812 Natalis.
1687 1769 1741 1811 28
1766 1768 1887 1813 Maii.
1922 1771 1977 1813 Β.

341 1848 506 1906 sigilli
532 1847 793 1904 vestigium.

1104 1975 1233 2015 800

777 2059 821 2094 P.
842 2059 1160 2096 EVERARDUS
1180 2060 1563 2097 MERCURIANUS

670 2139 879 2182 PATRI
923 2139 1352 2183 HIERONYMO
1403 2141 1546 2184 NAD
1560 2140 1649 2184 AL

903 2236 1063 2272 ROMAE,
1098 2238 1121 2272 9
1146 2237 1253 2271 JUNn
1289 2228 1378 2273 1576
1399 2228 1424 2264 ¹.

961 2304 1145 2350 Epistola
1162 2303 1352 2352 officiosa.

436 2391 728 2435 Riceuemmo
749 2387 823 2431 doi
849 2388 1008 2431 lettere
1035 2389 1152 2431 della
1173 2390 1231 2432 V.
1260 2390 1334 2442 R„
1355 2389 1398 2433 la
1422 2405 1512 2433 vna
1539 2389 1584 2432 di
1615 2402 1683 2445 12,
1714 2390 1744 2433 l'
1769 2390 1883 2434 altra
1904 2391 1977 2435 del

338 2468 500 2511 vltimo
521 2467 566 2510 di
590 2468 758 2517 Marzo,
779 2471 824 2508 et
846 2466 983 2508 molto
1006 2465 1047 2508 ci
1063 2466 1379 2522 rallegrammo
1400 2467 1474 2510 nel
1497 2466 1693 2523 Signore
1720 2469 1805 2511 che
1832 2469 1889 2511 V.
1915 2469 1970 2512 R.

343 2547 390 2589 in
412 2546 516 2601 quel
538 2552 689 2600 tempo
706 2542 744 2586 si
760 2541 826 2585 sia
843 2548 1019 2586 trouata
1036 2542 1219 2599 meglio,
1237 2550 1284 2586 et
1301 2542 1371 2586 ch’
1389 2543 1556 2588 habbia
1573 2527 1781 2589 riceuuto
1798 2546 1975 2601 grande

343 2621 657 2666 consolatione
684 2619 801 2663 delle
828 2634 980 2663 nuoue
1009 2619 1197 2663 scritteli
1224 2620 1299 2663 dal
1332 2622 1384 2664 P.
1411 2619 1631 2664 Oliuerio.
1664 2620 1817 2665 Piacia
1845 2637 1871 2665 a
1893 2637 1977 2666 sua

340 2700 499 2742 diuina
515 2700 655 2742 bonta
672 2695 946 2754 prolongarli
964 2697 1119 2750 molto,
1135 2704 1180 2741 et
1195 2697 1239 2740 la
1255 2697 1417 2750 salute,
1439 2703 1484 2742 et
1500 2698 1543 2740 la
1559 2697 1883 2752 consolatione,
1897 2713 1980 2756 per

343 2776 517 2832 magior
539 2774 686 2832 gloria
708 2787 804 2817 sua.
832 2774 1018 2828 Quanto
1041 2774 1127 2817 alla
1149 2773 1367 2817 difficulta
1389 2774 1445 2817 de
1468 2773 1632 2830 cinque
1659 2790 1739 2831 per
1761 2782 1912 2829 cento,
1936 2775 1979 2819 ci

342 2856 400 2897 ha
423 2860 538 2896 stato
577 2858 707 2909 grato
743 2851 775 2893 l'
806 2850 956 2893 ufficio
993 2858 1038 2894 et
1074 2850 1203 2894 auiso
1224 2850 1270 2894 di
1307 2852 1365 2895 V.
1407 2853 1460 2895 R.
1502 2851 1590 2895 Gia
1624 2866 1682 2895 ne
1719 2866 1834 2896 auea
1861 2858 1980 2896 stata

338 2931 437 2974 Sua
465 2931 560 2974 Sta.
601 2927 807 2972 auuisata
828 2941 908 2983 per
945 2928 1062 2982 altri,
1088 2935 1133 2972 et
1162 2942 1290 2972 come
1316 2930 1512 2972 hauemo
1539 2928 1697 2973 scritto
1725 2929 1768 2972 al
1788 2928 1979 2986 prouin-

416 3038 426 3058 ¹
476 3037 535 3072 Ex
552 3037 740 3082 Regesto‚
763 3033 859 3070 Cod.
882 3044 900 3080 3
906 3045 924 3080 3
939 3034 995 3081 j),
1017 3035 1084 3072 fol.
1103 3034 1150 3081 43
1168 3035 1214 3065 2-ο
1231 3036 1277 3072 In
1290 3035 1477 3083 margine:
1494 3036 1641 3073 Halae.
1658 3037 1707 3072 P.
1727 3036 1975 3084 Hieronymo

334 3094 501 3131 Natale·
520 3094 621 3130 Vide
640 3094 754 3142 epist·
775 3101 857 3140 5943
878 3099 917 3129 et
935 3102 1018 3141 595,
1037 3094 1179 3142 quibus
1196 3094 1260 3132 hic
1277 3094 1547 3143 respondetur.
