2228 3548
0 2240 7 2264 ÷

0 2287 4 2308 Ι

0 2361 10 2426 2!

0 2432 8 2486 5

0 2491 5 2503 .

983 301 1203 338 APPEme
1243 317 1246 319 ·
1789 309 1859 348 771

258 403 374 460 quid
396 402 571 447 scilicet
595 403 828 460 agendum
853 404 984 456 foret,
1005 403 1042 447 si
1065 403 1139 448 uel
1161 419 1188 447 a
1206 403 1369 448 uicinis
1385 404 1667 462 principibus
1683 403 1756 449 vel
1771 418 1912 462 repu-

262 463 386 508 blica
409 462 603 519 spirensi
621 463 758 507 huius
774 463 925 520 operis
941 476 1080 506 causa
1096 464 1265 506 malum
1282 472 1536 520 pararetur,
1556 465 1670 509 adeo
1691 470 1742 508 u't
1758 465 1910 510 eccle-

263 523 336 567 sia
357 521 573 579 spirensis
595 529 675 566 aut
696 523 846 566 clerus
866 523 1022 566 saluus
1052 537 1153 567 esse
1180 538 1273 567 non
1305 523 1530 567 sineretur
1557 531 1742 580 propter
1762 523 1907 568 intro·

268 583 454 626 ductam
477 581 767 627 Societatem.
794 583 898 626 Hoc
920 581 1006 627 etsi
1026 582 1259 638 probabile
1276 597 1367 626 non
1385 583 1444 626 sit
1466 583 1750 628 aduersarios
1766 598 1909 627 cona—

270 649 419 694 turos,
446 649 597 686 tamen
620 641 725 698 quia
752 642 991 697 plerosque
1018 640 1178 695 mouit,
1204 641 1429 698 explicare
1455 642 1698 687 uoluimus.
1726 643 1902 695 Patres,

270 701 451 757 saepius
482 701 571 744 iam
604 700 844 754 nominati,
870 701 1222 757 responderunt,
1254 707 1300 744 et
1330 701 1597 746 charitatem
1629 709 1676 747 et
1706 701 1906 746 officium

269 761 471 817 ipsorum
493 762 656 804 docere
678 760 724 803 in
748 760 824 803 tali
846 775 956 804 casu
977 760 1231 803 cedendum
1260 760 1402 804 furori
1429 768 1475 804 et
1504 769 1759 817 temporum
1783 761 1903 818 inju—

265 820 378 872 riae,
405 835 553 876 neque
576 820 632 862 ad
660 820 924 863 saluandam
956 826 1127 874 partem
1160 826 1305 862 totum
1335 819 1537 864 interitui
1564 821 1901 877 exponendum,

268 894 408 935 seque
430 879 541 922 nihil
563 878 771 922 dubitare
793 880 850 922 V.
879 880 931 922 Ρ.
958 877 1204 921 identidem
1232 878 1556 934 indicaturam,
1582 887 1627 924 et
1650 887 1902 936 promptam

267 941 482 991 futuram,
510 945 560 981 ut
582 938 824 994 collegium
846 937 1163 989 disolueretur,
1189 937 1226 980 si
1249 939 1373 981 nulla
1401 953 1504 994 spes
1533 939 1730 983 melioris
1757 946 1904 984 status

267 1006 549 1055 superesset,
580 997 736 1052 sicque
764 996 940 1052 Spiram
970 997 1259 1052 relinqueret.
1293 998 1396 1040 Hoc
1424 998 1571 1053 ipsum
1600 1013 1712 1055 ergo
1744 998 1903 1043 ultimo

265 1058 367 1101 loeo
390 1057 591 1124 petimus.
606 1064 741 1112 atque
763 1056 1026 1112 excipimus.
1053 1056 1180 1099 Alias
1204 1071 1283 1112 per
1304 1071 1388 1100 nos
1409 1056 1526 1099 firmi
1544 1066 1678 1101 erunt
1696 1058 1902 1114 promissi

267 1117 487 1169 redditus,
513 1124 558 1161 et
580 1115 838 1159 institutum
861 1117 966 1167 hoc,
992 1115 1117 1170 quod
1139 1115 1311 1158 semel
1299 1130 1346 1158 m
1370 1116 1570 1172 generali
1599 1124 1755 1160 nostro
1777 1117 1903 1174 capi-

269 1177 366 1219 tulo
381 1175 684 1227 decreuimus‚
699 1175 995 1218 confirmante
1011 1176 1140 1218 ano.
1161 1173 1373 1230 episcopo
1388 1183 1559 1229 nostre,
1577 1184 1621 1219 et
1640 1178 1827 1220 nuch
1842 1179 1894 1220 P.

269 1235 527 1279 scribimus.
556 1236 658 1278 Hoc
679 1233 831 1290 itaque
853 1234 998 1277 solum
1021 1241 1244 1290 superest,
1267 1241 1315 1276 ut
1333 1235 1387 1277 T.
1410 1236 1461 1277 P.
1484 1235 1703 1279 ecclesiae
1721 1243 1902 1280 nostrae

273 1294 589 1339 necessitatem
606 1294 851 1346 intueatur,
870 1307 924 1336 ac
942 1292 1080 1336 totius
1096 1292 1370 1337 Germaniae
1386 1294 1685 1337 calamitatem
1706 1295 1776 1350 pie
1792 1310 1904 1339 con-

273 1353 461 1407 sideret,
494 1368 628 1409 quam
661 1352 791 1409 pauci
826 1352 991 1408 ubique
1023 1352 1237 1409 operarij,
1269 1366 1404 1408 quam
1437 1368 1595 1409 parum
1630 1354 1784 1398 fideles
1815 1355 1902 1398 Dei

272 1414 392 1458 serui
416 1412 712 1470 reperiantur,
738 1411 814 1467 qui
837 1412 1043 1468 exemplo
1065 1410 1197 1455 simul
1220 1425 1273 1454 ac
1294 1411 1501 1455 doctrina
1523 1412 1702 1469 pietatis
1718 1428 1903 1457 causam

272 1476 587 1530 promoueant,
611 1471 716 1515 fidei
739 1470 945 1514 hostibus
967 1485 1015 1514 se
1037 1478 1288 1527 opponant,
1313 1485 1429 1527 quae
1445 1473 1555 1529 Jesu
1580 1471 1750 1515 Christi
1772 1481 1897 1526 sunt,

271 1539 506 1588 quaerant.
533 1531 755 1587 Equidem
776 1530 821 1573 in
845 1530 1118 1575 Societatem
1147 1537 1346 1574 uestram
1374 1539 1419 1575 et
1447 1545 1529 1574 nos
1560 1531 1659 1587 (qui
1680 1533 1738 1575 D.
1766 1533 1899 1576 Lam-

270 1592 384 1636 berti
408 1592 453 1634 in
476 1590 700 1634 catholica
721 1589 928 1633 doctrina
949 1590 1164 1633 tradenda
1182 1590 1347 1634 ardens
1362 1590 1563 1633 studium
1582 1598 1628 1633 et
1644 1590 1765 1636 uitae
1783 1591 1901 1637 inte-

268 1651 481 1708 gritatem
504 1650 780 1694 sufficienter
798 1649 1114 1692 commendare
1131 1663 1223 1692 non
1241 1651 1495 1705 possumus)
1514 1657 1559 1694 et
1577 1650 1683 1692 boni
1700 1651 1901 1706 plerique

271 1725 431 1754 omnes
482 1710 639 1752 oculos
691 1708 956 1764 conijciunt,
1001 1708 1201 1751 animum
1254 1709 1557 1764 affectumque
1608 1717 1899 1763 conuertunt,

271 1777 427 1814 amant
449 1783 639 1825 syncere
661 1767 935 1820 institutum,
960 1767 1156 1823 indeque
1177 1767 1391 1810 auxilium
1415 1775 1614 1824 sperant,
1642 1768 1750 1812 uisis
1775 1770 1901 1812 labo-

274 1830 399 1872 ribus
421 1836 466 1872 et
490 1829 639 1871 fructu
667 1842 756 1870 non
787 1826 1059 1883 poenitendo
1087 1833 1271 1882 totaque
1299 1827 1569 1882 procedendi
1592 1827 1782 1873 ratione.
1808 1830 1902 1872 Nos

276 1896 429 1932 uestra
450 1902 588 1944 opera
616 1901 804 1944 gregem
834 1886 965 1928 nobis
993 1885 1284 1929 commissum
1311 1901 1403 1929 non
1431 1887 1731 1930 dubitamus
1721 1902 1766 1929 1n
1799 1887 1904 1932 reli-

274 1948 415 2005 gione
436 1947 559 1990 auita
581 1953 626 1990 et
648 1960 824 1989 morum
849 1944 1071 2001 probitate
1092 1945 1356 1988 iuuandum.
1383 1947 1537 2001 Atque
1567 1947 1686 1989 hanc
1715 1947 1773 1989 ob
1795 1961 1903 1990 cau-

275 2022 371 2051 sam
401 2013 447 2051 et
474 2006 670 2074 petimus
706 2013 752 2048 et
788 2019 1020 2061 rogamus,
1047 2019 1104 2048 ne
1139 2004 1319 2060 optimis
1350 2005 1598 2061 desyderijs
1630 2012 1675 2049 et
1706 2006 1905 2062 consilijs

275 2065 542 2121 necessarijs
563 2066 723 2108 deesse
744 2064 909 2116 uelitis,
934 2064 1015 2108 sed
1032 2077 1224 2108 messem
1242 2065 1360 2107 hanc
1376 2072 1630 2120 acceptare,
1655 2071 1716 2116 et,
1741 2079 1903 2120 quem-

275 2125 518 2168 admodum
557 2124 601 2166 in
640 2123 739 2179 alijs
775 2123 1040 2180 regionibus
1062 2122 1229 2175 facitis,
1255 2124 1483 2175 excolere,
1508 2131 1552 2168 et
1574 2123 1755 2167 Christo
1779 2124 1904 2167 ferti-

274 2185 363 2229 lem
386 2184 533 2241 magis
554 2183 791 2240 magisque
814 2183 1018 2235 reddere;
1044 2182 1165 2237 quod
1188 2181 1372 2226 omnino
1395 2183 1613 2226 facturam
1638 2185 1691 2226 T.
1719 2184 1791 2233 P„
1817 2198 1906 2238 qua

275 2250 346 2288 est
366 2257 476 2296 erga
498 2242 668 2286 Christi
690 2257 873 2286 causam
894 2249 940 2285 et
962 2241 1232 2285 Germaniae
1254 2242 1445 2287 salutem
1474 2242 1695 2286 charitate
1723 2244 1901 2294 affecta,

277 2302 564 2346 confidimus.
590 2303 890 2357 Responsum,
917 2315 1007 2343 una
1029 2315 1132 2343 cum
1155 2300 1376 2344 mandatis
1393 2302 1449 2344 ad
1466 2302 1696 2344 dominum
1720 2301 1907 2357 prouin-

277 2362 435 2406 cialem
459 2363 727 2413 rhenanum,
752 2367 1061 2416 expectamus,
1088 2366 1138 2401 ut
1161 2359 1302 2414 primo
1324 2368 1525 2417 tempore
1548 2360 1722 2403 initium
1746 2361 1906 2404 demus

280 2421 508 2478 plantulae
530 2419 652 2472 huic,
678 2434 813 2475 quam
836 2418 1044 2463 coelestis
1066 2417 1266 2474 agricola
1287 2419 1510 2475 respicere
1532 2434 1708 2474 semper
1730 2419 1855 2471 uelit,
1881 2435 1907 2462 a

274 2495 372 2536 vquo
404 2479 537 2522 etiam
567 2480 621 2522 T.
657 2481 708 2522 P.
742 2479 932 2522 salutem
970 2478 1159 2520 multam
1190 2492 1243 2521 ac
1273 2478 1532 2522 diuturnam
1570 2486 1792 2534 optamus,
1825 2493 1907 2522 nos

282 2553 465 2595 quoque
498 2538 699 2582 eiusdem
731 2537 940 2580 charitati
971 2538 1356 2582 commendantes.
1381 2539 1528 2582 Datae
1546 2538 1719 2594 Spirae,
1758 2550 1809 2591 14
1831 2538 1904 2581 die

282 2598 451 2643 mensis
474 2596 693 2653 Augusti,
718 2611 839 2639 anno
861 2611 887 2639 a
908 2603 1015 2639 nato
1038 2595 1220 2639 Christo
1235 2603 1256 2623 *ἱ
1275 2597 1402 2651 1566.

371 2659 602 2700 DECANUS
626 2670 686 2699 ET
708 2669 986 2699 CAPITULUM
1010 2668 1209 2699 MAIORIS
1232 2669 1494 2700 ECCLESIAE
1518 2668 1764 2699 SPIRENSIS

373 2716 615 2770 Inscriptio
645 2715 695 2757 in
733 2718 898 2770 quarta
922 2715 1134 2770 pagina:
1171 2715 1440 2758 Reuerendo
1477 2715 1521 2758 in
1559 2714 1742 2757 Christo
1781 2713 1907 2756 Patri

279 2777 338 2820 D.
365 2774 606 2819 Francisco
635 2774 692 2817 de
725 2772 907 2829 Borgia,
933 2771 1173 2817 Societatis
1199 2774 1301 2818 Iesu
1328 2773 1585 2830 praeposito
1613 2772 1814 2828 generali
1836 2772 1908 2815 di-

275 2833 515 2891 gnissimo‚
535 2832 679 2876 amico
696 2839 869 2884 nostro,
890 2831 1024 2875 unice
1041 2832 1247 2876 colendo.
1268 2834 1452 2877 Romae
1475 2833 1580 2875 Alia
1597 2846 1754 2874 manu:
1778 2832 1904 2886 1566.

273 2894 344 2950 Sp
346 2893 453 2936 irae.
479 2894 693 2936 Decanus
720 2898 766 2935 et
793 2889 1056 2958 capitulum.
1095 2903 1146 2945 14
1173 2891 1389 2948 Augusti.
1422 2892 1569 2934 Manu
1603 2893 1661 2934 P.
1698 2891 1909 2934 Polavzci.

271 2952 542 3009 Capitulum
566 2949 783 2995 ecclesiae
804 2949 1034 3007 spirensis.
1056 2950 1214 3007 sigilli
1235 2952 1495 3009 vestigium.

360 3097 381 3118 a
421 3088 579 3124 Archet.
588 3115 597 3133 ,
621 3085 788 3123 Christi.
