2228 3548
426 283 501 322 820
1006 281 1145 317 Epis'r.
1173 279 1218 315 P.
1245 277 1396 314 NADAL

1089 452 1305 496 LXXXII

802 547 846 583 P.
870 547 1006 583 EVER
1012 545 1190 583 ARDUS
1209 544 1594 583 MERCURIANUS

1016 643 1157 684 JULIO
1187 643 1378 674 ECHTER

959 724 1145 772 episeopo
1162 722 1426 771 herbipolensi

839 803 1060 856 Romae,
1097 812 1158 857 25
1189 801 1316 858 Maji
1353 812 1485 857 1574
1511 802 1541 847 ¹.

912 890 1175 927 Commendat
1195 891 1245 927 P.
1272 889 1475 926 Natalem.

459 974 559 1019 Nisi
581 988 968 1031 cognosceremus
988 989 1167 1026 omnes,
1194 973 1271 1028 qui
1292 987 1319 1016 e
1340 972 1568 1018 Societate
1583 979 1738 1017 nostra
1754 979 1878 1027 sunt,
1891 974 2010 1018 Cel-

368 1033 579 1078 situdinis
601 1035 710 1078 V.³³²e
732 1033 1059 1079 Serenissimae
1080 1033 1294 1090 pietatem
1318 1046 1372 1076 ac
1395 1031 1644 1088 singularia
1673 1039 1718 1077 et
1746 1032 2008 1089 plenissima

370 1092 668 1150 ¹ienignitatis
699 1107 811 1150 erga
843 1092 1118 1138 Societatem
1156 1100 1355 1136 nostram
1387 1091 1547 1136 merita
1568 1107 1577 1146 ;
1597 1091 1867 1137 'faciendum
1894 1093 2008 1137 mihi

370 1160 594 1209 putarem,
615 1153 690 1197 uel
705 1153 922 1198 deuotum
941 1152 1141 1195 omniurn
1159 1159 1364 1195 nostrum
1383 1153 1488 1198 V.ae
1508 1151 1778 1196 Celsitudini
1795 1151 2003 1197 Serenis—

370 1274 426 1316 R.
453 1273 636 1315 Patrem
658 1270 925 1328 magistrum
949 1273 1293 1327 Hyeronymum
1310 1271 1535 1324 Natalem,
1555 1270 1632 1326 qui
1649 1270 1798 1314 isthuc
1820 1270 1867 1313 in
1883 1271 2004 1315 Ger-

368 1331 562 1374 maniam
588 1330 730 1383 uenit,
755 1337 800 1376 et
822 1330 1083 1386 aliquandiu
1107 1330 1253 1375 Halae
1273 1336 1634 1373 commoraturus
1650 1337 1735 1383 est,
1759 1329 2003 1387 diligenter

369 1391 746 1434 commendarem.
779 1391 951 1434 Verum
984 1404 1086 1433 cum
1119 1389 1219 1442 ille,
1245 1396 1425 1445 praeter
1454 1390 1567 1433 haec
1599 1389 1770 1442 omnia,
1795 1389 2000 1446 obsequii

367 1464 479 1506 erga
501 1449 643 1505 ipsam
665 1448 809 1492 nostri
837 1449 921 1493 erit
954 1448 1098 1502 testis,
1123 1450 1212 1492 hoc
1243 1448 1353 1491 mihi
1384 1448 1493 1492 satis
1523 1448 1608 1492 erit
1638 1449 1804 1498 dicere,
1829 1450 1999 1492 bonum

370 1511 493 1552 hunc
515 1509 723 1563 Patrem,
748 1515 884 1564 atque
906 1509 962 1551 de
991 1508 1219 1553 Societate
1246 1515 1400 1552 nostra
1427 1507 1597 1564 optime
1623 1507 1855 1562 meritum,
1880 1509 2000 1552 Ger-

369 1567 547 1612 maniae
569 1582 746 1623 Semper
767 1582 921 1612 amore
943 1568 1075 1612 ualde
1099 1567 1238 1611 fuisse
1270 1568 1482 1612 affectum
1503 1582 1513 1621 3
1548 1581 1666 1623 quae
1696 1567 1822 1611 illum
1853 1582 1925 1611 res
1946 1582 1998 1612 ac

369 1634 555 1671 sanctae
577 1626 808 1684 religionis
830 1627 953 1670 zelus
976 1628 1123 1670 adhuc
1146 1626 1339 1682 impulit,
1359 1634 1411 1670 ut
1426 1628 1510 1671 hos
1526 1641 1636 1671 suae
1651 1627 1900 1671 senectutis
1915 1627 1998 1670 ali-

368 1694 480 1742 quot
515 1700 659 1730 annos
695 1686 828 1729 isthic
864 1687 1111 1742 impendat,
1146 1685 1343 1741 fideique
1375 1685 1705 1730 restitutionem
1738 1693 1784 1729 et
1819 1685 2000 1742 pietatis

367 1745 758 1802 propagationem,
779 1745 944 1801 quibus
967 1745 1135 1801 poterit
1157 1744 1423 1797 rationibus,
1445 1745 1587 1790 iuuet.
1609 1746 1710 1788 Hoc
1728 1745 1998 1790 Celsitudini

368 1807 473 1850 V.⁸⁶
501 1805 682 1850 Sexumae
704 1819 799 1848 non
819 1805 975 1848 dubito
994 1804 1103 1860 quin
1126 1804 1183 1847 sit
1206 1805 1410 1847 futurum
1433 1803 1755 1861 gratissimum,
1779 1804 1868 1856 cui,
1895 1812 2000 1860 post

366 1864 663 1908 humillimam
695 1863 742 1906 in
772 1864 967 1907 Domino
1004 1863 1339 1916 salutationem,
1371 1863 1504 1920 cupio
1540 1879 1565 1907 a
1602 1863 1758 1908 diuina
1792 1863 1995 1907 bonitate

364 1923 517 1967 omnia
542 1925 663 1966 bona
693 1922 998 1978 diuturnaque
1028 1924 1085 1966 ad
1117 1923 1187 1966 sui
1219 1922 1362 1966 sancti
1394 1922 1589 1966 nominis
1626 1923 1815 1980 gloriam
1854 1922 1992 1967 uitam

363 1983 568 2028 concedi.
594 1984 779 2037 Romae,
805 1993 858 2037 25
884 1982 990 2038 Maji
1019 1993 1145 2038 1574.

1063 2096 1295 2139 LXXXIII

904 2185 949 2219 B.
977 2183 1181 2220 PETRUS
1208 2183 1450 2220 CANISIUS

792 2275 932 2305 PATRI
969 2275 1223 2305 EVERARDO
1256 2274 1569 2305 MERCURIANO

838 2349 1120 2405 Oeniponte,
1153 2362 1203 2407 19
1220 2349 1329 2407 Julii
1357 2360 1467 2404 1574
1482 2350 1517 2395 ².

682 2439 732 2474 P.
752 2437 914 2474 Natalis
928 2439 1103 2474 adventu
1122 2438 1166 2473 in
1187 2436 1453 2473 Germaniam
1473 2436 1667 2474 laetatur.

450 2518 598 2559 Tanto
620 2515 794 2572 gratior
815 2514 945 2557 nobis
968 2521 1013 2559 et
1036 2514 1118 2558 toti
1140 2514 1391 2570 provintiae
1417 2513 1611 2570 contigit
1633 2516 1685 2557 P.
1711 2514 1885 2558 Natalis
1906 2516 1990 2558 ad—

358 2582 540 2628 ventus,
560 2589 650 2630 quo
666 2574 742 2619 ille
759 2573 843 2617 fuit
859 2573 1198 2630 inexpectatior.
1220 2575 1478 2629 Utcumque
1493 2574 1630 2617 habet
1646 2574 1884 2627 hactenus,
1900 2575 1987 2619 Dei

356 2634 520 2689 gratia,
546 2649 680 2689 quem
704 2648 793 2690 ego
815 2639 963 2677 tamen
987 2633 1177 2689 optarim
1200 2632 1385 2689 reginae
1403 2631 1838 2677 commendatiorem
1867 2648 1981 2678 esse.

356 2693 644 2738 Imbecillitas
667 2694 783 2736 haec
806 2706 1124 2748 germanorum
1155 2699 1246 2744 est,
1271 2698 1323 2734 ut
1354 2706 1461 2735 suos
1492 2698 1538 2736 et
1568 2705 1809 2747 germanos
1840 2693 1986 2749 magis

356 2767 492 2806 quam
518 2760 698 2797 exteros
721 2758 767 2796 et
787 2750 1002 2806 hispanos
1024 2758 1177 2796 ament
1199 2758 1335 2806 atque
1353 2751 1726 2807 complectantur.
1746 2752 1888 2795 Deest
1903 2752 1987 2794 ali-

352 2811 462 2865 quid
484 2813 605 2854 bono
629 2810 752 2855 Patri
774 2811 831 2853 ad
852 2825 929 2853 eas
951 2810 1308 2862 commoditates,
1334 2824 1446 2866 quas
1467 2809 1514 2852 in
1537 2810 1783 2853 tractandis
1804 2810 1980 2863 studiis,

351 2870 538 2925 suisque
555 2869 735 2926 scriptis
750 2869 1054 2922 absolvendis,
1074 2869 1330 2913 desiderare
1346 2869 1539 2914 videtur.
1557 2869 1648 2914 Sed
1664 2876 1766 2926 post
1780 2883 1982 2914 mensem

418 2999 428 3019 ¹
480 3000 538 3034 Ex
555 3000 743 3046 Regesto,
767 2998 866 3035 Cod.
889 3009 932 3043 33
943 2997 998 3045 j),
1020 2999 1085 3034 sol.
1109 3007 1164 3034 11.

415 3059 429 3079 2
480 3059 538 3093 Ex
556 3058 811 3106 autographo,
830 3057 869 3093 in
888 3059 1016 3105 Epist.
1039 3057 1208 3104 Canisii,
1229 3057 1281 3103 11,
1299 3065 1382 3104 274.
