<?xml version="1.0" encoding="UTF-8"?>
<!DOCTYPE html PUBLIC "-//W3C//DTD XHTML 1.0 Transitional//EN"
    "http://www.w3.org/TR/xhtml1/DTD/xhtml1-transitional.dtd">
<html xmlns="http://www.w3.org/1999/xhtml" xml:lang="en" lang="en">
 <head>
  <title>
</title>
<meta http-equiv="Content-Type" content="text/html;charset=utf-8" />
  <meta name='ocr-system' content='tesseract 3.04.00' />
  <meta name='ocr-capabilities' content='ocr_page ocr_carea ocr_par ocr_line ocrx_word'/>
</head>
<body>
  <div class='ocr_page' id='page_1' title='image "./epistolaephieron03nadauoft_0795.png"; bbox 0 0 2228 3548; ppageno 0'>
   <div class='ocr_carea' id='block_1_1' title="bbox 1019 277 1896 324">
    <p class='ocr_par' dir='ltr' id='par_1_1' title="bbox 1019 277 1896 324">
     <span class='ocr_line' id='line_1_1' title="bbox 1019 277 1896 324; baseline -0.003 -11"><span class='ocrx_word' id='word_1_1' title='bbox 1019 277 1240 314; x_wconf 69' lang='lat' dir='ltr'><strong>Appssnmx</strong></span> <span class='ocrx_word' id='word_1_2' title='bbox 1825 284 1896 324; x_wconf 86' lang='lat'><strong>757</strong></span> 
     </span>
    </p>
   </div>
   <div class='ocr_carea' id='block_1_2' title="bbox 301 370 1952 2158">
    <p class='ocr_par' dir='ltr' id='par_1_2' title="bbox 312 370 1952 496">
     <span class='ocr_line' id='line_1_2' title="bbox 312 370 1952 437; baseline -0.002 -11"><span class='ocrx_word' id='word_1_3' title='bbox 312 380 429 426; x_wconf 89' lang='lat' dir='ltr'><strong>ctori</strong></span> <span class='ocrx_word' id='word_1_4' title='bbox 455 379 670 426; x_wconf 87' lang='lat' dir='ltr'><strong>Mauritio</strong></span> <span class='ocrx_word' id='word_1_5' title='bbox 698 379 1032 425; x_wconf 90' lang='lat' dir='ltr'><strong>Umbelmanno</strong></span> <span class='ocrx_word' id='word_1_6' title='bbox 1060 377 1251 435; x_wconf 85' lang='lat' dir='ltr'>syndico</span> <span class='ocrx_word' id='word_1_7' title='bbox 1283 377 1469 436; x_wconf 90' lang='lat' dir='ltr'><strong>capituli</strong></span> <span class='ocrx_word' id='word_1_8' title='bbox 1505 370 1736 436; x_wconf 80' lang='lat' dir='ltr'><strong>spirensis,</strong></span> <span class='ocrx_word' id='word_1_9' title='bbox 1761 393 1788 437; x_wconf 82' lang='lat' dir='ltr'><strong>a</strong></span> <span class='ocrx_word' id='word_1_10' title='bbox 1817 379 1952 436; x_wconf 89' lang='lat' dir='ltr'><strong>Spira</strong></span> 
     </span>
     <span class='ocr_line' id='line_1_3' title="bbox 313 437 1886 496; baseline -0.003 -10"><span class='ocrx_word' id='word_1_11' title='bbox 313 440 553 486; x_wconf 83' lang='lat' dir='ltr'><strong>decedenti</strong></span> <span class='ocrx_word' id='word_1_12' title='bbox 580 447 617 493; x_wconf 76' lang='lat'><strong>²,</strong></span> <span class='ocrx_word' id='word_1_13' title='bbox 642 454 715 483; x_wconf 94' lang='lat' dir='ltr'><strong>me</strong></span> <span class='ocrx_word' id='word_1_14' title='bbox 737 440 958 496; x_wconf 90' lang='lat' dir='ltr'><strong>probante</strong></span> <span class='ocrx_word' id='word_1_15' title='bbox 983 438 1022 492; x_wconf 75' lang='lat' dir='ltr'><strong>b,</strong></span> <span class='ocrx_word' id='word_1_16' title='bbox 1046 438 1120 481; x_wconf 92' lang='lat' dir='ltr'><strong>die</strong></span> <span class='ocrx_word' id='word_1_17' title='bbox 1140 437 1296 481; x_wconf 86' lang='lat' dir='ltr'><strong>martis</strong></span> <span class='ocrx_word' id='word_1_18' title='bbox 1318 445 1452 495; x_wconf 88' lang='lat' dir='ltr'><strong>postc</strong></span> <span class='ocrx_word' id='word_1_19' title='bbox 1474 439 1639 482; x_wconf 88' lang='lat' dir='ltr'><strong>festum</strong></span> <span class='ocrx_word' id='word_1_20' title='bbox 1660 440 1830 495; x_wconf 85' lang='lat' dir='ltr'><strong>pasche</strong></span> <span class='ocrx_word' id='word_1_21' title='bbox 1859 443 1886 482; x_wconf 89' lang='lat'><strong>¹.</strong></span> 
     </span>
    </p>

    <p class='ocr_par' dir='ltr' id='par_1_3' title="bbox 301 497 1951 1627">
     <span class='ocr_line' id='line_1_4' title="bbox 407 497 1949 554; baseline -0.003 -10"><span class='ocrx_word' id='word_1_22' title='bbox 407 498 701 544; x_wconf 85' lang='lat' dir='ltr'>Honorabilis</span> <span class='ocrx_word' id='word_1_23' title='bbox 722 505 768 543; x_wconf 91' lang='lat' dir='ltr'><strong>et</strong></span> <span class='ocrx_word' id='word_1_24' title='bbox 795 497 1050 542; x_wconf 89' lang='lat' dir='ltr'><strong>eruditione</strong></span> <span class='ocrx_word' id='word_1_25' title='bbox 1075 506 1332 554; x_wconf 89' lang='lat' dir='ltr'><strong>praestans,</strong></span> <span class='ocrx_word' id='word_1_26' title='bbox 1357 498 1541 543; x_wconf 91' lang='lat' dir='ltr'><strong>domine</strong></span> <span class='ocrx_word' id='word_1_27' title='bbox 1570 497 1771 554; x_wconf 87' lang='lat' dir='ltr'><strong>syndice.</strong></span> <span class='ocrx_word' id='word_1_28' title='bbox 1798 499 1949 554; x_wconf 78' lang='lat' dir='ltr'><strong>Quem</strong></span> 
     </span>
     <span class='ocr_line' id='line_1_5' title="bbox 314 555 1949 613; baseline -0.002 -10"><span class='ocrx_word' id='word_1_29' title='bbox 314 560 516 604; x_wconf 90' lang='lat' dir='ltr'><strong>libellum</strong></span> <span class='ocrx_word' id='word_1_30' title='bbox 531 557 802 602; x_wconf 87' lang='lat' dir='ltr'><strong>venerabilis</strong></span> <span class='ocrx_word' id='word_1_31' title='bbox 819 557 1029 601; x_wconf 90' lang='lat' dir='ltr'><strong>dominus</strong></span> <span class='ocrx_word' id='word_1_32' title='bbox 1037 555 1306 612; x_wconf 84' lang='lat' dir='ltr'><strong>jesuitarum</strong></span> <span class='ocrx_word' id='word_1_33' title='bbox 1321 557 1631 613; x_wconf 77' lang='lat' dir='ltr'><strong>prouincialis&#39;</strong></span> <span class='ocrx_word' id='word_1_34' title='bbox 1653 564 1761 601; x_wconf 90' lang='lat' dir='ltr'><strong>ante</strong></span> <span class='ocrx_word' id='word_1_35' title='bbox 1777 571 1949 613; x_wconf 90' lang='lat' dir='ltr'><strong>paucos</strong></span> 
     </span>
     <span class='ocr_line' id='line_1_6' title="bbox 315 616 1950 672; baseline -0.001 -10"><span class='ocrx_word' id='word_1_36' title='bbox 315 620 415 662; x_wconf 91' lang='lat' dir='ltr'><strong>dies</strong></span> <span class='ocrx_word' id='word_1_37' title='bbox 450 619 584 662; x_wconf 89' lang='lat' dir='ltr'><strong>nobis</strong></span> <span class='ocrx_word' id='word_1_38' title='bbox 619 617 974 661; x_wconf 90' lang='lat' dir='ltr'><strong>communicauit</strong></span> <span class='ocrx_word' id='word_1_39' title='bbox 1004 616 1268 672; x_wconf 89' lang='lat' dir='ltr'><strong>legendum,</strong></span> <span class='ocrx_word' id='word_1_40' title='bbox 1303 631 1407 661; x_wconf 90' lang='lat' dir='ltr'><strong>eum</strong></span> <span class='ocrx_word' id='word_1_41' title='bbox 1438 631 1564 670; x_wconf 87' lang='lat' dir='ltr'><strong>sane,</strong></span> <span class='ocrx_word' id='word_1_42' title='bbox 1605 624 1825 672; x_wconf 84' lang='lat' dir='ltr'><strong>quantum</strong></span> <span class='ocrx_word' id='word_1_43' title='bbox 1862 618 1950 660; x_wconf 92' lang='lat' dir='ltr'><strong>hoc</strong></span> 
     </span>
     <span class='ocr_line' id='line_1_7' title="bbox 316 675 1951 735; baseline -0.003 -12"><span class='ocrx_word' id='word_1_44' title='bbox 316 685 521 735; x_wconf 90' lang='lat' dir='ltr'><strong>tempore</strong></span> <span class='ocrx_word' id='word_1_45' title='bbox 542 677 640 722; x_wconf 89' lang='lat' dir='ltr'><strong>fieri</strong></span> <span class='ocrx_word' id='word_1_46' title='bbox 657 677 820 734; x_wconf 91' lang='lat' dir='ltr'><strong>potuit,</strong></span> <span class='ocrx_word' id='word_1_47' title='bbox 839 675 1117 733; x_wconf 85' lang='lat' dir='ltr'><strong>perlegimus</strong></span> <span class='ocrx_word' id='word_1_48' title='bbox 1135 675 1268 720; x_wconf 86' lang='lat' dir='ltr'><strong>auide</strong></span> <span class='ocrx_word' id='word_1_49' title='bbox 1284 683 1330 720; x_wconf 92' lang='lat' dir='ltr'><strong>et</strong></span> <span class='ocrx_word' id='word_1_50' title='bbox 1345 676 1553 729; x_wconf 87' lang='lat' dir='ltr'><strong>libenter,</strong></span> <span class='ocrx_word' id='word_1_51' title='bbox 1573 675 1620 718; x_wconf 92' lang='lat' dir='ltr'><strong>in</strong></span> <span class='ocrx_word' id='word_1_52' title='bbox 1636 689 1782 731; x_wconf 92' lang='lat' dir='ltr'><strong>eoque</strong></span> <span class='ocrx_word' id='word_1_53' title='bbox 1799 675 1951 719; x_wconf 88' lang='lat' dir='ltr'><strong>omnia</strong></span> 
     </span>
     <span class='ocr_line' id='line_1_8' title="bbox 316 734 1947 793; baseline -0.003 -11"><span class='ocrx_word' id='word_1_54' title='bbox 316 739 373 782; x_wconf 88' lang='lat' dir='ltr'><strong>ad</strong></span> <span class='ocrx_word' id='word_1_55' title='bbox 405 753 539 782; x_wconf 89' lang='lat' dir='ltr'><strong>verae</strong></span> <span class='ocrx_word' id='word_1_56' title='bbox 566 736 747 793; x_wconf 90' lang='lat' dir='ltr'><strong>pietatis</strong></span> <span class='ocrx_word' id='word_1_57' title='bbox 762 739 1043 780; x_wconf 91' lang='lat' dir='ltr'><strong>incrementa</strong></span> <span class='ocrx_word' id='word_1_58' title='bbox 1064 734 1264 790; x_wconf 83' lang='lat' dir='ltr'><strong>cogitata</strong></span> <span class='ocrx_word' id='word_1_59' title='bbox 1291 742 1336 779; x_wconf 91' lang='lat' dir='ltr'><strong>et</strong></span> <span class='ocrx_word' id='word_1_60' title='bbox 1363 734 1570 779; x_wconf 88' lang='lat' dir='ltr'><strong>instituta</strong></span> <span class='ocrx_word' id='word_1_61' title='bbox 1599 749 1700 779; x_wconf 90' lang='lat' dir='ltr'><strong>esse</strong></span> <span class='ocrx_word' id='word_1_62' title='bbox 1727 734 1947 778; x_wconf 87' lang='lat' dir='ltr'><strong>intellexi-</strong></span> 
     </span>
     <span class='ocr_line' id='line_1_9' title="bbox 313 793 1948 852; baseline -0.002 -12"><span class='ocrx_word' id='word_1_63' title='bbox 313 812 431 840; x_wconf 90' lang='lat' dir='ltr'><strong>mus.</strong></span> <span class='ocrx_word' id='word_1_64' title='bbox 458 797 602 841; x_wconf 86' lang='lat' dir='ltr'><strong>Valde</strong></span> <span class='ocrx_word' id='word_1_65' title='bbox 623 796 764 852; x_wconf 89' lang='lat' dir='ltr'><strong>igitur</strong></span> <span class='ocrx_word' id='word_1_66' title='bbox 786 795 1030 852; x_wconf 87' lang='lat' dir='ltr'><strong>probamus</strong></span> <span class='ocrx_word' id='word_1_67' title='bbox 1053 795 1172 837; x_wconf 90' lang='lat' dir='ltr'><strong>hanc</strong></span> <span class='ocrx_word' id='word_1_68' title='bbox 1193 794 1313 837; x_wconf 89' lang='lat' dir='ltr'><strong>vitae</strong></span> <span class='ocrx_word' id='word_1_69' title='bbox 1329 801 1375 837; x_wconf 91' lang='lat' dir='ltr'><strong>et</strong></span> <span class='ocrx_word' id='word_1_70' title='bbox 1390 794 1570 850; x_wconf 90' lang='lat' dir='ltr'><strong>pietatis</strong></span> <span class='ocrx_word' id='word_1_71' title='bbox 1586 793 1884 838; x_wconf 89' lang='lat' dir='ltr'><strong>intentionem</strong></span> <span class='ocrx_word' id='word_1_72' title='bbox 1901 801 1948 837; x_wconf 89' lang='lat' dir='ltr'><strong>et</strong></span> 
     </span>
     <span class='ocr_line' id='line_1_10' title="bbox 312 853 1947 909; baseline -0.003 -9"><span class='ocrx_word' id='word_1_73' title='bbox 312 856 474 901; x_wconf 90' lang='lat' dir='ltr'><strong>merito</strong></span> <span class='ocrx_word' id='word_1_74' title='bbox 491 856 577 899; x_wconf 89' lang='lat' dir='ltr'><strong>illis</strong></span> <span class='ocrx_word' id='word_1_75' title='bbox 593 868 933 907; x_wconf 87' lang='lat' dir='ltr'><strong>succensemus,</strong></span> <span class='ocrx_word' id='word_1_76' title='bbox 952 853 1030 909; x_wconf 91' lang='lat' dir='ltr'><strong>qui</strong></span> <span class='ocrx_word' id='word_1_77' title='bbox 1052 854 1274 896; x_wconf 90' lang='lat' dir='ltr'><strong>hactenus</strong></span> <span class='ocrx_word' id='word_1_78' title='bbox 1294 854 1525 897; x_wconf 89' lang='lat' dir='ltr'><strong>diuersum</strong></span> <span class='ocrx_word' id='word_1_79' title='bbox 1546 854 1603 897; x_wconf 91' lang='lat' dir='ltr'><strong>de</strong></span> <span class='ocrx_word' id='word_1_80' title='bbox 1618 853 1798 909; x_wconf 85' lang='lat' dir='ltr'><strong>jesuitis</strong></span> <span class='ocrx_word' id='word_1_81' title='bbox 1819 867 1947 909; x_wconf 86' lang='lat' dir='ltr'><strong>spar-</strong></span> 
     </span>
     <span class='ocr_line' id='line_1_11' title="bbox 313 912 1944 970; baseline -0.002 -10"><span class='ocrx_word' id='word_1_82' title='bbox 313 923 486 968; x_wconf 86' lang='lat' dir='ltr'><strong>serunt,</strong></span> <span class='ocrx_word' id='word_1_83' title='bbox 507 929 691 970; x_wconf 88' lang='lat' dir='ltr'><strong>eosque,</strong></span> <span class='ocrx_word' id='word_1_84' title='bbox 710 915 991 966; x_wconf 84' lang='lat' dir='ltr'><strong>innocenteS,</strong></span> <span class='ocrx_word' id='word_1_85' title='bbox 1011 928 1068 958; x_wconf 87' lang='lat' dir='ltr'><strong>ex</strong></span> <span class='ocrx_word' id='word_1_86' title='bbox 1083 921 1207 956; x_wconf 84' lang='lat' dir='ltr'><strong>mera</strong></span> <span class='ocrx_word' id='word_1_87' title='bbox 1222 912 1392 956; x_wconf 92' lang='lat' dir='ltr'><strong>inuidia</strong></span> <span class='ocrx_word' id='word_1_88' title='bbox 1407 913 1548 969; x_wconf 87' lang='lat' dir='ltr'><strong>vulgo</strong></span> <span class='ocrx_word' id='word_1_89' title='bbox 1565 912 1944 968; x_wconf 85' lang='lat' dir='ltr'><strong>perstrinxerunt.</strong></span> 
     </span>
     <span class='ocr_line' id='line_1_12' title="bbox 313 971 1947 1031; baseline -0.002 -13"><span class='ocrx_word' id='word_1_90' title='bbox 313 977 470 1031; x_wconf 80' lang='lat' dir='ltr'><strong>Quare</strong></span> <span class='ocrx_word' id='word_1_91' title='bbox 486 976 588 1019; x_wconf 89' lang='lat' dir='ltr'><strong>Iesu</strong></span> <span class='ocrx_word' id='word_1_92' title='bbox 605 974 809 1019; x_wconf 85' lang='lat' dir='ltr'><strong>Societas</strong></span> <span class='ocrx_word' id='word_1_93' title='bbox 830 979 900 1017; x_wconf 88' lang='lat' dir='ltr'><strong>est</strong></span> <span class='ocrx_word' id='word_1_94' title='bbox 912 1007 922 1027; x_wconf 95' lang='lat'><strong>,</strong></span> <span class='ocrx_word' id='word_1_95' title='bbox 942 983 988 1015; x_wconf 90' lang='lat' dir='ltr'><strong>et</strong></span> <span class='ocrx_word' id='word_1_96' title='bbox 1009 971 1095 1016; x_wconf 90' lang='lat' dir='ltr'><strong>erit</strong></span> <span class='ocrx_word' id='word_1_97' title='bbox 1116 972 1263 1024; x_wconf 90' lang='lat' dir='ltr'><strong>nobis,</strong></span> <span class='ocrx_word' id='word_1_98' title='bbox 1282 980 1332 1014; x_wconf 91' lang='lat' dir='ltr'><strong>vt</strong></span> <span class='ocrx_word' id='word_1_99' title='bbox 1346 986 1464 1027; x_wconf 86' lang='lat' dir='ltr'><strong>quae</strong></span> <span class='ocrx_word' id='word_1_100' title='bbox 1485 971 1696 1024; x_wconf 87' lang='lat' dir='ltr'><strong>maxime,</strong></span> <span class='ocrx_word' id='word_1_101' title='bbox 1715 986 1947 1015; x_wconf 88' lang='lat' dir='ltr'><strong>commen-</strong></span> 
     </span>
     <span class='ocr_line' id='line_1_13' title="bbox 310 1030 1946 1089; baseline -0.003 -11"><span class='ocrx_word' id='word_1_102' title='bbox 310 1037 438 1087; x_wconf 89' lang='lat' dir='ltr'><strong>data,</strong></span> <span class='ocrx_word' id='word_1_103' title='bbox 469 1042 716 1089; x_wconf 91' lang='lat' dir='ltr'><strong>nostroque</strong></span> <span class='ocrx_word' id='word_1_104' title='bbox 745 1033 903 1076; x_wconf 89' lang='lat' dir='ltr'><strong>fauore</strong></span> <span class='ocrx_word' id='word_1_105' title='bbox 930 1031 1220 1088; x_wconf 86' lang='lat' dir='ltr'><strong>singulariter</strong></span> <span class='ocrx_word' id='word_1_106' title='bbox 1250 1031 1605 1087; x_wconf 81' lang='lat' dir='ltr'><strong>complectenda.</strong></span> <span class='ocrx_word' id='word_1_107' title='bbox 1632 1032 1697 1074; x_wconf 91' lang='lat' dir='ltr'><strong>Te</strong></span> <span class='ocrx_word' id='word_1_108' title='bbox 1724 1045 1849 1083; x_wconf 90' lang='lat' dir='ltr'><strong>vero,</strong></span> <span class='ocrx_word' id='word_1_109' title='bbox 1884 1030 1946 1073; x_wconf 90' lang='lat' dir='ltr'><strong>mi</strong></span> 
     </span>
     <span class='ocr_line' id='line_1_14' title="bbox 311 1089 1946 1150; baseline -0.002 -13"><span class='ocrx_word' id='word_1_110' title='bbox 311 1093 515 1150; x_wconf 88' lang='lat' dir='ltr'><strong>syndice,</strong></span> <span class='ocrx_word' id='word_1_111' title='bbox 534 1107 756 1150; x_wconf 86' lang='lat' dir='ltr'><strong>propense</strong></span> <span class='ocrx_word' id='word_1_112' title='bbox 773 1105 1004 1148; x_wconf 87' lang='lat' dir='ltr'><strong>rogamus,</strong></span> <span class='ocrx_word' id='word_1_113' title='bbox 1030 1097 1078 1134; x_wconf 90' lang='lat' dir='ltr'><strong>ut</strong></span> <span class='ocrx_word' id='word_1_114' title='bbox 1099 1090 1281 1133; x_wconf 91' lang='lat' dir='ltr'><strong>domino</strong></span> <span class='ocrx_word' id='word_1_115' title='bbox 1298 1090 1562 1146; x_wconf 90' lang='lat' dir='ltr'><strong>prouincialj</strong></span> <span class='ocrx_word' id='word_1_116' title='bbox 1587 1090 1868 1146; x_wconf 90' lang='lat' dir='ltr'><strong>praedictum</strong></span> <span class='ocrx_word' id='word_1_117' title='bbox 1889 1089 1946 1133; x_wconf 92' lang='lat' dir='ltr'><strong>li-</strong></span> 
     </span>
     <span class='ocr_line' id='line_1_15' title="bbox 310 1148 1946 1208; baseline -0.002 -12"><span class='ocrx_word' id='word_1_118' title='bbox 310 1154 496 1206; x_wconf 89' lang='lat' dir='ltr'><strong>bellum,</strong></span> <span class='ocrx_word' id='word_1_119' title='bbox 521 1152 651 1196; x_wconf 90' lang='lat' dir='ltr'><strong>nobis</strong></span> <span class='ocrx_word' id='word_1_120' title='bbox 682 1165 762 1208; x_wconf 92' lang='lat' dir='ltr'><strong>per</strong></span> <span class='ocrx_word' id='word_1_121' title='bbox 782 1165 831 1194; x_wconf 92' lang='lat' dir='ltr'><strong>se</strong></span> <span class='ocrx_word' id='word_1_122' title='bbox 855 1149 1084 1201; x_wconf 86' lang='lat' dir='ltr'><strong>traditum,</strong></span> <span class='ocrx_word' id='word_1_123' title='bbox 1109 1149 1302 1195; x_wconf 78' lang='lat' dir='ltr'><strong>fideliter</strong></span> <span class='ocrx_word' id='word_1_124' title='bbox 1331 1149 1479 1204; x_wconf 91' lang='lat' dir='ltr'><strong>reddj,</strong></span> <span class='ocrx_word' id='word_1_125' title='bbox 1504 1156 1549 1192; x_wconf 93' lang='lat' dir='ltr'><strong>et</strong></span> <span class='ocrx_word' id='word_1_126' title='bbox 1578 1156 1732 1192; x_wconf 91' lang='lat' dir='ltr'><strong>nostro</strong></span> <span class='ocrx_word' id='word_1_127' title='bbox 1764 1148 1946 1192; x_wconf 88' lang='lat' dir='ltr'><strong>nomine</strong></span> 
     </span>
     <span class='ocr_line' id='line_1_16' title="bbox 311 1208 1943 1270; baseline -0.003 -14"><span class='ocrx_word' id='word_1_128' title='bbox 311 1212 480 1270; x_wconf 84' lang='lat' dir='ltr'><strong>gratias</strong></span> <span class='ocrx_word' id='word_1_129' title='bbox 493 1226 566 1268; x_wconf 68' lang='lat' dir='ltr'><strong>a.</strong></span> <span class='ocrx_word' id='word_1_130' title='bbox 590 1211 748 1256; x_wconf 91' lang='lat' dir='ltr'><strong>sedulo</strong></span> <span class='ocrx_word' id='word_1_131' title='bbox 769 1209 1025 1267; x_wconf 88' lang='lat' dir='ltr'><strong>prouideas.</strong></span> <span class='ocrx_word' id='word_1_132' title='bbox 1051 1209 1150 1253; x_wconf 90' lang='lat' dir='ltr'><strong>Nisi</strong></span> <span class='ocrx_word' id='word_1_133' title='bbox 1172 1209 1271 1252; x_wconf 90' lang='lat' dir='ltr'><strong>aliis</strong></span> <span class='ocrx_word' id='word_1_134' title='bbox 1291 1209 1349 1253; x_wconf 93' lang='lat' dir='ltr'><strong>de</strong></span> <span class='ocrx_word' id='word_1_135' title='bbox 1369 1208 1614 1265; x_wconf 91' lang='lat' dir='ltr'><strong>improuiso</strong></span> <span class='ocrx_word' id='word_1_136' title='bbox 1635 1208 1943 1252; x_wconf 87' lang='lat' dir='ltr'><strong>interuenien-</strong></span> 
     </span>
     <span class='ocr_line' id='line_1_17' title="bbox 311 1267 1945 1328; baseline -0.003 -13"><span class='ocrx_word' id='word_1_137' title='bbox 311 1273 433 1315; x_wconf 88' lang='lat' dir='ltr'><strong>tibus</strong></span> <span class='ocrx_word' id='word_1_138' title='bbox 454 1270 650 1328; x_wconf 89' lang='lat' dir='ltr'><strong>negotiis</strong></span> <span class='ocrx_word' id='word_1_139' title='bbox 673 1270 914 1313; x_wconf 85' lang='lat' dir='ltr'><strong>fuissemus</strong></span> <span class='ocrx_word' id='word_1_140' title='bbox 930 1268 1150 1325; x_wconf 88' lang='lat' dir='ltr'><strong>impeditj,</strong></span> <span class='ocrx_word' id='word_1_141' title='bbox 1175 1283 1292 1323; x_wconf 88' lang='lat' dir='ltr'><strong>quae</strong></span> <span class='ocrx_word' id='word_1_142' title='bbox 1314 1282 1495 1324; x_wconf 89' lang='lat' dir='ltr'><strong>quoque</strong></span> <span class='ocrx_word' id='word_1_143' title='bbox 1517 1282 1624 1320; x_wconf 90' lang='lat' dir='ltr'><strong>nos,</strong></span> <span class='ocrx_word' id='word_1_144' title='bbox 1655 1267 1789 1310; x_wconf 91' lang='lat' dir='ltr'><strong>citius</strong></span> <span class='ocrx_word' id='word_1_145' title='bbox 1811 1282 1945 1323; x_wconf 91' lang='lat' dir='ltr'><strong>quam</strong></span> 
     </span>
     <span class='ocr_line' id='line_1_18' title="bbox 309 1326 1945 1388; baseline -0.003 -14"><span class='ocrx_word' id='word_1_146' title='bbox 309 1339 597 1388; x_wconf 88' lang='lat' dir='ltr'><strong>putaramus,</strong></span> <span class='ocrx_word' id='word_1_147' title='bbox 627 1329 734 1372; x_wconf 93' lang='lat' dir='ltr'><strong>hinc</strong></span> <span class='ocrx_word' id='word_1_148' title='bbox 762 1334 980 1381; x_wconf 88' lang='lat' dir='ltr'><strong>auocant,</strong></span> <span class='ocrx_word' id='word_1_149' title='bbox 1004 1327 1115 1370; x_wconf 88' lang='lat' dir='ltr'><strong>nihil</strong></span> <span class='ocrx_word' id='word_1_150' title='bbox 1147 1327 1278 1370; x_wconf 89' lang='lat' dir='ltr'><strong>nobis</strong></span> <span class='ocrx_word' id='word_1_151' title='bbox 1309 1327 1436 1384; x_wconf 89' lang='lat' dir='ltr'><strong>prius</strong></span> <span class='ocrx_word' id='word_1_152' title='bbox 1469 1326 1651 1379; x_wconf 90' lang='lat' dir='ltr'><strong>fuisset,</strong></span> <span class='ocrx_word' id='word_1_153' title='bbox 1677 1341 1811 1383; x_wconf 87' lang='lat' dir='ltr'><strong>quam</strong></span> <span class='ocrx_word' id='word_1_154' title='bbox 1841 1340 1945 1370; x_wconf 91' lang='lat' dir='ltr'><strong>cum</strong></span> 
     </span>
     <span class='ocr_line' id='line_1_19' title="bbox 309 1385 1947 1447; baseline -0.003 -13"><span class='ocrx_word' id='word_1_155' title='bbox 309 1390 408 1447; x_wconf 91' lang='lat' dir='ltr'><strong>ipso</strong></span> <span class='ocrx_word' id='word_1_156' title='bbox 423 1389 606 1433; x_wconf 90' lang='lat' dir='ltr'><strong>domino</strong></span> <span class='ocrx_word' id='word_1_157' title='bbox 622 1387 885 1445; x_wconf 89' lang='lat' dir='ltr'><strong>prouincialj</strong></span> <span class='ocrx_word' id='word_1_158' title='bbox 905 1401 1056 1430; x_wconf 87' lang='lat' dir='ltr'><strong>coram</strong></span> <span class='ocrx_word' id='word_1_159' title='bbox 1078 1387 1293 1443; x_wconf 91' lang='lat' dir='ltr'><strong>colloquj,</strong></span> <span class='ocrx_word' id='word_1_160' title='bbox 1318 1386 1440 1443; x_wconf 91' lang='lat' dir='ltr'><strong>quod</strong></span> <span class='ocrx_word' id='word_1_161' title='bbox 1463 1395 1616 1430; x_wconf 90' lang='lat' dir='ltr'><strong>tamen</strong></span> <span class='ocrx_word' id='word_1_162' title='bbox 1638 1385 1947 1429; x_wconf 90' lang='lat' dir='ltr'><strong>commodiore</strong></span> 
     </span>
     <span class='ocr_line' id='line_1_20' title="bbox 309 1444 1947 1504; baseline -0.004 -11"><span class='ocrx_word' id='word_1_163' title='bbox 309 1449 548 1494; x_wconf 89' lang='lat' dir='ltr'><strong>occasione</strong></span> <span class='ocrx_word' id='word_1_164' title='bbox 565 1449 768 1491; x_wconf 88' lang='lat' dir='ltr'><strong>futurum</strong></span> <span class='ocrx_word' id='word_1_165' title='bbox 784 1461 1017 1504; x_wconf 90' lang='lat' dir='ltr'><strong>speramus</strong></span> <span class='ocrx_word' id='word_1_166' title='bbox 1038 1453 1084 1490; x_wconf 94' lang='lat' dir='ltr'><strong>et</strong></span> <span class='ocrx_word' id='word_1_167' title='bbox 1107 1454 1332 1502; x_wconf 88' lang='lat' dir='ltr'><strong>optamus.</strong></span> <span class='ocrx_word' id='word_1_168' title='bbox 1357 1445 1541 1490; x_wconf 91' lang='lat' dir='ltr'><strong>Interim</strong></span> <span class='ocrx_word' id='word_1_169' title='bbox 1564 1459 1658 1488; x_wconf 90' lang='lat' dir='ltr'><strong>non</strong></span> <span class='ocrx_word' id='word_1_170' title='bbox 1682 1444 1947 1502; x_wconf 84' lang='lat' dir='ltr'><strong>grauaberis</strong></span> 
     </span>
     <span class='ocr_line' id='line_1_21' title="bbox 307 1504 1950 1563; baseline -0.004 -11"><span class='ocrx_word' id='word_1_171' title='bbox 307 1524 391 1553; x_wconf 92' lang='lat' dir='ltr'><strong>nos</strong></span> <span class='ocrx_word' id='word_1_172' title='bbox 414 1508 475 1552; x_wconf 91' lang='lat' dir='ltr'><strong>illi</strong></span> <span class='ocrx_word' id='word_1_173' title='bbox 498 1521 738 1560; x_wconf 84' lang='lat' dir='ltr'><strong>excusare,</strong></span> <span class='ocrx_word' id='word_1_174' title='bbox 758 1513 1007 1562; x_wconf 91' lang='lat' dir='ltr'><strong>nostroque</strong></span> <span class='ocrx_word' id='word_1_175' title='bbox 1026 1505 1210 1551; x_wconf 88' lang='lat' dir='ltr'><strong>nomine</strong></span> <span class='ocrx_word' id='word_1_176' title='bbox 1226 1505 1465 1563; x_wconf 90' lang='lat' dir='ltr'><strong>plurimam</strong></span> <span class='ocrx_word' id='word_1_177' title='bbox 1488 1505 1679 1548; x_wconf 88' lang='lat' dir='ltr'><strong>salutem</strong></span> <span class='ocrx_word' id='word_1_178' title='bbox 1698 1504 1743 1547; x_wconf 92' lang='lat' dir='ltr'><strong>in</strong></span> <span class='ocrx_word' id='word_1_179' title='bbox 1763 1504 1950 1548; x_wconf 88' lang='lat' dir='ltr'><strong>Christo</strong></span> 
     </span>
     <span class='ocr_line' id='line_1_22' title="bbox 301 1563 1884 1627; baseline -0.004 -15"><span class='ocrx_word' id='word_1_180' title='bbox 301 1571 413 1627; x_wconf 90' lang='lat' dir='ltr'><strong>Jesu</strong></span> <span class='ocrx_word' id='word_1_181' title='bbox 435 1567 622 1611; x_wconf 90' lang='lat' dir='ltr'><strong>domino</strong></span> <span class='ocrx_word' id='word_1_182' title='bbox 638 1575 794 1610; x_wconf 91' lang='lat' dir='ltr'><strong>nostro</strong></span> <span class='ocrx_word' id='word_1_183' title='bbox 814 1566 980 1610; x_wconf 90' lang='lat' dir='ltr'><strong>dicere.</strong></span> <span class='ocrx_word' id='word_1_184' title='bbox 1006 1566 1106 1622; x_wconf 89' lang='lat' dir='ltr'><strong>lpse</strong></span> <span class='ocrx_word' id='word_1_185' title='bbox 1127 1579 1310 1621; x_wconf 91' lang='lat' dir='ltr'><strong>quoque</strong></span> <span class='ocrx_word' id='word_1_186' title='bbox 1332 1566 1448 1609; x_wconf 90' lang='lat' dir='ltr'><strong>bene</strong></span> <span class='ocrx_word' id='word_1_187' title='bbox 1468 1571 1515 1608; x_wconf 90' lang='lat' dir='ltr'><strong>et</strong></span> <span class='ocrx_word' id='word_1_188' title='bbox 1532 1563 1751 1607; x_wconf 87' lang='lat' dir='ltr'><strong>foeliciter</strong></span> <span class='ocrx_word' id='word_1_189' title='bbox 1766 1565 1884 1608; x_wconf 90' lang='lat' dir='ltr'><strong>vale.</strong></span> 
     </span>
    </p>

    <p class='ocr_par' dir='ltr' id='par_1_4' title="bbox 1414 1626 1705 1675">
     <span class='ocr_line' id='line_1_23' title="bbox 1414 1626 1705 1675; baseline -0.007 -7"><span class='ocrx_word' id='word_1_190' title='bbox 1414 1626 1705 1675; x_wconf 80' lang='lat' dir='ltr'><strong>MARQUARD.</strong></span> 
     </span>
    </p>

    <p class='ocr_par' dir='ltr' id='par_1_5' title="bbox 304 1679 1947 1919">
     <span class='ocr_line' id='line_1_24' title="bbox 395 1679 1945 1741; baseline -0.004 -12"><span class='ocrx_word' id='word_1_191' title='bbox 395 1687 608 1729; x_wconf 89' lang='lat' dir='ltr'><strong>Tractata</strong></span> <span class='ocrx_word' id='word_1_192' title='bbox 635 1684 875 1728; x_wconf 90' lang='lat' dir='ltr'><strong>nobiscum</strong></span> <span class='ocrx_word' id='word_1_193' title='bbox 904 1683 1078 1728; x_wconf 86' lang='lat' dir='ltr'><strong>ratione</strong></span> <span class='ocrx_word' id='word_1_194' title='bbox 1105 1684 1284 1741; x_wconf 86' lang='lat' dir='ltr'><strong>collegij</strong></span> <span class='ocrx_word' id='word_1_195' title='bbox 1314 1683 1579 1738; x_wconf 90' lang='lat' dir='ltr'><strong>instituendj</strong></span> <span class='ocrx_word' id='word_1_196' title='bbox 1594 1716 1603 1735; x_wconf 96' lang='lat'><strong>,</strong></span> <span class='ocrx_word' id='word_1_197' title='bbox 1630 1689 1807 1725; x_wconf 89' lang='lat' dir='ltr'><strong>mature</strong></span> <span class='ocrx_word' id='word_1_198' title='bbox 1830 1679 1945 1725; x_wconf 89' lang='lat' dir='ltr'><strong>deli-</strong></span> 
     </span>
     <span class='ocr_line' id='line_1_25' title="bbox 306 1742 1947 1800; baseline -0.004 -12"><span class='ocrx_word' id='word_1_199' title='bbox 306 1745 582 1800; x_wconf 87' lang='lat' dir='ltr'><strong>berabimus,</strong></span> <span class='ocrx_word' id='word_1_200' title='bbox 607 1751 653 1788; x_wconf 91' lang='lat' dir='ltr'><strong>et</strong></span> <span class='ocrx_word' id='word_1_201' title='bbox 680 1751 785 1788; x_wconf 89' lang='lat' dir='ltr'><strong>ante</strong></span> <span class='ocrx_word' id='word_1_202' title='bbox 812 1743 1026 1800; x_wconf 88' lang='lat' dir='ltr'><strong>generale</strong></span> <span class='ocrx_word' id='word_1_203' title='bbox 1053 1742 1301 1799; x_wconf 91' lang='lat' dir='ltr'><strong>capitulum</strong></span> <span class='ocrx_word' id='word_1_204' title='bbox 1332 1742 1604 1787; x_wconf 91' lang='lat' dir='ltr'><strong>sententiam</strong></span> <span class='ocrx_word' id='word_1_205' title='bbox 1634 1748 1837 1784; x_wconf 89' lang='lat' dir='ltr'><strong>nostram</strong></span> <span class='ocrx_word' id='word_1_206' title='bbox 1865 1754 1947 1784; x_wconf 86' lang='lat' dir='ltr'><strong>ex-</strong></span> 
     </span>
     <span class='ocr_line' id='line_1_26' title="bbox 305 1799 1946 1862; baseline -0.004 -15"><span class='ocrx_word' id='word_1_207' title='bbox 305 1804 591 1862; x_wconf 91' lang='lat' dir='ltr'><strong>plicabimus,</strong></span> <span class='ocrx_word' id='word_1_208' title='bbox 616 1818 732 1859; x_wconf 88' lang='lat' dir='ltr'><strong>quae</strong></span> <span class='ocrx_word' id='word_1_209' title='bbox 753 1804 1035 1846; x_wconf 90' lang='lat' dir='ltr'><strong>voluntatem</strong></span> <span class='ocrx_word' id='word_1_210' title='bbox 1057 1809 1255 1846; x_wconf 88' lang='lat' dir='ltr'><strong>nostram</strong></span> <span class='ocrx_word' id='word_1_211' title='bbox 1279 1803 1336 1846; x_wconf 90' lang='lat' dir='ltr'><strong>ad</strong></span> <span class='ocrx_word' id='word_1_212' title='bbox 1357 1801 1616 1856; x_wconf 88' lang='lat' dir='ltr'><strong>huiusmodj</strong></span> <span class='ocrx_word' id='word_1_213' title='bbox 1636 1799 1816 1857; x_wconf 89' lang='lat' dir='ltr'><strong>pietatis</strong></span> <span class='ocrx_word' id='word_1_214' title='bbox 1834 1799 1946 1842; x_wconf 87' lang='lat' dir='ltr'><strong>sub-</strong></span> 
     </span>
     <span class='ocr_line' id='line_1_27' title="bbox 304 1857 1938 1919; baseline -0.005 -11"><span class='ocrx_word' id='word_1_215' title='bbox 304 1864 434 1917; x_wconf 89' lang='lat' dir='ltr'><strong>sidia,</strong></span> <span class='ocrx_word' id='word_1_216' title='bbox 459 1870 680 1919; x_wconf 90' lang='lat' dir='ltr'><strong>quantum</strong></span> <span class='ocrx_word' id='word_1_217' title='bbox 701 1862 748 1906; x_wconf 91' lang='lat' dir='ltr'><strong>in</strong></span> <span class='ocrx_word' id='word_1_218' title='bbox 770 1861 902 1905; x_wconf 87' lang='lat' dir='ltr'><strong>nobis</strong></span> <span class='ocrx_word' id='word_1_219' title='bbox 933 1861 1071 1905; x_wconf 91' lang='lat' dir='ltr'><strong>situm</strong></span> <span class='ocrx_word' id='word_1_220' title='bbox 1098 1861 1183 1906; x_wconf 90' lang='lat' dir='ltr'><strong>erit</strong></span> <span class='ocrx_word' id='word_1_221' title='bbox 1199 1895 1209 1913; x_wconf 98' lang='lat'><strong>,</strong></span> <span class='ocrx_word' id='word_1_222' title='bbox 1235 1861 1346 1905; x_wconf 89' lang='lat' dir='ltr'><strong>satis</strong></span> <span class='ocrx_word' id='word_1_223' title='bbox 1375 1875 1643 1918; x_wconf 89' lang='lat' dir='ltr'><strong>propensam</strong></span> <span class='ocrx_word' id='word_1_224' title='bbox 1673 1857 1938 1903; x_wconf 88' lang='lat' dir='ltr'><strong>declarabit.</strong></span> 
     </span>
    </p>

    <p class='ocr_par' dir='ltr' id='par_1_6' title="bbox 305 1919 1943 2158">
     <span class='ocr_line' id='line_1_28' title="bbox 394 1919 1943 1979; baseline -0.005 -13"><span class='ocrx_word' id='word_1_225' title='bbox 394 1923 653 1978; x_wconf 81' lang='lat' dir='ltr'><strong>Inscriptio:</strong></span> <span class='ocrx_word' id='word_1_226' title='bbox 675 1923 706 1979; x_wconf 64' lang='grc' dir='ltr'><strong>’ζ-</strong></span> <span class='ocrx_word' id='word_1_227' title='bbox 728 1922 789 1965; x_wconf 92' lang='lat' dir='ltr'><strong>Al</strong></span> <span class='ocrx_word' id='word_1_228' title='bbox 810 1922 948 1964; x_wconf 88' lang='lat' dir='ltr'><strong>molto</strong></span> <span class='ocrx_word' id='word_1_229' title='bbox 971 1921 1088 1964; x_wconf 90' lang='lat' dir='ltr'><strong>Rdo.</strong></span> <span class='ocrx_word' id='word_1_230' title='bbox 1113 1921 1158 1963; x_wconf 93' lang='lat' dir='ltr'><strong>in</strong></span> <span class='ocrx_word' id='word_1_231' title='bbox 1181 1921 1366 1964; x_wconf 89' lang='lat' dir='ltr'><strong>Christo</strong></span> <span class='ocrx_word' id='word_1_232' title='bbox 1390 1922 1550 1974; x_wconf 87' lang='lat' dir='ltr'><strong>Padre,</strong></span> <span class='ocrx_word' id='word_1_233' title='bbox 1576 1919 1607 1962; x_wconf 93' lang='lat' dir='ltr'><strong>il</strong></span> <span class='ocrx_word' id='word_1_234' title='bbox 1630 1921 1681 1963; x_wconf 94' lang='lat' dir='ltr'><strong>P.</strong></span> <span class='ocrx_word' id='word_1_235' title='bbox 1710 1920 1771 1962; x_wconf 91' lang='lat' dir='ltr'><strong>M.</strong></span> <span class='ocrx_word' id='word_1_236' title='bbox 1799 1919 1834 1960; x_wconf 93' lang='lat' dir='ltr'>F</span> <span class='ocrx_word' id='word_1_237' title='bbox 1838 1932 1943 1960; x_wconf 88' lang='lat' dir='ltr'><strong>ran-</strong></span> 
     </span>
     <span class='ocr_line' id='line_1_29' title="bbox 307 1976 1942 2038; baseline -0.003 -13"><span class='ocrx_word' id='word_1_238' title='bbox 307 1995 440 2026; x_wconf 89' lang='lat' dir='ltr'><strong>cesco</strong></span> <span class='ocrx_word' id='word_1_239' title='bbox 481 1983 538 2026; x_wconf 92' lang='lat' dir='ltr'><strong>de</strong></span> <span class='ocrx_word' id='word_1_240' title='bbox 581 1981 764 2038; x_wconf 87' lang='lat' dir='ltr'><strong>Borgia,</strong></span> <span class='ocrx_word' id='word_1_241' title='bbox 804 1979 1032 2037; x_wconf 88' lang='lat' dir='ltr'><strong>preposito</strong></span> <span class='ocrx_word' id='word_1_242' title='bbox 1069 1981 1282 2036; x_wconf 87' lang='lat' dir='ltr'><strong>generale</strong></span> <span class='ocrx_word' id='word_1_243' title='bbox 1312 1980 1430 2024; x_wconf 86' lang='lat' dir='ltr'><strong>della</strong></span> <span class='ocrx_word' id='word_1_244' title='bbox 1470 1978 1755 2035; x_wconf 89' lang='lat' dir='ltr'><strong>Compagnia</strong></span> <span class='ocrx_word' id='word_1_245' title='bbox 1791 1976 1837 2019; x_wconf 91' lang='lat' dir='ltr'><strong>di</strong></span> <span class='ocrx_word' id='word_1_246' title='bbox 1873 1977 1942 2020; x_wconf 91' lang='lat' dir='ltr'><strong>Ie-</strong></span> 
     </span>
     <span class='ocr_line' id='line_1_30' title="bbox 305 2034 1943 2096; baseline -0.004 -12"><span class='ocrx_word' id='word_1_247' title='bbox 305 2055 400 2094; x_wconf 91' lang='lat' dir='ltr'><strong>sus,</strong></span> <span class='ocrx_word' id='word_1_248' title='bbox 420 2048 506 2086; x_wconf 91' lang='lat' dir='ltr'><strong>etc.</strong></span> <span class='ocrx_word' id='word_1_249' title='bbox 529 2042 579 2084; x_wconf 92' lang='lat' dir='ltr'><strong>In</strong></span> <span class='ocrx_word' id='word_1_250' title='bbox 593 2042 750 2084; x_wconf 89' lang='lat' dir='ltr'><strong>Roma.</strong></span> <span class='ocrx_word' id='word_1_251' title='bbox 768 2041 876 2083; x_wconf 83' lang='lat' dir='ltr'><strong>Alia</strong></span> <span class='ocrx_word' id='word_1_252' title='bbox 889 2054 1046 2082; x_wconf 81' lang='lat' dir='ltr'><strong>manu:</strong></span> <span class='ocrx_word' id='word_1_253' title='bbox 1069 2040 1195 2094; x_wconf 86' lang='lat'><strong>1566.</strong></span> <span class='ocrx_word' id='word_1_254' title='bbox 1214 2039 1476 2096; x_wconf 86' lang='lat' dir='ltr'><strong>Capitulum</strong></span> <span class='ocrx_word' id='word_1_255' title='bbox 1493 2038 1711 2095; x_wconf 88' lang='lat' dir='ltr'><strong>spirense.</strong></span> <span class='ocrx_word' id='word_1_256' title='bbox 1734 2049 1791 2091; x_wconf 83' lang='lat'><strong>24</strong></span> <span class='ocrx_word' id='word_1_257' title='bbox 1808 2034 1943 2092; x_wconf 89' lang='lat' dir='ltr'><strong>Apri-</strong></span> 
     </span>
     <span class='ocr_line' id='line_1_31' title="bbox 305 2100 1086 2158; baseline -0.003 -15"><span class='ocrx_word' id='word_1_258' title='bbox 305 2100 360 2143; x_wconf 90' lang='lat' dir='ltr'><strong>lis</strong></span> <span class='ocrx_word' id='word_1_259' title='bbox 382 2102 414 2143; x_wconf 78' lang='lat'><strong>³.</strong></span> <span class='ocrx_word' id='word_1_260' title='bbox 441 2101 635 2143; x_wconf 86' lang='lat' dir='ltr'><strong>Nullum</strong></span> <span class='ocrx_word' id='word_1_261' title='bbox 658 2100 807 2158; x_wconf 74' lang='lat' dir='ltr'><strong>sigilli</strong></span> <span class='ocrx_word' id='word_1_262' title='bbox 822 2100 1086 2156; x_wconf 83' lang='lat' dir='ltr'><strong>vestigium.</strong></span> 
     </span>
    </p>
   </div>
   <div class='ocr_carea' id='block_1_3' title="bbox 306 2194 571 2201">
    <p class='ocr_par' dir='ltr' id='par_1_7' title="bbox 306 2194 571 2201">
     <span class='ocr_line' id='line_1_32' title="bbox 306 2194 571 2201; baseline 0 0"><span class='ocrx_word' id='word_1_263' title='bbox 306 2194 571 2201; x_wconf 95' lang='lat' dir='ltr'><strong> </strong></span> 
     </span>
    </p>
   </div>
   <div class='ocr_carea' id='block_1_4' title="bbox 373 2216 1618 2284">
    <p class='ocr_par' dir='ltr' id='par_1_8' title="bbox 373 2216 1618 2284">
     <span class='ocr_line' id='line_1_33' title="bbox 373 2216 1618 2284; baseline -0.004 -11"><span class='ocrx_word' id='word_1_264' title='bbox 373 2243 394 2264; x_wconf 74' lang='lat'>²</span> <span class='ocrx_word' id='word_1_265' title='bbox 433 2236 594 2284; x_wconf 84' lang='lat' dir='ltr'><strong>Apogr.,</strong></span> <span class='ocrx_word' id='word_1_266' title='bbox 615 2216 889 2273; x_wconf 52' lang='lat' dir='ltr'><strong>decedens-b</strong></span> <span class='ocrx_word' id='word_1_267' title='bbox 905 2236 1070 2282; x_wconf 87' lang='lat' dir='ltr'><strong>Apogr.,</strong></span> <span class='ocrx_word' id='word_1_268' title='bbox 1084 2234 1335 2282; x_wconf 56' lang='lat' dir='ltr'><strong>probata—&lt;²</strong></span> <span class='ocrx_word' id='word_1_269' title='bbox 1357 2235 1518 2282; x_wconf 86' lang='lat' dir='ltr'><strong>Apogr.,</strong></span> <span class='ocrx_word' id='word_1_270' title='bbox 1535 2236 1618 2280; x_wconf 78' lang='lat' dir='ltr'><strong>pot.</strong></span> 
     </span>
    </p>
   </div>
   <div class='ocr_carea' id='block_1_5' title="bbox 304 2313 568 2320">
    <p class='ocr_par' dir='ltr' id='par_1_9' title="bbox 304 2313 568 2320">
     <span class='ocr_line' id='line_1_34' title="bbox 304 2313 568 2320; baseline 0 0"><span class='ocrx_word' id='word_1_271' title='bbox 304 2313 568 2320; x_wconf 95' lang='lat' dir='ltr'><strong> </strong></span> 
     </span>
    </p>
   </div>
   <div class='ocr_carea' id='block_1_6' title="bbox 304 2341 1936 2631">
    <p class='ocr_par' dir='ltr' id='par_1_10' title="bbox 304 2341 1936 2454">
     <span class='ocr_line' id='line_1_35' title="bbox 304 2341 1936 2396; baseline -0.004 -12"><span class='ocrx_word' id='word_1_272' title='bbox 304 2349 547 2384; x_wconf 84' lang='lat' dir='ltr'><strong>monumenti</strong></span> <span class='ocrx_word' id='word_1_273' title='bbox 564 2348 764 2396; x_wconf 87' lang='lat' dir='ltr'><strong>sequentis</strong></span> <span class='ocrx_word' id='word_1_274' title='bbox 777 2350 867 2393; x_wconf 88' lang='lat' dir='ltr'><strong>(sub</strong></span> <span class='ocrx_word' id='word_1_275' title='bbox 885 2361 923 2384; x_wconf 88' lang='lat' dir='ltr'><strong>n.</strong></span> <span class='ocrx_word' id='word_1_276' title='bbox 945 2348 1018 2383; x_wconf 90' lang='lat' dir='ltr'><strong>VII</strong></span> <span class='ocrx_word' id='word_1_277' title='bbox 1031 2347 1140 2391; x_wconf 86' lang='lat' dir='ltr'><strong>editi)</strong></span> <span class='ocrx_word' id='word_1_278' title='bbox 1156 2359 1318 2384; x_wconf 87' lang='lat' dir='ltr'><strong>numero</strong></span> <span class='ocrx_word' id='word_1_279' title='bbox 1335 2347 1457 2392; x_wconf 76' lang='lat' dir='ltr'><strong>105bi³</strong></span> <span class='ocrx_word' id='word_1_280' title='bbox 1471 2346 1638 2393; x_wconf 85' lang='lat' dir='ltr'><strong>signato.</strong></span> <span class='ocrx_word' id='word_1_281' title='bbox 1656 2343 1756 2380; x_wconf 87' lang='lat' dir='ltr'><strong>Vide</strong></span> <span class='ocrx_word' id='word_1_282' title='bbox 1770 2353 1858 2390; x_wconf 88' lang='lat' dir='ltr'><strong>pag.</strong></span> <span class='ocrx_word' id='word_1_283' title='bbox 1878 2341 1936 2387; x_wconf 80' lang='lat'><strong>133</strong></span> 
     </span>
     <span class='ocr_line' id='line_1_36' title="bbox 306 2407 1175 2454; baseline -0.001 -11"><span class='ocrx_word' id='word_1_284' title='bbox 306 2417 388 2454; x_wconf 87' lang='lat'>117;</span> <span class='ocrx_word' id='word_1_285' title='bbox 410 2415 491 2453; x_wconf 84' lang='lat'>1²73</span> <span class='ocrx_word' id='word_1_286' title='bbox 510 2407 593 2453; x_wconf 78' lang='lat'><strong>2353</strong></span> <span class='ocrx_word' id='word_1_287' title='bbox 613 2408 697 2453; x_wconf 83' lang='lat'>3543</span> <span class='ocrx_word' id='word_1_288' title='bbox 716 2407 800 2452; x_wconf 86' lang='lat'><strong>368;</strong></span> <span class='ocrx_word' id='word_1_289' title='bbox 820 2407 904 2452; x_wconf 81' lang='lat'><strong>3823</strong></span> <span class='ocrx_word' id='word_1_290' title='bbox 923 2418 1008 2453; x_wconf 91' lang='lat'>400;</span> <span class='ocrx_word' id='word_1_291' title='bbox 1028 2412 1068 2442; x_wconf 87' lang='lat' dir='ltr'><strong>et</strong></span> <span class='ocrx_word' id='word_1_292' title='bbox 1085 2414 1175 2452; x_wconf 85' lang='lat'><strong>405.</strong></span> 
     </span>
    </p>

    <p class='ocr_par' dir='ltr' id='par_1_11' title="bbox 377 2460 1883 2514">
     <span class='ocr_line' id='line_1_37' title="bbox 377 2460 1883 2514; baseline -0.005 -11"><span class='ocrx_word' id='word_1_293' title='bbox 377 2468 386 2488; x_wconf 82' lang='lat'>²</span> <span class='ocrx_word' id='word_1_294' title='bbox 438 2467 483 2502; x_wconf 91' lang='lat' dir='ltr'><strong>Id</strong></span> <span class='ocrx_word' id='word_1_295' title='bbox 501 2473 576 2512; x_wconf 87' lang='lat' dir='ltr'><strong>est,</strong></span> <span class='ocrx_word' id='word_1_296' title='bbox 598 2467 640 2502; x_wconf 86' lang='lat'><strong>16</strong></span> <span class='ocrx_word' id='word_1_297' title='bbox 659 2467 821 2514; x_wconf 80' lang='lat' dir='ltr'><strong>Aprilis3</strong></span> <span class='ocrx_word' id='word_1_298' title='bbox 840 2479 929 2503; x_wconf 90' lang='lat' dir='ltr'><strong>nam</strong></span> <span class='ocrx_word' id='word_1_299' title='bbox 948 2477 1049 2502; x_wconf 87' lang='lat' dir='ltr'><strong>anno</strong></span> <span class='ocrx_word' id='word_1_300' title='bbox 1067 2466 1157 2511; x_wconf 87' lang='lat'>1566</span> <span class='ocrx_word' id='word_1_301' title='bbox 1174 2467 1318 2513; x_wconf 83' lang='lat' dir='ltr'><strong>pascha</strong></span> <span class='ocrx_word' id='word_1_302' title='bbox 1335 2465 1375 2502; x_wconf 86' lang='lat' dir='ltr'><strong>in</strong></span> <span class='ocrx_word' id='word_1_303' title='bbox 1391 2466 1495 2502; x_wconf 89' lang='lat' dir='ltr'><strong>diem</strong></span> <span class='ocrx_word' id='word_1_304' title='bbox 1514 2473 1556 2510; x_wconf 78' lang='lat'><strong>14</strong></span> <span class='ocrx_word' id='word_1_305' title='bbox 1576 2462 1721 2510; x_wconf 87' lang='lat' dir='ltr'><strong>Aprilis</strong></span> <span class='ocrx_word' id='word_1_306' title='bbox 1735 2460 1883 2498; x_wconf 88' lang='lat' dir='ltr'><strong>incidit.</strong></span> 
     </span>
    </p>

    <p class='ocr_par' dir='ltr' id='par_1_12' title="bbox 373 2525 1459 2574">
     <span class='ocr_line' id='line_1_38' title="bbox 373 2525 1459 2574; baseline 0 -13"><span class='ocrx_word' id='word_1_307' title='bbox 373 2530 388 2548; x_wconf 80' lang='lat'><strong>‘-&#39;</strong></span> <span class='ocrx_word' id='word_1_308' title='bbox 439 2526 635 2562; x_wconf 90' lang='lat' dir='ltr'><strong>Antonius</strong></span> <span class='ocrx_word' id='word_1_309' title='bbox 652 2526 793 2574; x_wconf 89' lang='lat' dir='ltr'><strong>Vinck‚</strong></span> <span class='ocrx_word' id='word_1_310' title='bbox 814 2526 1038 2573; x_wconf 86' lang='lat' dir='ltr'><strong>provinciae</strong></span> <span class='ocrx_word' id='word_1_311' title='bbox 1055 2525 1183 2561; x_wconf 90' lang='lat' dir='ltr'><strong>Rheni</strong></span> <span class='ocrx_word' id='word_1_312' title='bbox 1201 2526 1459 2572; x_wconf 88' lang='lat' dir='ltr'><strong>praepositus.</strong></span> 
     </span>
    </p>

    <p class='ocr_par' dir='ltr' id='par_1_13' title="bbox 372 2581 1735 2631">
     <span class='ocr_line' id='line_1_39' title="bbox 372 2581 1735 2631; baseline -0.004 -10"><span class='ocrx_word' id='word_1_313' title='bbox 372 2585 388 2606; x_wconf 67' lang='lat'><strong>³</strong></span> <span class='ocrx_word' id='word_1_314' title='bbox 437 2585 547 2620; x_wconf 90' lang='lat' dir='ltr'><strong>Haec</strong></span> <span class='ocrx_word' id='word_1_315' title='bbox 563 2584 611 2620; x_wconf 88' lang='lat' dir='ltr'><strong>ad</strong></span> <span class='ocrx_word' id='word_1_316' title='bbox 629 2591 925 2621; x_wconf 89' lang='lat' dir='ltr'><strong>monumentum</strong></span> <span class='ocrx_word' id='word_1_317' title='bbox 942 2585 1016 2620; x_wconf 90' lang='lat' dir='ltr'><strong>sub</strong></span> <span class='ocrx_word' id='word_1_318' title='bbox 1034 2596 1078 2620; x_wconf 91' lang='lat' dir='ltr'><strong>n.</strong></span> <span class='ocrx_word' id='word_1_319' title='bbox 1102 2584 1173 2620; x_wconf 91' lang='lat' dir='ltr'><strong>VII</strong></span> <span class='ocrx_word' id='word_1_320' title='bbox 1189 2584 1359 2631; x_wconf 83' lang='lat' dir='ltr'><strong>positum</strong></span> <span class='ocrx_word' id='word_1_321' title='bbox 1376 2582 1514 2620; x_wconf 85' lang='lat' dir='ltr'><strong>referri</strong></span> <span class='ocrx_word' id='word_1_322' title='bbox 1533 2581 1735 2617; x_wconf 89' lang='lat' dir='ltr'><strong>videntur.</strong></span> 
     </span>
    </p>
   </div>
  </div>
 </body>
</html>
