2228 3548
389 280 461 327 436
686 254 688 256 .
905 278 1044 314 EPIST.
1071 276 1116 312 P.
1143 275 1413 323 Numan—475

428 394 471 436 4.
537 379 749 425 Scriuere
784 378 859 423 alli
895 377 1039 422 nostri
1075 391 1164 421 con
1189 383 1212 406 ⁸
1239 377 1600 424 dissimulatione
1637 393 1664 422 a
1694 377 1842 434 Spira,
1880 377 1922 421 ci
1949 376 1974 422 ὲ

336 472 469 516 parso
486 456 788 501 conueniente
804 461 849 500 et
865 453 1139 509 necessario,
1152 469 1234 512 per
1249 455 1399 512 questi
1415 455 1620 513 principij
1640 456 1859 508 almanco,
1878 469 1973 498 non

335 536 432 579 solo
453 548 534 591 per
555 547 647 576 non
668 532 885 577 offender’
909 538 956 577 et
982 531 1064 576 dar
1100 531 1352 586 occasione,
1388 547 1462 578 ma
1493 532 1628 579 etiarn
1659 547 1740 590 per
1772 531 1969 576 securita

334 612 450 657 delle
466 611 642 656 lettere.
658 609 874 667 Supplico
891 624 1071 666 sempre
1085 609 1130 654 13
1147 611 1200 653 P.
1221 611 1279 654 V.
1293 611 1420 654 uellit
1435 625 1622 669 urgere,
1633 610 1755 667 apud
1770 611 1967 654 sanctis—

334 690 518 741 simum,
541 688 775 745 negotium
798 687 852 730 de
873 688 1068 744 relapsis
1089 690 1168 730 etc.
1194 688 1265 732 De
1287 689 1402 732 Mro.
1430 687 1600 741 pietro,
1640 687 1898 732 coloniense
1933 689 1962 741 ¹,

332 768 418 810 che
439 766 465 809 e
485 765 575 808 co'l
597 765 743 808 dueca
765 764 967 808 Henrico
988 763 1034 807 di
1057 763 1311 808 Brunsuica
1332 764 1367 818 ⁸,
1393 763 1468 820 gia
1490 765 1552 808 ho
1572 764 1730 808 scritto
1750 765 1808 808 da
1829 765 1967 808 Colo-

332 842 424 897 nia,
449 849 495 887 et
517 842 731 885 mandata
751 841 795 885 13
816 855 899 885 sua
920 841 1103 886 lettera:
1128 841 1172 885 la
1194 843 1247 885 P.
1274 842 1332 885 V.
1364 840 1426 884 mi
1452 839 1650 886 scriuera
1681 842 1768 885 che
1798 841 1830 884 li
1860 856 1968 899 pare

332 921 370 964 s’
395 918 534 963 habbi
563 919 621 962 da
649 919 744 963 fare
771 918 817 962 di
846 918 926 962 lui.
961 920 1014 963 L'
1046 917 1204 963 ordine
1231 919 1316 962 che
1344 920 1381 962 s’
1412 917 1435 962 ὲ
1463 918 1570 962 dato
1597 917 1651 961 de
1677 932 1728 961 re
1746 919 1967 974 pecunia—

333 997 421 1050 ria,
451 1003 560 1049 etc.‚
591 996 665 1040 del
692 995 887 1053 collegio
909 996 966 1040 de
993 1002 1096 1039 sant
1123 994 1387 1048 Geronimo,
1412 995 1561 1039 veddo
1596 995 1684 1039 che
1720 994 1847 1052 piace
1881 996 1969 1041 alla

331 1075 385 1117 P.
412 1074 491 1127 V.;
517 1087 566 1117 se
587 1073 647 1116 lei
667 1074 712 1117 lo
733 1072 953 1126 sollecita,
973 1072 1146 1118 hauera
1163 1071 1379 1118 efficacia.
1400 1073 1447 1115 Io
1470 1071 1634 1126 uorrei,
1656 1073 1818 1129 Padre,
1837 1086 1967 1117 man-

330 1151 426 1194 dar’
451 1150 659 1195 tudeschi
686 1151 834 1207 capati
856 1166 882 1194 a
910 1151 1070 1203 Roma,
1094 1150 1273 1195 benche
1301 1149 1375 1193 dal
1404 1156 1523 1193 tutto
1553 1164 1645 1194 non
1671 1149 1861 1194 intendo
1887 1164 1966 1194 ca·-

329 1227 441 1284 pati,
466 1242 516 1273 se
537 1242 630 1271 non
650 1227 672 1255 b
699 1242 841 1284 penso
863 1228 950 1273 che
971 1227 995 1271 ὲ
1017 1226 1271 1284 escogidos3
1290 1229 1401 1284 pero
1417 1226 1566 1282 questi
1587 1241 1700 1271 sono
1720 1226 1962 1284 necessarij
2032 1228 2033 1231 ’

330 1320 413 1362 per
434 1305 480 1348 di
503 1319 607 1361 qua,
628 1304 951 1361 specialmente
967 1311 1129 1360 questo
1145 1311 1310 1361 tempo.
1332 1304 1391 1348 Di
1414 1305 1602 1348 mandar
1622 1303 1800 1360 nouitij,
1823 1295 1963 1349 buoni

329 1383 372 1426 al
394 1382 596 1439 giudieio
616 1388 787 1434 nostro,
820 1396 899 1438 per
927 1383 1034 1425 star'
1059 1383 1135 1424 vn’
1166 1396 1287 1425 anno
1315 1381 1375 1436 la,
1400 1388 1446 1425 et
1472 1380 1690 1426 ritornare
1717 1396 1743 1425 a
1764 1380 1965 1426 studiare

327 1474 408 1516 per
425 1459 471 1503 di
488 1474 593 1516 qua,
614 1459 811 1504 secondo
832 1459 875 1502 13
892 1457 1207 1502 commissione
1224 1459 1312 1503 che
1329 1459 1510 1504 haueua
1527 1458 1644 1503 della
1662 1460 1715 1502 P.
1737 1460 1815 1512 V.,
1834 1465 1963 1502 staua

330 1537 374 1580 io
396 1536 610 1590 animato;
636 1550 709 1579 ma
731 1535 903 1578 altanto
930 1535 991 1578 mi
1012 1550 1094 1579 son
1118 1535 1368 1589 debilitato,
1391 1536 1561 1593 perche
1582 1535 1629 1579 in
1650 1543 1824 1592 questa,
1849 1542 1896 1581 et
1916 1535 1962 1579 in

325 1614 455 1667 altre,
481 1627 589 1670 pare
611 1614 698 1657 che
725 1612 767 1657 13
796 1614 849 1656 Ρ.
882 1613 938 1656 V.
974 1619 1176 1656 muostra
1206 1627 1299 1656 non
1331 1611 1494 1658 essersi
1525 1613 1665 1656 molto
1701 1619 1962 1657 contentata

324 1691 443 1736 della
479 1689 692 1734 missione
731 1690 855 1733 satta.
889 1691 946 1733 Et
977 1690 1155 1734 benche
1190 1691 1251 1734 ho
1277 1690 1384 1734 dato
1421 1689 1496 1747 gia
1524 1689 1759 1748 raggione,
1798 1689 1960 1746 poiche

323 1768 486 1811 adesso
507 1767 546 1810 si
567 1765 734 1823 replica
761 1767 875 1809 altra
901 1767 1041 1819 volta,
1066 1766 1220 1824 voglio
1246 1767 1353 1811 dare
1381 1782 1442 1810 vn
1473 1780 1587 1824 poco
1618 1766 1711 1824 pisi,
1745 1766 1957 1811 aecioche

322 1844 368 1889 io
389 1852 407 1873 ‘²
436 1844 622 1888 intenda
641 1843 796 1888 chiara
818 1845 860 1887 13
886 1844 1072 1888 νοΙοηῒέι
1093 1844 1212 1889 della
1234 1846 1287 1888 P.
1313 1845 1371 1888 V.
1404 1844 1661 1888 Mandando
1688 1843 1845 1901 nouitij
1875 1859 1955 1901 per

321 1922 366 1966 13
386 1921 721 1974 commissione,
746 1921 879 1964 insin'
908 1936 931 1965 3
962 1931 1010 1976 15
1034 1936 1061 1965 o
1086 1934 1158 1977 20,
1177 1935 1307 1966 come
1327 1923 1523 1975 haueua,
1549 1921 1573 1965 ὲ
1595 1921 1850 1966 necessario
1866 1922 1954 1967 che

321 1999 362 2043 ci
384 1999 450 2042 sia
471 1999 637 2042 alchun
659 1998 872 2055 pericolo,
898 2012 1025 2042 come
1046 1999 1071 2042 ὲ
1093 1998 1141 2042 in
1162 1998 1268 2042 tutti
1290 1997 1321 2041 li
1343 1998 1521 2055 nouitij,
1546 1999 1634 2043 che
1657 1999 1752 2055 ipso
1765 2000 1897 2057 facto
1916 1999 1955 2043 si

322 2076 526 2133 pigliano
563 2090 642 2132 per
671 2075 953 2132 probatione,
984 2090 1112 2120 come
1139 2078 1188 2119 fu
1216 2075 1263 2119 in
1290 2075 1525 2120 Ludouico
1555 2076 1742 2129 bauar0‚
1781 2083 1890 2130 etc.‚
1924 2077 1955 2119 il

320 2154 454 2209 quale
475 2157 627 2196 tamen
647 2152 692 2196 io
721 2167 811 2195 non
839 2152 1024 2197 hauerei
1046 2153 1275 2207 mandato,
1300 2168 1350 2197 se
1372 2155 1484 2198 Mr0.
1508 2152 1692 2197 Canisio
1713 2155 1773 2196 m’
1797 2154 1955 2198 hauesi

319 2231 493 2287 parlato
514 2229 671 2274 chiaro
693 2229 739 2272 di
760 2229 839 2272 lui.
871 2230 948 2273 Gli
976 2230 1078 2273 altr1
1106 2232 1189 2274 che
1217 2230 1255 2273 si
1282 2244 1396 2273 sono
1428 2230 1644 2283 mandati,
1675 2244 1767 2274 non
1795 2230 1957 2274 furono

317 2307 520 2353 mandati
536 2321 617 2364 per
633 2305 738 2350 star’
760 2306 807 2349 in
824 2307 980 2350 Roma.
1002 2308 1060 2350 Et
1076 2307 1236 2363 primo,
1262 2306 1294 2350 il
1314 2309 1543 2352 Muramer
1560 2307 1608 2350 fu
1630 2307 1844 2351 mandato
1857 2307 1954 2351 solo

317 2384 363 2427 in
393 2383 774 2441 peregrinatione,
800 2398 935 2427 senza
962 2383 1134 2437 denari,
1160 2390 1206 2429 et
1226 2385 1313 2427 che
1334 2383 1570 2437 ritornase,
1595 2398 1646 2428 se
1667 2383 1761 2427 cosi
1789 2397 1949 2440 parese

316 2462 403 2505 alla
442 2464 493 2506 Ρ.
527 2463 584 2506 V.
616 2460 840 2512 Gioanne,
879 2460 1146 2516 viennense,
1177 2461 1305 2517 quasi
1341 2460 1612 2506 similmente
1648 2463 1697 2505 fu
1733 2461 1948 2505 mandato

316 2553 471 2584 mezzo
492 2538 539 2582 in
561 2536 937 2595 peregrinatione.
964 2538 1105 2582 Lucio
1128 2538 1176 2582 fu
1197 2538 1425 2591 mandato,
1451 2552 1508 2581 ne
1529 2539 1682 2581 statim
1696 2539 1873 2594 periret
1898 2538 1945 2582 in

315 2614 576 2667 Germania,
600 2613 815 2657 accioche
836 2613 878 2656 la
901 2613 938 2656 si
961 2614 1170 2659 ritrouasi
1187 2615 1380 2670 qualche
1397 2615 1533 2658 modo
1551 2613 1594 2657 d’
1612 2615 1942 2668 accomodarlo,

314 2699 360 2735 et
382 2691 590 2735 liberarlo
607 2690 725 2734 della
741 2689 932 2733 heresia.
956 2691 1005 2733 In
1022 2690 1156 2734 simili
1177 2690 1269 2735 casi
1285 2690 1347 2734 mi
1369 2691 1518 2735 scriua
1534 2691 1578 2734 13
1594 2693 1647 2734 Ρ.
1669 2692 1727 2735 V.
1747 2705 1797 2735 se
1812 2706 1947 2748 posso

383 2816 404 2837 a
442 2809 528 2844 Hoc
546 2810 661 2845 verb.
685 2806 834 2844 addidit
852 2807 944 2843 libr.
967 2819 1084 2855 supra
1102 2810 1277 2845 vers.-b
1291 2807 1314 2844 3
1331 2810 1452 2845 verba
1469 2820 1584 2857 seqq.
1607 2809 1755 2846 addidit
1772 2810 1861 2846 libr.
1884 2821 1947 2847 su-

311 2878 381 2914 pra
406 2858 587 2903 vers-c
605 2868 691 2902 Hoc
716 2867 825 2902 verb.
846 2866 993 2903 addidit
1011 2867 1100 2905 libr.
1118 2878 1235 2914 supra
1253 2878 1356 2904 vers·

383 2968 391 2986 ¹
443 2968 593 3014 Haupt.
619 2966 719 3002 Vide
738 2965 856 3013 epist.
881 2966 966 3013 462,
985 2978 1028 3002 n.
1052 2966 1088 3012 33
1107 2967 1196 3014 464⁷
1211 2979 1256 3003 n.
1277 2968 1315 3013 6;
1334 2968 1419 3014 4683
1439 2973 1480 3004 et
1496 2976 1581 3014 472,
1601 2980 1640 3004 n.
1660 2968 1700 3004 3.

378 3028 392 3047 ²
443 3026 652 3071 Henricus,
671 3025 749 3061 dux
766 3025 1353 3073 brunsvico-guelpherbytanus
1373 3026 1939 3074 (Braunschweig-Wolfenbn-

306 3084 395 3129 tel).
417 3083 484 3120 Cf.
507 3085 700 3127 HANSEN‚
719 3085 797 3120 loe.
821 3083 905 3131 cit.,
925 3084 1100 3130 541-543.
