2228 3548
407 675 541 711 Pagina

479 829 522 866 13

478 890 520 925 18

474 959 521 986 2ο

472 1017 517 1055 25

453 1077 519 1114 107

451 1128 518 1164 116

448 1253 514 1291 129

446 1364 512 1399 162

446 1421 513 1468 173

442 1481 511 1527 234

442 1602 510 1638 238

442 1730 511 1767 249

442 1780 511 1815 262

441 1847 510 1884 292

438 1897 507 1942 315

437 1956 504 1992 331

433 2205 503 2242 429

432 2263 499 2301 451

431 2313 502 2359 456

430 2373 501 2418 468

430 2440 500 2478 477

428 2499 498 2537 477

426 2552 496 2597 486

426 2610 496 2657 493

425 2670 494 2715 534

423 2729 492 2774 762

421 2788 491 2832 872

858 463 1121 500 ADDENDA
1146 463 1213 499 ET
1239 463 1589 503 CORRIGENDA

624 675 729 704 Linea
1017 675 1164 712 Legitur
1640 675 1796 712 Legatur

652 828 699 865 33
788 822 798 836 ⁷
970 831 1025 867 VI
1052 836 1092 867 et
1117 831 1210 866 XIX
1552 830 1620 877 VI,
1643 829 1719 866 VII
1737 835 1777 867 et
1794 831 1880 867 XX.

654 889 698 925 16
940 890 1231 926 Stevordianus
1587 888 1842 926 Leubenstein

640 950 711 985 ult.
951 949 1232 986 Stevordianus
1580 948 1849 986 Leubenstein

653 1017 695 1054 15
946 1007 1228 1046 Stevordianus
1577 1009 1858 1045 Leubenstein.

649 1067 697 1114 34
999 1080 1021 1104 a
1039 1068 1181 1115 Borgia
1631 1079 1653 1103 a
1667 1068 1797 1104 Natali

635 1128 707 1165 ult.
884 1127 1070 1164 archidux
1089 1127 1286 1165 tirolensis
1392 1126 1559 1163 achidux
1574 1127 1770 1174 Austriae,
1787 1127 1968 1176 princeps
1983 1129 2031 1165 ti.

1621 1187 1802 1223 rolensis.

593 1244 743 1292 penult.
816 1244 986 1292 Quinam
1004 1245 1077 1280 hoc
1095 1243 1252 1280 nomine
1270 1249 1345 1281 etc.
1387 1243 1581 1280 Medicina
1598 1244 1803 1292 quaedam.
1821 1244 1921 1281 Vide
1936 1257 2026 1292 pag.

1568 1302 1649 1350 528,
1667 1308 1801 1339 annot.
1820 1301 1854 1340 3.

629 1364 701 1400 ult.
922 1362 1236 1410 archiepiscopus
1591 1362 1812 1410 episcopus
1872 1364 1876 1368 ‘

631 1423 702 1458 ult.
852 1421 1087 1469 Lapidanus‚
1107 1422 1307 1458 clivensis.
1604 1421 1812 1457 Pastelius.

665 1492 688 1527 9
853 1481 894 1516 S.
914 1480 1241 1518 FRANCISCUS
1259 1482 1330 1517 DE
1389 1481 1432 1516 P.
1465 1479 1706 1527 JOANNES
1735 1481 1806 1516 DE
1832 1480 2024 1519 POLAN-

1002 1539 1170 1586 BORJA
1487 1538 1572 1586 CO,
1591 1550 1640 1575 ex
1658 1539 1931 1576 commissione

642 1600 688 1646 34
821 1601 990 1647 Joannes
1009 1611 1086 1636 von
1103 1600 1173 1636 der
1190 1600 1341 1648 Leyen,
1389 1600 1510 1646 Mag.
1546 1599 1880 1646 Hieronymus.
1923 1599 2022 1637 Vide

938 1660 1041 1695 arch.
1062 1659 1195 1695 trevir.
1605 1669 1693 1706 pag.
1714 1659 1797 1694 226.

644 1728 685 1755 21
966 1729 1043 1754 non
1061 1718 1146 1754 esta
1163 1724 1204 1754 ot
1585 1729 1664 1753 non
1681 1718 1703 1753 e
1720 1722 1823 1754 stato

664 1788 687 1824 4
912 1777 1006 1813 citta
1023 1788 1243 1822 commune,
1539 1775 1645 1823 citta,
1667 1787 1872 1812 commune

642 1836 689 1883 34
1009 1836 1149 1872 Wfflck
1637 1835 1763 1871 Volck

643 1905 686 1932 10
970 1896 1182 1943 Herbipoli
1540 1921 1543 1925 .
1571 1895 1825 1942 Herbipolim
1898 1915 1904 1922 -

639 1953 749 2001 32-34
789 1954 895 1990 Idem
905 1955 1087 1991 Petrus...
1099 1954 1355 2001 Herbipolim.
1382 1955 1512 1992 Adde:
1525 1954 1615 1990 Non
1629 1959 1759 1989 tamen
1774 1953 2017 2001 Herbipolim

1426 2014 1568 2050 missus
1598 2012 1686 2060 fuit,
1718 2019 1761 2048 ut
1790 2018 1944 2048 constat
1967 2025 2017 2053 ex

1423 2074 1600 2119 catalogo
1614 2072 1771 2118 collegii
1784 2072 2015 2119 dilingensis

1427 2132 1518 2169 anni
1539 2131 1642 2177 1566.

581 2195 731 2242 penult.
1008 2192 1134 2228 Weda
1573 2207 1577 2210 ·
1613 2203 1635 2227 a
1653 2190 1780 2227 Weda

621 2255 693 2290 ult.
1038 2252 1105 2287 Els
1549 2252 1632 2296 Elz,
1652 2251 1715 2286 vel
1734 2251 1835 2286 Eltz.

580 2313 730 2360 penult.
988 2310 1144 2347 &Vinck.
1621 2309 1763 2345 Vinck.

633 2371 680 2407 33
1035 2371 1101 2406 Els
1546 2369 1627 2416 Elz,
1650 2369 1713 2404 vel
1731 2369 1830 2405 Eltz.

635 2431 678 2466 13
1010 2429 1138 2465 modo:
1630 2427 1756 2474 modo,

633 2498 676 2535 15
970 2488 1163 2535 instituto,
1595 2486 1788 2531 institut0;

628 2549 671 2585 31
1035 2549 1101 2584 Els
1156 2550 1158 2552 ’
1545 2546 1627 2591 Elz,
1648 2547 1711 2581 vel
1730 2547 1829 2582 Eltz.

627 2609 674 2645 23
1011 2607 1119 2654 quidi
1622 2605 1758 2652 quindi

626 2668 672 2704 32
1004 2678 1123 2702 causa
1613 2675 1770 2700 causam

624 2727 670 2763 38
966 2726 1166 2773 principii
1594 2724 1777 2771 principi

625 2787 681 2834 26,
712 2787 789 2822 col.
818 2794 834 2821 1
980 2784 1146 2820 occissio
1607 2782 1764 2818 occisio.
1822 2789 1825 2795 ¹

1029 2958 1079 2992 A.
1113 2958 1169 2993 M.
1200 2958 1254 2992 D.
1286 2956 1336 2993 G.
