2228 3548
898 317 944 355 27
970 309 1140 346 Apmms
1168 309 1260 355 1568
1785 321 1857 359 579

1023 435 1132 477 517

730 521 771 557 s,
801 520 1133 558 FRANcisCUs
1160 521 1231 557 DE
1256 521 1428 569 BORJA

586 587 801 630 PATRI
842 587 1274 631 HIERONYMO
1313 589 1560 633 NADAL

781 672 950 710 ROMAE,
978 671 1023 708 27
1048 672 1210 700 APmus
1239 664 1330 710 1568
1352 668 1377 701 ¹.

254 738 294 766 1.
317 729 462 765 Natali
478 730 799 775 commendatur,
823 731 866 763 ut
886 731 1077 776 properet
1094 730 1332 776 provincias
1360 730 1524 767 Galliae
1548 731 1741 779 lustrare,
1767 736 1804 768 et
1830 733 1909 769 Ro-

302 801 413 825 mam
443 791 538 824 ante
567 800 742 824 mensem
772 788 979 824 Octobrem
1004 789 1252 825 redire.-2.
1284 790 1347 826 De
1370 791 1627 838 responsione
1650 793 1750 828 data
1773 792 1908 828 abbati

300 849 550 896 Aquicincti:
569 850 616 884 de
627 847 878 898 fundatione
896 849 1127 895 domorum,
1145 848 1214 884 ubi
1229 850 1326 885 socii
1350 844 1740 895 instituanturss—3.
1771 851 1833 888 De
1857 852 1906 887 li·
1924 859 1930 866 ·

299 909 399 945 bello
417 907 580 954 Moreji:
604 909 651 944 de
675 907 877 943 similibus
899 907 1061 955 scriptis
1083 919 1110 942 a
1138 908 1256 944 sociis
1281 921 1360 944 non
1391 910 1573 957 edendis,
1592 910 1679 946 sine
1706 911 1906 958 approba-

300 969 406 1005 tione
420 968 629 1016 generalis
649 967 875 1015 praepositi
882 977 991 1012 .—4.
1022 967 1084 1003 De
1108 967 1276 1015 collegio
1299 969 1507 1004 leodiensi:
1533 970 1580 1005 de
1604 970 1784 1006 Henrico
1808 970 1906 1006 Dio·

298 1030 425 1075 nysio:
455 1030 503 1064 de
533 1028 635 1063 libro
658 1028 831 1063 doctoris
860 1026 1114 1071 Torre8.—5.
1139 1027 1318 1072 Natalis,
1337 1029 1564 1075 provinciis
1592 1028 1757 1066 Galliae
1781 1030 1908 1078 inspi-

299 1089 452 1125 ciendis
475 1089 668 1132 intentns,
693 1098 719 1122 a
742 1085 942 1122 scribendi
966 1087 1126 1134 negotio
1149 1087 1489 1134 impeditum—6.
1519 1088 1581 1124 De
1606 1089 1709 1125 libro
1732 1090 1906 1126 doctoris

307 1148 466 1184 Torres:
487 1147 645 1194 Borgia
658 1146 848 1194 podagra
864 1145 1037 1182 laborat.
1048 1165 1078 1172 —
1088 1153 1128 1191 7.
1151 1146 1309 1183 Monita
1327 1148 1374 1182 de
1394 1147 1508 1183 rebus
1522 1160 1547 1183 a
1562 1149 1709 1183 Natali
1722 1149 1766 1184 in
1780 1150 1906 1196 Aqui-

299 1208 418 1243 tania
436 1206 739 1243 ordinandis.-
752 1205 791 1241 8.
812 1206 908 1241 Post
924 1206 1079 1253 scripta
1094 1206 1144 1242 de
1162 1206 1255 1243 ΡΡ.
1278 1207 1424 1243 Acosta
1441 1210 1479 1243 et
1487 1208 1652 1255 Javier,
1672 1211 1709 1244 et
1733 1209 1780 1245 de
1805 1210 1906 1245 Bor·

299 1268 396 1315 giae
414 1266 708 1314 aegrotatione,
727 1268 802 1302 etc.
1777 1274 1779 1276 ·

353 1358 389 1390 1.
448 1346 548 1402 Jhs.
575 1344 718 1388 Molto
739 1343 855 1387 Rdo.
881 1343 928 1386 in
950 1344 1069 1400 Xpo.
1093 1343 1254 1388 Padre.
1283 1345 1379 1388 Pax
1397 1344 1585 1398 Christi,
1608 1352 1697 1405 etc.
1720 1345 1770 1390 Si
1787 1360 1902 1390 sono

253 1422 462 1467 riceuute
483 1422 574 1466 due
596 1420 641 1464 di
663 1422 722 1465 V.
748 1422 802 1464 R.
828 1419 899 1466 de'
924 1431 947 1476 5
971 1427 1018 1464 et
1041 1430 1094 1476 25
1118 1419 1164 1463 di
1188 1422 1361 1476 Marzo,
1381 1429 1427 1466 et
1444 1421 1711 1479 rispondero
1734 1422 1779 1466 in
1798 1423 1903 1469 bre·

254 1515 334 1553 ue,
366 1499 619 1543 dubitando
651 1499 740 1542 che
770 1505 933 1554 questa
964 1492 1056 1542 non
1088 1497 1205 1542 troui
1229 1499 1284 1543 V.
1308 1499 1360 1542 R.
1393 1498 1439 1542 in
1468 1501 1503 1543 F
1507 1499 1681 1554 iandra3
1716 1502 1899 1558 perche,

249 1577 446 1622 essendo
483 1575 664 1632 Seguita
691 1576 734 1619 la
764 1589 875 1632 paee
904 1574 951 1618 in
978 1574 1194 1630 Francia,
1226 1577 1446 1632 potrebbe
1475 1591 1600 1621 esser
1630 1579 1739 1631 che,
1764 1592 1902 1622 senza

248 1660 452 1710 aspettar
473 1654 590 1696 altro
611 1652 769 1696 ordine
790 1651 835 1695 di
853 1666 959 1708 qua,
985 1653 1043 1696 V.
1070 1653 1125 1696 R.
1153 1653 1276 1697 fusse
1298 1653 1484 1710 partita.
1510 1655 1567 1697 Et
1590 1655 1775 1710 quando
1797 1654 1895 1698 cosi

250 1745 344 1775 non
366 1731 508 1784 fusse,
534 1738 580 1774 et
601 1731 643 1774 le
662 1731 814 1774 strade
838 1730 1014 1773 fussero
1041 1729 1212 1783 sicure,
1237 1731 1409 1776 hauero
1440 1733 1580 1774 charo
1608 1733 1694 1776 che
1726 1739 1900 1787 quanto

250 1808 396 1866 prima
418 1810 477 1852 V.
503 1809 558 1852 R.
585 1807 771 1851 attenda
792 1822 818 1850 a
842 1806 999 1851 uisitar
1021 1806 1171 1862 quelle
1192 1807 1283 1852 due
1304 1807 1541 1865 prouincie
1570 1808 1615 1852 di
1638 1808 1831 1852 Francia
1853 1814 1900 1852 et

250 1885 299 1930 di
322 1885 586 1942 Aquitania,
613 1886 779 1941 perche
817 1884 1016 1940 potendo
1046 1897 1171 1929 esser
1192 1883 1306 1939 cosi,
1330 1885 1518 1929 hauerei
1541 1887 1680 1930 charo
1701 1887 1788 1930 che
1819 1900 1900 1942 per

252 1970 372 2007 tutto
395 1964 653 2008 Settembre
676 1963 734 2006 V.
762 1963 814 2005 R.
844 1961 967 2004 fusse
989 1960 1036 2003 in
1058 1962 1226 2015 Roma,
1251 1961 1466 2006 accioche
1490 1962 1527 2006 si
1550 1962 1798 2007 ritrouasse
1819 1963 1898 2018 qui

249 2041 369 2086 nella
410 2039 771 2097 congregatione
812 2038 918 2082 delli
954 2036 1236 2094 procuratori
1271 2037 1318 2082 di
1355 2046 1474 2083 tutta
1512 2040 1556 2084 la
1589 2039 1892 2096 Compagnia‚

253 2118 389 2175 quale
421 2117 459 2161 si
480 2117 754 2161 cominciara
777 2117 820 2160 al
842 2115 1063 2173 principio
1084 2115 1129 2158 d'
1155 2115 1367 2160 Ottobre.

338 2207 379 2239 2.
445 2196 533 2239 Nel
553 2194 740 2252 negotio
761 2194 834 2237 del
858 2193 972 2237 Rdo.
994 2193 1159 2236 abbate
1175 2192 1217 2236 d'
1236 2193 1517 2250 Aquecinto,
1544 2207 1679 2250 spero
1697 2193 1774 2250 gia
1790 2194 1895 2237 sara

245 2272 445 2318 arriuata
481 2279 637 2315 nostra
673 2271 887 2329 risposta‚
919 2276 1048 2313 tanto
1084 2268 1164 2326 pe‘r
1185 2270 1244 2314 V.
1269 2271 1324 2314 R.
1355 2278 1528 2328 quanto
1562 2285 1642 2328 per
1675 2271 1707 2313 1'
1732 2269 1896 2315 istesso

244 2343 412 2394 abbate
428 2349 462 2392 ².
490 2350 555 2392 La
582 2355 793 2393 sostanza
821 2362 899 2392 era
928 2345 1216 2404 ringratiarlo
1243 2347 1363 2392 della
1391 2362 1476 2391 sua
1503 2348 1659 2391 buona
1683 2347 1890 2400 uolonta,

248 2442 323 2471 ma
344 2441 434 2470 non
458 2433 657 2470 accettar
677 2425 709 2469 il
730 2425 922 2483 collegio
944 2438 1031 2468 con
1052 2424 1203 2479 quelle
1224 2423 1475 2468 conditioni
1498 2426 1584 2468 che
1613 2438 1716 2469 esso
1738 2423 1895 2469 offeri-

250 2518 324 2559 ua,
350 2518 480 2548 come
501 2501 762 2560 ripugnanti
779 2503 822 2546 al
843 2509 1000 2546 nostro
1017 2499 1240 2545 instituto.
1258 2500 1313 2545 Li
1328 2501 1541 2546 scriueua
1559 2503 1705 2545 anche
1723 2500 1771 2543 in
1787 2515 1894 2558 par-

249 2582 436 2626 ticolare
463 2580 495 2623 il
525 2581 576 2623 P.
604 2580 836 2624 Euerardo
853 2580 868 2601 ³
891 2579 938 2622 di
965 2578 1159 2633 qualche
1185 2577 1301 2621 altro
1327 2578 1522 2635 disegno
1549 2580 1635 2623 che
1664 2577 1695 2620 li
1724 2592 1893 2634 pareua

248 2658 444 2716 miglior.
471 2658 532 2702 Se
552 2656 865 2702 intenderemo
887 2658 974 2700 che
994 2655 1146 2712 quello
1178 2654 1361 2712 spaccio
1391 2670 1483 2699 non
1506 2655 1675 2707 arriuo,
1700 2654 1739 2698 si
1760 2669 1893 2699 man-

243 2737 354 2780 dara
375 2735 419 2778 la
440 2733 585 2790 copia3
611 2740 657 2779 et
677 2748 728 2778 se
749 2736 888 2777 uorra
908 2733 990 2776 dar
1012 2731 1087 2775 alli
1109 2731 1366 2775 stendonici
1383 2733 1399 2753 ⁴
1421 2747 1449 2776 o
1471 2733 1530 2777 ad
1551 2731 1654 2782 altri
1672 2731 1778 2788 quel
1799 2732 1893 2775 col-

313 2835 324 2856 ¹
375 2835 435 2871 Ex
452 2834 680 2881 archetypo,
699 2833 740 2870 in
760 2832 861 2870 Cod.
887 2842 949 2879 34,
969 2830 1116 2879 duplici
1132 2829 1201 2868 fol.
1221 2829 1287 2867 231
1313 2830 1389 2879 (38,
1416 2831 1492 2878 39).
1518 2831 1667 2869 Ultima
1693 2832 1815 2868 verba
1837 2832 1888 2867 ab

239 2894 332 2932 illis:
359 2894 444 2930 Por
470 2893 512 2929 la
531 2895 693 2941 gotta...
721 2898 814 2929 sunt
836 2891 1003 2938 Borgiae
1028 2901 1143 2926 manu
1167 2895 1339 2927 exarata.
1366 2890 1468 2927 Vide
1493 2891 1609 2938 epist.
1637 2899 1706 2936 512
1731 2896 1771 2927 et
1801 2898 1888 2937 514,

238 2954 383 3002 quibus
402 2953 499 2988 haee
518 2951 744 2999 respondet.

312 3015 328 3041 ²
379 3011 481 3047 Vide
499 3010 615 3058 epist.
635 3019 719 3057 509,
738 3022 779 3047 n.
797 3009 834 3056 3;
854 3015 895 3047 et
913 3018 997 3056 510,
1017 3020 1056 3044 n.
1076 3007 1112 3043 3.

314 3073 329 3094 ³
379 3070 659 3114 Mercurianus,
679 3069 869 3106 assistens
887 3067 1138 3106 Germaniae.

315 3133 332 3154 ⁴
381 3129 483 3166 Vide
501 3128 616 3177 epist.
638 3136 723 3175 514,
740 3141 785 3166 n.
809 3138 843 3165 2.

1363 3045 1402 3077 Q

398 3243 426 3277 ι.
