2228 3548
359 286 403 321 94
870 271 1007 307 Eius-r.
1035 268 1081 305 P.
1109 266 1387 314 Ninon—384

314 374 538 426 ueniatur,
558 372 595 416 si
612 386 840 418 recessum
862 381 916 427 55
935 370 1040 427 annj
1059 369 1338 419 confirment
1354 376 1502 414 status
1523 369 1750 415 catholici.
1772 371 1954 417 Deinde

314 460 365 496 ut
385 459 530 496 status
551 451 687 507 ijdem
710 451 767 493 ad
786 449 975 494 *liberam
1002 455 1051 493 et
1078 454 1282 504 apertam
1306 447 1640 504 professionem
1658 448 1844 506 eoncilij
1868 451 1926 492 tri
1945 475 1952 482 -

312 528 485 574 dentini
517 534 868 584 promoueantur
898 524 1265 570 constantissime
1295 532 1434 581 atque
1469 525 1804 581 efficacissime,
1835 541 1950 583 qua.-

313 619 508 662 cumque
528 606 711 648 demum
732 604 778 647 id
802 603 978 647 ratione
998 602 1183 657 faciant,
1215 603 1350 646 modo
1376 601 1578 659 ipsorum
1608 603 1721 649 fides
1744 604 1949 661 pontifici

311 682 505 726 maximo
526 689 734 726 constare
756 679 913 737 possit.
939 679 1017 725 Sic
1037 679 1159 725 enim
1175 678 1428 737 suspitione
1444 694 1495 725 se
1511 679 1635 737 ipsos
1650 680 1860 734 liberare,
1882 681 1948 725 sic

311 760 501 804 offitium
523 773 657 802 suum
685 757 958 803 catholicum
987 757 1196 814 probare,
1219 756 1286 800 sic
1314 763 1361 801 et
1389 756 1594 813 pontifici
1621 757 1820 802 maximo
1850 757 1950 802 ani.-

314 851 434 880 mum
459 836 545 879 sibi
565 835 750 891 suisque
770 835 976 891 ecclesijs
998 833 1240 878 conciliare
1261 834 1559 879 videbuntur.

400 915 642 958 Caeterum
665 912 719 965 si,
744 912 867 968 quod
889 913 1123 966 uolumus,
1145 913 1236 955 hoc
1264 911 1322 955 ab
1350 911 1437 955 illis
1464 926 1558 956 non
1589 911 1817 969 possimus
1840 926 1953 956 con,-

311 990 455 1047 sequi,
481 991 605 1046 quod
628 998 780 1034 tamen
801 990 1069 1035 tentandum
1092 989 1239 1033 modis
1265 989 1478 1033 omnibus
1508 995 1555 1034 et
1583 990 1952 1034 contendendum

311 1077 395 1121 est,
421 1068 530 1111 illud
553 1081 789 1123 superesse
808 1066 1004 1120 uidetur,
1029 1074 1082 1110 ut
1109 1067 1245 1110 Ill.¹¹¹²⁸
1270 1068 1329 1111 D.
1355 1067 1536 1124 legatus
1567 1068 1688 1124 apud
1716 1066 1819 1111 illos
1847 1067 1954 1112 edat

311 1160 403 1189 non
439 1146 678 1188 obscuram
717 1143 1097 1201 significationem
1130 1143 1266 1200 animj
1295 1144 1389 1198 sui,
1415 1159 1505 1200 qua
1543 1151 1758 1188 testatum
1796 1144 1948 1197 faciat,

312 1230 568 1279 suspectam
586 1224 705 1265 hanc
722 1221 917 1275 illorum,
930 1221 978 1265 in
993 1237 1042 1266 re
1059 1221 1245 1266 salutari
1259 1236 1312 1266 ac
1325 1222 1595 1275 necessaria,
1610 1221 1953 1279 tergiversatio-

312 1315 416 1344 nem
439 1299 589 1343 sibiet
618 1299 821 1355 pontifici
849 1298 1046 1343 maximo
1065 1313 1159 1342 non
1186 1314 1320 1356 posse
1346 1314 1438 1343 non
1466 1300 1710 1343 admodum
1739 1299 1952 1356 displice-

314 1392 377 1421 re.
403 1379 641 1422 Praeterea
658 1376 803 1421 minas
819 1376 1123 1433 interponere,
1143 1384 1190 1421 et
1206 1383 1425 1421 terrorem
1448 1376 1536 1420 illis
1557 1376 1743 1433 inijcere
1764 1377 1946 1433 poterit,

314 1455 554 1512 propositis
576 1470 631 1499 ex
654 1456 738 1498 hac
755 1453 1118 1499 dissimulatione
1134 1461 1181 1498 et
1197 1454 1577 1511 tergiuersatione
1593 1453 1892 1498 incommodis
1909 1461 1955 1499 et

314 1531 540 1589 periculis,
560 1547 675 1587 quae
698 1532 950 1576 secundum
968 1530 1225 1587 sapientum
1247 1530 1414 1575 iudicia
1435 1538 1774 1587 consequutura
1796 1531 1954 1576 viden-

314 1616 401 1653 tur.
429 1609 548 1652 Addi
571 1616 734 1665 potest,
759 1609 930 1652 nullam
953 1608 1172 1665 reliquam
1189 1623 1291 1654 esse
1306 1622 1451 1666 spem,
1470 1608 1822 1665 prudentissimo
1844 1616 1891 1654 et
1907 1609 1953 1652 in

313 1686 383 1729 his
398 1687 532 1730 rebus
548 1685 922 1730 exercitatissimo
938 1685 1161 1742 pontifici,
1174 1685 1493 1743 persuadendi,
1509 1693 1656 1729 status
1672 1688 1756 1730 hos
1773 1687 1830 1731 ab
1847 1688 1953 1731 hae·

312 1779 464 1809 reseos
486 1763 736 1819 suspitione
757 1763 922 1807 liberos
944 1778 1061 1816 esse,
1086 1763 1173 1807 nisi
1196 1762 1429 1808 tridentini
1452 1763 1628 1819 concilij
1653 1764 1789 1808 fidem
1811 1764 1952 1820 profi-

313 1848 507 1885 teantur.
541 1842 598 1883 Et
625 1842 746 1896 apud
783 1841 841 1884 N.
873 1826 1115 1897 praecipue
1141 1841 1396 1904 curandum
1423 1840 1618 1894 videtur,
1649 1847 1700 1884 ut
1731 1840 1951 1886 ecclesiae

312 1918 561 1960 aduocatus
592 1917 638 1959 in
667 1931 716 1960 re
745 1924 834 1960 tam
862 1919 1071 1971 honesta,
1097 1925 1142 1962 et
1169 1918 1226 1961 ad
1256 1916 1396 1961 totius
1423 1917 1656 1975 religionis
1686 1917 1732 1961 in
1760 1917 1951 1975 imperio

312 1996 599 2038 commodum
617 1994 848 2051 publicum
867 1995 1138 2049 necessaria,
1158 1996 1363 2052 legatum
1377 1994 1522 2049 iuuet,
1541 2010 1594 2039 ac
1611 1995 1750 2039 totius
1768 2009 1951 2052 germa—

313 2071 415 2116 niae
437 2071 618 2114 utilitati
641 2079 780 2126 atque
802 2071 1062 2115 necessitati
1085 2072 1311 2116 consulat.

403 2149 582 2204 Quibus
611 2148 884 2203 rationibus,
909 2148 946 2192 si
976 2148 1087 2191 nihil
1114 2149 1394 2206 proficiatur,
1420 2149 1666 2206 significari
1699 2149 1865 2206 poterit
1896 2149 1954 2195 de

313 2226 634 2282 protestatione
656 2226 999 2282 interponenda,
1024 2228 1105 2270 sed
1126 2241 1226 2271 eam
1251 2234 1400 2270 tamen
1418 2226 1600 2271 differre
1615 2227 1786 2280 licebit,
1807 2240 1953 2282 usque

314 2303 371 2345 ad
394 2317 658 2358 responsum
680 2302 907 2358 pontificis
928 2318 985 2347 ex
1009 2305 1119 2348 urbe
1141 2305 1454 2349 adferendum.
1480 2307 1587 2348 Mox
1609 2319 1720 2349 uero
1747 2303 1953 2348 scriben-

314 2379 438 2431 dum,
469 2387 514 2422 et
542 2379 773 2423 celerrime
801 2379 982 2435 quidem
1011 2381 1067 2424 ad
1104 2380 1366 2438 pontificem
1397 2381 1645 2425 maximum
1679 2380 1950 2424 mittendum
1996 2376 1998 2378 ’

316 2455 511 2510 uidetur,
532 2464 582 2498 ut
599 2456 636 2498 is
654 2455 877 2512 intelligat
894 2457 1155 2514 diligentiae
1171 2460 1394 2502 hactenus
1408 2458 1635 2502 adhibitae
1651 2457 1887 2510 rationem,
1903 2464 1949 2502 et

314 2546 473 2575 causas
490 2533 654 2576 dilatae
675 2534 1027 2588 protestationis,
1048 2542 1093 2579 et
1115 2542 1284 2579 statum
1309 2535 1446 2579 totius
1469 2535 1659 2592 negotij,
1679 2541 1725 2578 et
1742 2534 1947 2578 inciden-

317 2615 385 2653 tes
403 2609 475 2652 hic
487 2610 723 2653 doctorum
739 2609 1044 2656 dubitationes
1061 2626 1113 2655 ac
1130 2612 1435 2665 difficultates,
1452 2613 1509 2655 ob
1526 2626 1638 2667 quas
1652 2612 1833 2668 legatus
1850 2610 1949 2667 ipse

317 2700 409 2728 non
431 2686 627 2741 potuerit
649 2686 760 2731 certi
781 2687 949 2742 aliquid
970 2688 1015 2731 in
1039 2703 1087 2732 re
1109 2688 1223 2732 tanti
1250 2688 1467 2733 momenti
1496 2688 1791 2742 constituere,
1817 2703 1951 2744 prae-

316 2762 469 2806 sertim
486 2777 589 2806 cum
613 2763 788 2807 uideret
809 2771 1013 2819 apertum
1031 2766 1077 2809 id
1095 2781 1186 2810 non
1203 2781 1320 2819 esse,
1341 2767 1463 2821 quod
1480 2780 1688 2810 recessus
1706 2765 1810 2821 annj
1840 2774 1950 2821 1555

317 2838 508 2882 concilio
530 2839 790 2893 tridentino,
814 2843 963 2895 quoad
986 2843 1216 2899 dogmata,
1241 2842 1585 2899 praeiudicaret.
1613 2842 1796 2886 Interim
1819 2842 1952 2898 quic-

317 2914 426 2970 quid
446 2916 646 2971 pontifex
669 2916 892 2960 maximus
914 2919 1190 2974 decreuerit,
1215 2920 1262 2963 id
1291 2933 1396 2963 cum
1427 2920 1611 2963 allatum
1636 2921 1727 2963 huc
1757 2935 1813 2965 ex
1841 2920 1952 2963 vrbe

317 2991 469 3043 fuerit,
495 2993 786 3047 exequutioni
815 2994 965 3038 statim
996 2997 1363 3040 demandandum
1391 3011 1491 3040 esse
1513 2996 1802 3053 promittatur
1824 3013 1832 3040 :
1859 2997 1950 3040 sal-

321 3082 430 3111 uum
452 3068 571 3111 enim
593 3083 644 3112 ac
666 3069 894 3126 integrum
916 3072 1118 3127 pontifici
1140 3073 1210 3117 ius
1238 3080 1405 3127 manet,
1432 3080 1498 3126 ut,
1525 3074 1649 3129 quod
1669 3073 1767 3130 ipse
1788 3073 1950 3116 uolue-

2073 0 2228 47 W*
