2228 3548
887 294 911 332 7
935 287 1170 325 Fannmmu
1198 286 1289 334 1566
1844 290 1867 327 3

739 458 786 496 S.
817 387 1150 498 ΕΒΑΝΟῙὸῗΣῗῘέ
1174 461 1246 498 DE
1270 461 1443 509 BORJA

605 526 817 570 PATRI
865 527 1292 572 HIERONYMO
1340 529 1587 574 NADAL

777 612 938 650 Romus,
963 611 986 649 7
1011 612 1241 641 mannaan
1268 605 1360 650 1566
1388 608 1415 642 ¹.

362 669 578 706 Instructio
596 670 643 705 de
658 670 815 706 ratione
831 670 1003 706 tenenda
1021 670 1066 705 in
1082 671 1339 717 exsequendis
1350 670 1557 720 pontificis
1571 673 1780 709 mandatis
1795 673 1839 709 in

862 731 1057 765 conventu
1073 732 1323 778 augustano.

384 802 500 838 Jnus.
528 802 702 830 mcoam
725 802 807 830 PER
833 803 872 830 1L
889 802 930 831 P.
956 802 1099 830 NATAL
1123 802 1211 831 con
1234 803 1272 831 Ll
1300 803 1534 838 commem,
1560 804 1643 832 PER
1668 804 1813 834 conTo

271 868 328 896 DE
340 868 394 896 LA
408 867 603 896 mssioNE
616 867 868 895 PRINOEPALE
880 867 966 896 mu.
977 867 1089 894 PAPA
1102 867 1172 896 1³10
1186 867 1227 904 ν,
1236 868 1345 896 ALLA
1357 868 1485 896 mirra
1498 863 1514 883 ²
1527 869 1571 897 m
1583 869 1743 898 vaNA
1752 869 1789 907 ι,
1801 861 1907 907 1566.

368 950 405 982 1.
472 936 640 981 Primo.
663 935 845 994 Piglino
866 936 913 980 in
929 936 1087 980 scritto
1103 935 1391 982 l’intentione
1411 937 1458 980 di
1479 939 1574 983 Sua
1595 939 1690 984 Sfl*
1714 954 1795 996 per
1811 954 1906 983 non

272 1014 571 1068 smenticarsi,
591 1021 638 1058 et
658 1014 901 1071 procurino
921 1013 1164 1071 eseguirla.

346 1159 367 1180 a
410 1152 469 1188 Ita
498 1151 538 1187 in
560 1151 787 1199 archetypo,
809 1149 881 1187 sed
903 1161 1010 1186 error
1031 1150 1135 1186 clare
1157 1155 1333 1198 apparet,
1358 1162 1447 1187 nam
1469 1157 1688 1188 conventus
1712 1163 1788 1188 non
1811 1153 1904 1189 Vin-

274 1211 467 1257 dobonae,
500 1210 571 1247 sed
599 1211 804 1257 Augustae
827 1209 984 1246 habitus
1013 1214 1095 1255 est,
1114 1214 1157 1245 ut
1185 1209 1226 1246 in
1254 1210 1329 1246 hoe
1358 1210 1443 1258 ipso
1474 1210 1711 1247 documento
1748 1212 1904 1260 saepius

275 1271 519 1319 supponitur,
538 1275 579 1307 et
595 1270 691 1306 alias
707 1274 844 1306 notum
861 1274 940 1306 est.

343 1378 357 1400 ¹
407 1379 466 1415 Ex
483 1378 709 1424 archetypo,
727 1375 767 1412 in
783 1375 933 1423 codice,
949 1375 1014 1412 cui
1036 1375 1174 1412 titulus
1190 1376 1363 1412 Decreta
1375 1379 1413 1413 et
1426 1377 1710 1413 instructiones
1727 1386 1864 1424 154o-7
1868 1388 1902 1425 3,

271 1437 339 1475 fol.
359 1448 443 1485 249.
462 1438 547 1474 Hoc
563 1436 840 1473 documentum
853 1434 1027 1472 continet
1045 1434 1337 1481 instructiones,
1350 1447 1373 1472 a
1385 1441 1521 1472 sancto
1535 1435 1743 1474 Francisco
1761 1437 1903 1484 Borgia

270 1498 400 1534 Natali
418 1497 592 1539 traditas,
611 1507 701 1532 cum
719 1495 828 1532 illum
845 1494 886 1531 in
903 1494 1168 1542 Germaniam,
1187 1494 1380 1531 Ledesma
1395 1495 1556 1543 comite,
1570 1495 1684 1543 jussu
1701 1496 1794 1533 novi
1811 1508 1904 1544 pon-

268 1557 399 1602 tificis,
423 1556 549 1594 sancti
578 1555 638 1592 Pii
664 1555 714 1598 V,
741 1555 847 1592 misit
870 1554 919 1591 ad
950 1561 1188 1591 conventum
1211 1561 1490 1602 augustanum.
1514 1556 1604 1592 Duo
1629 1556 1824 1592 habentur
1846 1556 1902 1593 in-

225 1644 233 1647 -
267 1616 502 1654 structiones
520 1615 659 1652 eodem
676 1620 852 1662 tempore
872 1614 1002 1651 Natali
1020 1613 1202 1651 traditae.
1227 1615 1272 1651 In
1294 1615 1380 1662 hae,
1399 1626 1516 1663 quam
1534 1614 1658 1662 primo
1683 1616 1771 1652 loco
1793 1615 1903 1664 poni-

268 1689 370 1725 mus,
387 1677 637 1714 continentur
653 1686 715 1723 ea,
727 1686 828 1724 quae
841 1674 891 1711 ad
903 1673 1098 1722 pontificis
1107 1674 1217 1721 jussa
1230 1679 1410 1711 accurate
1424 1674 1675 1723 exsequenda
1688 1674 1898 1712 faciebant.

268 1738 314 1774 In
336 1736 508 1774 secunda
530 1746 625 1772 vero
647 1746 707 1778 ea,
737 1745 838 1783 quae
861 1733 910 1770 ad
941 1733 1227 1782 provinciarum
1251 1733 1499 1781 Germaniae,
1525 1733 1653 1781 Belgii
1677 1739 1718 1771 et
1748 1734 1901 1771 Galliae

269 1794 552 1843 inspectionem
569 1793 818 1840 spectabant.
841 1791 953 1828 Licet
970 1803 1064 1828 vero
1083 1790 1133 1828 de
1157 1791 1237 1838 die,
1261 1803 1337 1840 qua
1359 1791 1475 1828 datae
1497 1791 1644 1829 fuerint
1660 1793 1734 1829 hae
1758 1793 1902 1830 instru-

268 1854 434 1897 ctiones,
454 1865 532 1890 non
544 1856 698 1889 constet
714 1852 756 1888 in
771 1863 888 1900 supra
904 1851 1010 1888 dicto
1021 1850 1172 1897 codice,
1186 1856 1317 1888 tamen
1330 1851 1395 1888 die
1412 1859 1435 1897 7
1453 1851 1669 1898 Februarii,
1684 1864 1760 1900 qua
1777 1853 1900 1889 Roma

270 1913 435 1963 profecti
453 1918 544 1950 sunt
562 1911 713 1948 Natalis
726 1916 767 1948 et
782 1910 989 1957 Ledesma,
1014 1911 1078 1946 vel
1102 1911 1216 1958 paulo
1235 1916 1339 1954 ante,
1360 1911 1526 1948 traditae
1555 1911 1677 1948 fuisse
1700 1911 1898 1949 videntur.

269 1975 344 2010 Eas
358 1972 514 2020 scripsit
530 1971 690 2008 Polanci
706 1970 905 2016 librarius3
929 1970 1013 2017 ipse
1037 1976 1169 2006 autem
1191 1970 1384 2007 Polancus
1407 1971 1560 2018 propria
1585 1983 1700 2008 :nanu
1723 1972 1901 2008 exaravit

267 2034 334 2070 illa
350 2033 471 2069 verba
487 2030 592 2068 tituli
616 2031 693 2066 Pio
718 2031 763 2066 V.
780 2058 788 2066 .
804 2058 812 2066 .
841 2030 886 2066 in
912 2030 1082 2073 Vienna,·
1100 2034 1140 2065 et
1157 2029 1197 2066 in
1214 2031 1453 2078 paragrapho
1469 2031 1544 2067 sub
1561 2043 1601 2075 n.
1619 2030 1644 2066 6
1664 2030 1807 2078 posita,
1826 2030 1899 2067 tria

267 2093 394 2141 priora
410 2092 532 2128 verba
551 2090 600 2127 Se
618 2090 778 2137 pares-si
793 2089 836 2125 al
845 2115 855 2125 .

337 2155 351 2175 Ξ
401 2151 524 2188 «Cum
539 2148 826 2185 Maximilianus
839 2149 1068 2195 Imperator,
1083 2146 1312 2185 imminente
1328 2149 1456 2185 Turea
1474 2149 1713 2196 Pannoniae,
1727 2161 1899 2186 conuen—

265 2219 348 2250 tum
366 2212 570 2257 Augustae
587 2207 879 2244 Vindelicorum
896 2206 946 2243 de
969 2206 1120 2243 ratione
1142 2207 1239 2244 belli
1259 2207 1424 2254 gerendi
1447 2208 1651 2254 edixisset;
1672 2208 1801 2256 deque
1825 2209 1900 2244 Re-

263 2270 421 2319 ligionis
437 2270 556 2306 rebus
574 2267 689 2303 simul
706 2266 931 2314 agitandum
949 2265 990 2302 in
1010 2277 1059 2302 eo
1077 2272 1275 2303 conuentu
1291 2278 1423 2304 rumor
1439 2267 1575 2315 ferret,
1590 2267 1693 2316 quod
1707 2273 1815 2304 tanto
1833 2278 1899 2304 cu·

263 2343 344 2369 ram
362 2329 578 2367 incutiebat
595 2326 708 2364 bonis
727 2325 926 2370 maiorem,
943 2330 1088 2373 quanto
1105 2325 1285 2363 Caesaris
1301 2326 1473 2364 animum
1490 2326 1595 2364 idem
1619 2338 1750 2363 rumor
1775 2327 1899 2363 incer·

265 2391 404 2428 tiorem
428 2388 594 2432 ferebat;
622 2386 733 2422 iubet
753 2383 936 2421 Pontifex
958 2383 1023 2420 edi
1045 2384 1122 2421 sibi
1144 2385 1301 2422 nomina
1320 2397 1471 2434 eorum,
1493 2386 1573 2435 qui,
1599 2398 1688 2423 cum
1712 2386 1761 2422 ad
1785 2386 1896 2431 alias,

265 2456 348 2487 tum
377 2448 427 2485 ad
454 2449 553 2484 hanc
582 2444 810 2482 nominatim
833 2443 1123 2492 expeditionem
1147 2444 1278 2481 idonei
1305 2444 1451 2482 forent.
1466 2474 1474 2483 .
1490 2473 1500 2482 .
1530 2447 1614 2482 Nec
1644 2445 1777 2482 multis
1807 2451 1898 2493 post

265 2510 420 2554 diebus,
435 2519 485 2544 ex
499 2505 659 2553 triginta
671 2504 809 2550 ferme,
822 2502 889 2551 qui
906 2503 1095 2540 nominati
1111 2503 1283 2541 fuerant.
1297 2531 1307 2541 .
1319 2530 1330 2541 .
1339 2534 1349 2552 ‚
1369 2505 1419 2541 ad
1437 2506 1713 2552 Augustanum
1727 2516 1898 2541 conuen-

265 2574 350 2606 tum
367 2567 650 2614 Hieronymum
673 2563 868 2610 Natalem,
891 2567 932 2599 et
954 2563 1138 2599 Iacobum
1164 2563 1396 2601 Ledesmam
1420 2564 1610 2611 selegit.»
1635 2564 1895 2606 SAccmNUS.

264 2630 372 2666 Hist.
393 2629 483 2665 Soc.
497 2626 568 2674 s.,
585 2629 685 2673 part.
703 2624 777 2671 111,
793 2623 861 2660 lib.
881 2623 933 2669 11,
946 2634 1019 2659 nn.
1040 2632 1076 2670 4,
1097 2631 1132 2668 5.
1152 2623 1195 2659 Si
1211 2629 1342 2674 autem
1355 2624 1519 2671 fontem,
1539 2624 1642 2661 unde
1655 2625 1753 2661 haec
1766 2624 1898 2660 hausit

263 2687 493 2731 Sacehinus,
507 2684 646 2733 aliquis
659 2683 759 2721 scire
772 2688 901 2726 aveat,
916 2694 967 2719 en
982 2682 1142 2719 Polanci
1158 2683 1383 2732 chronicon,
1397 2684 1446 2720 ad
1463 2696 1607 2721 annum
1629 2683 1720 2730 1566
1738 2690 1778 2720 et
1796 2685 1897 2720 ultra

262 2759 307 2784 se
324 2745 575 2795 protendens,
601 2743 669 2780 ubi
691 2744 788 2779 haec
811 2741 964 2790 propria
987 2753 1103 2778 manu
1128 2741 1272 2790 scripta
1294 2743 1408 2780 nobis
1431 2739 1603 2791 reliquit:
1629 2743 1752 2780 «Cum
1777 2743 1896 2790 septi-

261 2819 324 2844 ma
339 2806 404 2843 die
422 2803 597 2852 Januarii
621 2803 715 2839 Pius
734 2813 833 2850 papa
850 2801 886 2836 V
903 2812 1078 2837 summus
1091 2800 1279 2850 pontifex,
1295 2801 1430 2839 diuino
1442 2803 1573 2850 potius
1587 2814 1703 2850 quam
1723 2803 1894 2838 humano

258 2866 421 2904 consilio
438 2865 588 2901 electus
604 2861 760 2907 fuisset,
778 2861 895 2897 Pater
911 2865 1045 2896 noster
1067 2861 1311 2908 praepositus
1332 2862 1529 2909 generalis
1554 2874 1644 2898 eum
1668 2863 1784 2910 paulo
1804 2866 1894 2910 post

258 2924 381 2962 adiuit
397 2935 487 2961 cum
503 2922 580 2959 alio
597 2920 815 2965 sacerdote,
833 2924 875 2956 et
897 2919 1068 2966 benigne
1092 2919 1299 2957 admodum
1317 2926 1379 2958 est
1396 2933 1465 2958 eos
1483 2922 1690 2964 allocutus,
1709 2926 1750 2957 et
1766 2920 1892 2957 consi-

258 2985 312 3022 lio
329 2989 369 3020 et
385 2982 531 3019 auxilio
548 2979 756 3017 Societatis
771 2991 815 3016 se
832 2980 936 3015 velle
950 2979 1008 3015 vti
1024 2977 1274 3026 significauit.
1289 2980 1390 3017 Cum
1403 2986 1551 3028 autem,
1565 2989 1608 3016 21
1629 2979 1819 3027 Januarii,
1839 2981 1892 3015 2.⁰

260 3056 350 3082 eum
367 3042 543 3087 adiisset,
561 3045 602 3077 et
626 3038 905 3086 obedientiam,
922 3049 994 3075 suo
1012 3043 1052 3074 et
1069 3038 1190 3075 totius
1207 3039 1416 3076 Societatis
1433 3039 1606 3085 nomine,
1624 3038 1728 3076 circa
1741 3038 1893 3074 missio-

259 3115 331 3141 nes
344 3114 413 3151 pro
426 3101 596 3138 instituti
608 3099 732 3136 nostri
745 3098 910 3146 ratione,
922 3097 1041 3134 etiam
1054 3097 1156 3134 inter
1171 3098 1390 3135 haereticos
1404 3103 1445 3135 et
1458 3098 1653 3145 infideles,
1667 3098 1889 3140 obtulisset,
