2228 3548
1123 187 1151 211 η,

871 274 918 302 20
943 264 1162 304 Ocromus
1190 215 1284 323 156}
1782 269 1853 316 273

252 369 423 414 andare
444 370 487 413 al
508 383 661 426 paese,
686 383 767 425 per
787 368 1028 425 disponere
1049 368 1168 414 delle
1189 343 1274 414 sile
1295 382 1416 422 cose,
1436 372 1739 415 conuenendo
1761 371 1899 417 etiam

255 461 336 504 per
355 446 519 491 alcuna
540 447 655 490 altra
675 460 813 490 causa
834 446 1007 490 leuat-lo
1027 445 1073 488 di
1094 446 1137 489 1131
1157 446 1317 488 saltem
1339 446 1401 489 ad
1427 449 1623 503 tempus,
1645 448 1692 491 lo
1715 450 1896 493 mandai

255 537 422 568 ancora
443 524 530 567 alla
548 531 681 576 terra,
706 522 900 566 dicendo
921 524 1007 567 che
1028 521 1089 565 mi
1106 522 1345 579 aspettassi
1361 522 1409 566 in
1425 525 1666 581 Magantia
1679 532 1700 553 ²
1719 541 1729 569 ε
1753 540 1901 582 penso

258 603 343 647 che
363 603 465 645 sara
485 602 640 644 buono
660 616 742 657 per
763 600 936 644 aiutare
950 601 970 627 ὓ
990 599 1023 643 il
1043 600 1240 657 collegio
1262 599 1308 643 di
1330 601 1429 646 Sto.
1450 601 1734 659 Hieronymo
1750 603 1795 646 di
1812 605 1895 648 Di—

257 678 404 736 linga,
429 693 479 722 se
501 678 698 722 tuttauia
725 678 967 722 habbiamo
993 678 1051 721 da
1079 677 1275 722 ritenere
1302 679 1453 734 queUa
1480 693 1590 724 cura
1619 681 1893 725 immediate.

262 758 408 800 Penso
435 756 481 799 di
510 755 733 813 partirmi,
760 757 924 808 Padre,
949 769 1037 798 con
1065 755 1108 798 la
1135 754 1284 812 gratia
1304 756 1378 799 del
1399 755 1612 813 Signore,
1643 758 1820 812 lunedi‚
1845 774 1896 803 se

252 848 411 891 posso,
443 840 489 877 et
518 841 639 878 stare
668 841 735 876 tre
766 832 916 890 giorni
944 833 988 876 al
1015 832 1094 889 pisi
1123 832 1171 875 in
1202 833 1460 886 Monachio,
1491 841 1538 877 et
1566 835 1818 879 altrettanti
1847 836 1893 879 in

250 911 546 969 Ingolstadio,
577 921 624 954 et
650 925 742 954 non
771 910 849 967 pisi
878 910 924 954 in
954 911 1185 966 Augusta.
1211 911 1261 953 In
1289 909 1477 967 Dilinga
1504 926 1647 967 penso
1674 912 1718 956 io
1745 915 1830 957 che
1862 913 1893 957 il

249 989 479 1034 cardinale
501 989 561 1032 mi
583 990 762 1034 detersa
783 987 880 1044 pi1'1,
905 1003 978 1031 ma
1000 987 1078 1044 pisi
1100 994 1254 1044 presto
1277 988 1363 1031 che
1385 989 1515 1044 potro
1542 991 1602 1031 m'
1628 989 1823 1046 ispediro
1845 1000 1893 1035 et

251 1067 421 1112 andaro
443 1068 499 1110 ad
523 1065 776 1119 Herbiboli‚
800 1072 847 1110 et
867 1065 912 1108 di
933 1066 976 1108 13
998 1080 1025 1108 3
1046 1050 1195 1121 Spita,
1221 1071 1268 1108 et
1295 1063 1340 1107 di
1368 1064 1501 1120 Spira
1522 1080 1548 1108 a
1571 1067 1829 1123 Maguntia.
1856 1070 1891 1111 Il

253 1146 449 1202 Signore
471 1160 529 1189 ne
549 1144 624 1188 dia
645 1158 728 1187 sua
750 1143 913 1200 gratia,
933 1149 979 1187 et
995 1142 1041 1185 in
1059 1143 1210 1198 quella
1227 1155 1285 1185 ne
1301 1142 1572 1198 augumenti
1589 1158 1766 1200 sempre
1783 1160 1892 1202 para

252 1238 342 1280 que
358 1236 547 1279 agamos
568 1221 762 1277 siempre
783 1235 838 1263 su
859 1219 1014 1263 diuina
1036 1219 1256 1262 voluntad
1277 1222 1304 1262 έι
1325 1233 1483 1275 mayor
1504 1220 1649 1276 gloria
1666 1222 1722 1264 de
1744 1236 1797 1264 su
1819 1223 1888 1266 di-

254 1301 361 1344 uino
377 1300 582 1343 nombre.
604 1299 732 1342 Alos
751 1297 922 1341 Padres
939 1296 1203 1340 assistentes
1218 1310 1249 1352 y
1266 1299 1292 1339 έι
1309 1296 1352 1339 61
1374 1297 1428 1339 P.
1452 1296 1627 1340 Madrid
1650 1312 1734 1341 con
1760 1300 1893 1343 todos

249 1379 319 1422 los
351 1384 475 1421 otros
498 1377 669 1420 Padres
697 1375 863 1418 mucho
890 1389 964 1418 me
985 1372 1301 1418 encomiendo.
1328 1374 1383 1416 El
1404 1373 1550 1418 Sefior
1578 1389 1656 1418 sea
1684 1390 1770 1418 con
1793 1376 1884 1419 noi.

253 1455 354 1499 Ora
377 1459 467 1511 pro
487 1454 635 1509 nobis,
659 1454 818 1496 Pater.
845 1453 916 1495 Da
936 1452 1144 1508 Ispruch,
1171 1466 1198 1494 a
1218 1451 1286 1494 los
1307 1449 1429 1507 xviiij
1454 1451 1511 1495 de
1533 1452 1729 1497 Ottobre
1757 1453 1885 1508 1566.

246 1534 303 1577 D.
326 1533 385 1576 V.
414 1533 466 1575 P.
492 1545 628 1576 seruo
650 1545 707 1575 en
729 1530 833 1582 X.⁰,

245 1634 249 1636 -
1310 1604 1340 1661 †
1392 1606 1580 1650 NADAL.
1617 1606 1646 1664 «ξ-

1472 1664 1502 1722 †

1007 1742 1127 1782 4:3⁸

689 1818 742 1860 Ρ.
778 1814 1192 1866 HIERONYMUS
1225 1814 1443 1858 NADAL

583 1892 824 1930 SANCTO
859 1889 1207 1928 FRANCISCO
1242 1891 1319 1926 DE
1352 1889 1546 1938 BORJA

712 1966 967 2004 οεὶειΡοκτΕ,
988 1966 1035 1992 20
1054 1963 1261 1993 oei-onius
1281 1955 1372 2002 1566
1388 1958 1415 1992 ².

305 2028 366 2065 De
378 2026 692 2076 protestantium
710 2023 974 2061 conciliabulo
993 2021 1216 2069 Erfordiae
1231 2021 1379 2057 habito:
1397 2021 1561 2057 Natalis
1576 2025 1614 2058 et
1634 2021 1823 2059 canisius

775 2082 1032 2118 Monachium
1050 2092 1089 2116 se
1107 2079 1340 2126 conserunt.

322 2155 454 2212 Jhus.
482 2152 622 2195 Molto
649 2150 767 2193 Rdo.
789 2155 947 2191 nostro
969 2147 1116 2190 Padre
1138 2145 1184 2188 in
1206 2147 1325 2202 Xpo.
1348 2148 1444 2190 Pax
1461 2147 1567 2203 Xpi.
1590 2154 1677 2191 etc.
1700 2148 1743 2191 A
1763 2155 1881 2192 tutte

239 2232 270 2274 1’
294 2231 407 2274 altre
427 2230 588 2272 lettere
609 2227 727 2271 della
759 2227 811 2269 P.
838 2226 896 2268 V.
929 2223 1091 2280 risposi
1111 2223 1155 2266 13
1176 2223 1416 2267 settimana
1438 2231 1634 2280 passata:
1660 2225 1796 2280 dopoi
1819 2226 1879 2268 ho

242 2308 446 2353 riceuuto
466 2306 556 2348 due
584 2305 765 2355 lettere,
790 2316 872 2358 per
898 2299 1242 2357 commissione,
1272 2300 1316 2344 13
1351 2315 1439 2345 una
1466 2302 1524 2346 de
1552 2301 1610 2357 xij
1642 2310 1686 2344 et
1710 2303 1740 2343 l’
1765 2302 1878 2345 altra

240 2386 297 2430 de
319 2383 412 2439 xiiij
437 2382 483 2426 di
505 2381 778 2427 Settembre.
805 2380 992 2435 Quanto
1014 2393 1039 2420 a
1060 2378 1103 2421 la
1125 2377 1290 2434 prima,
1315 2378 1393 2433 qui
1420 2378 1458 2421 si
1479 2378 1621 2422 siamo
1650 2378 1877 2422 informati

240 2463 315 2508 del
334 2459 634 2505 conciliabulo
656 2459 742 2501 che
765 2457 901 2499 fanno
928 2454 960 2497 li
987 2454 1256 2511 protestanti
1285 2454 1333 2498 in
1355 2455 1561 2498 Erfordia
1583 2470 1592 2508 ;
1625 2463 1671 2498 et
1701 2456 1878 2499 benche

241 2554 333 2583 non
355 2538 394 2582 si
414 2537 515 2582 dice
536 2551 642 2580 cosa
663 2540 810 2586 certa,
835 2536 985 2575 tamen
1008 2545 1135 2588 pare,
1160 2533 1245 2574 che
1264 2546 1356 2575 vno
1382 2531 1521 2575 habbi
1548 2533 1690 2584 detto,
1715 2532 1875 2588 prima,

239 2618 325 2660 che
355 2630 448 2659 non
475 2614 514 2657 si
543 2627 654 2657 sono
683 2609 829 2668 potuti
855 2609 1098 2652 aecordare
1125 2607 1156 2650 li
1185 2608 1431 2664 augustani
1458 2616 1505 2652 et
1533 2608 1797 2660 ealuiniani,
1831 2616 1877 2653 et

237 2694 351 2737 oltre
372 2692 419 2735 di
447 2698 627 2747 questo,
658 2691 742 2732 che
770 2687 801 2730 li
829 2687 935 2730 dell’
966 2692 1224 2742 augustana
1253 2684 1291 2728 si
1320 2699 1433 2729 sono
1462 2685 1576 2728 uniti
1608 2686 1673 2727 fra
1701 2700 1749 2728 se
1777 2685 1872 2742 pisi,

305 2819 327 2840 a
364 2809 622 2846 Emendatum
646 2821 667 2844 a
697 2808 751 2844 N.
782 2818 831 2842 ex
855 2805 1048 2853 aspettasi
1066 2803 1196 2840 za.-b
1215 2804 1302 2840 Hoc
1319 2805 1435 2841 verb.
1465 2804 1613 2840 addidit
1637 2804 1728 2840 libr.
1759 2815 1875 2851 supra

232 2882 344 2907 vers.

303 2972 315 2993 ¹
366 2971 424 3007 Ex
446 2971 673 3016 archetypo,
692 2980 714 3004 a
732 2968 879 3014 Jacobo
896 2964 1091 3012 genuensi
1110 2969 1284 3011 exarato,
1309 2969 1350 3000 et
1379 2965 1530 3000 Natalis
1555 2976 1671 2999 manu
1702 2964 1872 3000 subscri-

234 3037 315 3079 pto,
334 3030 373 3066 in
392 3030 526 3077 Epist.
550 3028 705 3071 Nutal„
725 3028 775 3074 ΙΙ,
796 3025 942 3073 duplici
959 3024 1046 3068 fol„
1064 3031 1128 3068 151
1149 3023 1264 3069 (164).
1284 3024 1385 3060 Vide
1403 3024 1519 3072 epist.
1539 3023 1611 3069 430
1628 3029 1668 3058 et
1681 3023 1768 3069 431,
1787 3024 1872 3071 qui-

236 3091 310 3126 bus
328 3090 425 3125 haec
442 3087 670 3135 respondet.

380 3153 494 3183 Emsr.
515 3153 555 3182 P.
578 3152 712 3187 NADAL,
731 3159 810 3180 ron.
833 3150 892 3179 111.
1685 3147 1720 3176 18
