2228 3548
627 0 681 21 ‘w-
699 0 1040 26 ν’·-Ἧᾮτὴμτηε
1075 0 1147 10 “-·“·
1171 0 1179 5 ’
1207 0 1254 19 ⁴³
1389 0 1398 7 ’

874 334 917 362 12
942 325 1189 362 Dsscmms
1217 323 1309 371 1566
1792 320 1859 358 331
1925 307 1928 310 ’

274 430 362 476 Dio
383 429 422 473 si
452 430 496 472 lo
517 427 742 472 conserui.
784 427 951 472 Carolo
988 426 1156 472 Ursino
1175 427 1204 471 ὁ
1239 431 1409 470 restato
1444 439 1525 482 per
1559 424 1844 481 philosophia
1863 424 1914 468 in

276 505 553 565 Ingolstadio
585 507 614 548 ¹.
640 506 676 548 Il
712 507 766 549 P.
793 504 936 549 Mario
973 512 1020 550 et
1055 503 1278 548 Giacomo
1311 515 1544 560 genouese
1568 501 1616 545 in
1648 500 1913 555 Monachio,

277 585 308 628 l’
333 599 427 628 uno
449 599 529 641 per
559 589 755 627 maestro
791 584 848 627 de
883 581 1071 638 nouicij,
1110 581 1140 624 l’
1181 581 1295 626 altro
1331 595 1413 638 per
1439 594 1524 624 suo
1552 578 1843 635 compagnio.
1876 579 1915 622 Il

281 664 335 707 P.
359 660 587 719 Gregorio
610 662 626 682 ²
649 675 729 718 per
745 659 979 717 superiore
996 667 1042 704 et
1058 658 1339 716 predicatore
1353 657 1402 701 in
1419 658 1651 715 Augusta;
1671 663 1717 699 et
1740 655 1912 700 Mathia

280 754 361 796 per
390 738 666 783 coadiutore.
707 737 1034 794 Christophoro
1071 735 1347 792 enipontano
1382 734 1430 779 in
1452 733 1694 778 Monachio
1724 746 1805 790 per
1826 733 1915 776 far’

281 830 373 860 una
388 816 547 869 classe,
564 816 610 859 la
632 813 702 858 2.ει
718 814 765 858 di
781 813 1093 871 grammatica.
1120 814 1255 857 Mtro.
1282 796 1435 856 Pietro
1451 805 1714 855 coloniense
1730 811 1745 832 ³
1763 809 1811 853 in
1826 809 1907 854 Di-

277 892 419 950 linga,
444 899 640 937 maestro
675 892 734 935 de
768 890 1014 934 humanita.
1055 892 1191 935 Mtro.
1231 889 1436 946 Georgio
1473 889 1507 942 ⁴,
1537 888 1610 931 del
1646 887 1781 943 quale
1808 886 1914 930 sisa

277 970 468 1027 disegno
490 985 569 1026 per
591 967 844 1026 Herbipoli‚
869 981 919 1012 se
948 982 1039 1012 non
1060 967 1100 1011 si
1129 967 1220 1024 puo
1242 967 1399 1011 hauer'
1430 966 1544 1009 altro
1573 971 1758 1017 rettore,
1793 970 1914 1008 resta

276 1046 323 1090 in
340 1046 527 1104 Dilinga
547 1044 908 1099 essercitandosi,
942 1052 1072 1102 parte
1097 1043 1144 1087 in
1175 1046 1313 1089 esser’
1337 1042 1560 1096 ministro,
1591 1048 1719 1099 parte
1746 1041 1793 1084 in
1814 1048 1914 1085 stu-

278 1124 391 1168 diar’
416 1123 644 1181 theologia
679 1138 760 1180 per
780 1137 848 1167 se.
887 1123 1063 1179 Questa
1089 1122 1115 1166 e
1151 1122 1195 1165 13
1231 1119 1550 1164 distributione
1578 1121 1635 1163 de
1663 1118 1801 1175 quelli
1829 1119 1916 1163 che

283 1215 454 1246 uenero
475 1201 521 1244 di
542 1202 702 1254 Roma,
732 1200 789 1244 de
816 1199 938 1256 quali
974 1197 1158 1242 alchuni
1188 1211 1302 1241 sono
1329 1196 1557 1254 designati
1585 1197 1659 1239 all’
1690 1210 1810 1240 anno
1830 1197 1919 1239 che

283 1278 415 1322 viene
435 1293 514 1336 per
535 1276 790 1334 Herbipoli‚
814 1283 860 1320 et
881 1276 975 1320 cosi
996 1290 1157 1320 sarano
1177 1274 1376 1320 alleuiati
1397 1274 1427 1317 li
1455 1274 1652 1330 collegij,
1678 1274 1795 1317 doue
1818 1287 1916 1317 ser—

285 1354 444 1398 uirano
466 1357 612 1411 quest'
636 1368 756 1398 anno
770 1353 843 1398 del
859 1353 1025 1397 viatico
1041 1353 1098 1398 de
1115 1354 1272 1397 Roma.
1293 1351 1370 1397 Gli
1387 1350 1487 1395 altri
1505 1350 1658 1394 viatici
1680 1349 1787 1393 tutti
1804 1363 1921 1393 sono

283 1431 542 1476 distribuiti.
568 1431 618 1477 Si
639 1432 766 1476 muto
788 1431 875 1476 alla
894 1431 1039 1476 classe
1060 1429 1107 1474 di
1130 1428 1354 1474 rhetorica
1376 1428 1424 1472 in
1451 1428 1638 1485 Dilinga
1659 1427 1810 1483 quello
1831 1428 1919 1471 che

283 1524 360 1554 era
394 1508 667 1562 humanista‚
708 1511 841 1553 Mtro.
883 1508 1090 1553 Gerardo
1125 1507 1340 1552 cleuense
1377 1508 1410 1561 ⁵,
1451 1505 1704 1550 sufficiente
1741 1519 1822 1561 per
1848 1505 1919 1547 far

285 1586 381 1631 solo
402 1593 424 1615 ⁸
451 1586 602 1642 quella
637 1586 799 1639 classe,
839 1586 881 1630 al
917 1585 1065 1642 quale,
1096 1598 1225 1628 come
1251 1585 1314 1627 ho
1342 1583 1492 1636 detto,
1527 1596 1739 1627 successe
1761 1580 1921 1625 Pietro

285 1662 551 1708 louaniense
572 1664 606 1717 ⁶3
631 1668 677 1709 et
699 1662 793 1706 cosi
816 1662 979 1706 furono
999 1660 1176 1706 liberati
1205 1660 1322 1704 dalla
1350 1660 1494 1704 classe
1521 1660 1568 1702 di
1595 1658 1820 1702 rhetorica
1842 1658 1917 1702 doi

284 1742 369 1784 che
390 1754 527 1784 erano
547 1740 594 1784 in
615 1741 765 1796 quella
791 1739 1018 1796 occupati,
1042 1738 1140 1783 cioe
1162 1737 1192 1781 il
1221 1739 1274 1782 P.
1306 1736 1484 1782 Gioane
1512 1751 1638 1789 saxo,
1669 1735 1701 1779 il
1723 1736 1858 1792 quale
1879 1735 1918 1779 si

285 1818 451 1862 mando
479 1833 505 1862 a
540 1819 759 1874 Inspruch
793 1830 874 1873 per
910 1817 1100 1873 probare
1136 1830 1186 1860 se
1222 1815 1265 1858 la
1296 1828 1379 1859 sua
1414 1814 1599 1871 predica
1636 1812 1918 1858 riuscirebbe

286 1895 346 1948 13,
370 1901 479 1948 eto„
504 1901 550 1938 et
571 1895 809 1939 Leonardo
831 1892 1029 1938 Boschio
1054 1895 1084 1946 ⁷,
1110 1893 1141 1935 il
1157 1892 1290 1948 quale
1306 1898 1434 1949 parte
1450 1891 1651 1935 studiara
1669 1889 1920 1946 theologia,

287 1978 415 2028 parte
436 1974 472 2015 s’
497 1972 722 2028 occupata
737 1972 964 2027 priuatim
982 1970 1030 2013 in
1043 1983 1148 2013 casa
1169 1983 1196 2012 a
1212 1970 1381 2026 passar’
1405 1969 1448 2012 la
1469 1967 1723 2022 dialectica,
1747 1974 1794 2012 et
1814 1968 1918 2024 leg-

288 2051 385 2106 ger’
410 2063 474 2093 un
488 2063 604 2106 poco
625 2049 671 2092 in
688 2062 827 2106 greco
848 2064 874 2092 a
897 2049 1080 2092 Matheo
1101 2047 1284 2103 polono,
1309 2046 1341 2089 il
1362 2046 1495 2102 quale
1517 2054 1638 2091 resta
1658 2045 1705 2087 in
1732 2044 1920 2101 Dilinga

286 2128 432 2182 quest'
452 2140 573 2169 anno
596 2140 733 2170 senza
753 2125 950 2182 legger',
970 2138 1049 2180 per
1066 2122 1268 2180 compirli
1290 2122 1366 2166 doi
1385 2122 1593 2178 desiderij
1618 2123 1702 2166 che
1722 2123 1922 2174 haueua,

360 2274 382 2296 Β
419 2268 504 2303 Hoc
522 2268 638 2304 verb.
661 2278 778 2315 supra
795 2278 902 2302 vers.
926 2265 1074 2302 addidit
1089 2265 1180 2302 libr.

362 2370 371 2391 ¹
423 2367 525 2404 Vide
543 2367 662 2414 epist.
685 2377 769 2416 427,
790 2380 833 2418 ¹².-
859 2377 894 2412 23
914 2373 956 2403 et
973 2375 1057 2414 447,
1078 2379 1117 2403 n.
1137 2376 1178 2412 4.

360 2430 374 2450 ²
425 2428 633 2464 Roseffius.

360 2488 375 2508 ⁵
424 2486 504 2531 Sic;
523 2486 594 2522 sed
611 2485 772 2522 inferius
789 2486 852 2522 hic
869 2486 954 2534 ipse
971 2486 1189 2533 appellatur
1206 2484 1463 2522 lovaniensis.

362 2549 377 2568 ⁴
425 2546 567 2582 Bader.
593 2546 693 2582 Vide
710 2557 804 2593 pag.
831 2553 911 2591 159,
930 2550 1067 2582 annot.
1090 2543 1132 2580 3.

360 2607 375 2628 ⁵
424 2605 622 2642 Gerardus
645 2605 880 2652 Lapidanus,
899 2604 966 2653 qui
988 2604 1176 2640 cle-vensis
1198 2603 1353 2652 dicitur,
1378 2605 1458 2651 vel,
1476 2604 1676 2650 clivensis,
1694 2607 1737 2638 ut
1758 2602 1929 2639 habetur

289 2665 330 2701 in
349 2664 448 2701 Cod.
478 2665 620 2702 Natal.
646 2666 765 2700 instr.
791 2663 944 2707 Germ„
971 2665 1106 2710 «Quae
1135 2663 1298 2700 dixit...
1330 2663 1481 2700 Natalis
1510 2663 1695 2709 Dilingae
1725 2661 1926 2698 secundo»
1955 2689 1963 2696 .

291 2724 363 2760 fol.
390 2733 452 2760 12.

359 2784 375 2807 Β
423 2783 532 2819 Idem
548 2784 688 2820 Petrus
706 2795 794 2820 esse
813 2782 981 2827 videtur,
995 2781 1062 2830 qui
1080 2793 1198 2829 supra
1213 2782 1448 2819 coloniensis
1466 2782 1626 2818 dicitur.
1649 2782 1710 2816 De
1728 2781 1802 2817 hoc
1818 2779 1923 2816 idem

288 2841 453 2887 Natalis,
470 2842 511 2879 in
527 2843 666 2879 Natal.
686 2844 805 2879 instr.
829 2842 991 2884 Germ„
1011 2842 1086 2878 loc.
1104 2841 1190 2888 eit.,
1208 2842 1306 2878 haec
1324 2841 1480 2889 scripsit
1505 2842 1572 2877 «In
1591 2842 1654 2877 2.'
1678 2840 1834 2887 [classe]
1852 2840 1927 2875 Pe-

208 2901 210 2903 ’
286 2907 369 2937 trus
386 2901 638 2946 louaniensis,
656 2913 780 2949 usque
798 2901 846 2938 ad
869 2906 1113 2946 autumnum,
1131 2910 1209 2947 quo
1234 2905 1408 2948 tempore
1427 2900 1605 2936 mittetur
1629 2898 1925 2946 Herbipolim.»

357 2963 370 2982 '¹
421 2960 571 2996 Natalis
594 2960 634 2997 in
659 2960 873 2997 memoriali
897 2972 1013 3008 supra
1034 2960 1169 3006 citato,
1193 2958 1376 3006 Dilingae
1393 2960 1547 3004 relicto,
1567 2959 1665 2994 haec
1681 2958 1731 2994 de
1757 2958 1925 2994 Boschio

287 3019 456 3066 scripsit:
477 3019 687 3066 «Magister
704 3020 894 3056 Boschius
912 3031 1028 3056 unam
1046 3019 1254 3055 lectionem
1272 3019 1494 3065 theologiae
1519 3017 1775 3054 scholasticae
1792 3017 1928 3055 audiat

290 3083 332 3114 et
347 3079 572 3114 haebream.
596 3079 727 3116 Parari
749 3078 893 3127 poterit
912 3079 959 3115 ad
978 3078 1286 3116 sacerdotium.»
1303 3078 1405 3115 Vide
1423 3079 1476 3115 sis
1495 3077 1544 3114 de
1573 3077 1711 3114 eodem
1735 3078 1927 3114 BRAUNs·

294 3145 477 3184 BERGER,
495 3139 573 3174 loc.
597 3137 688 3186 cit.,
708 3139 780 3186 111,
799 3149 883 3186 494,
901 3147 990 3185 495.
