2228 3548
411 301 478 328 112
920 288 1058 324 Ems‘r.
1087 285 1132 320 P.
1159 283 1433 321 NADAL-388

362 397 471 438 nare
499 395 571 437 be.
604 393 676 436 No
704 404 889 434 occorre
915 391 1013 432 mes
1040 401 1119 445 per
1147 393 1256 431 esta.
1291 387 1346 431 El
1383 387 1531 432 Senot
1565 390 1632 431 sia
1669 386 1728 432 ab
1759 388 1999 433 nosaltres.

367 472 466 515 Ora
480 475 570 526 pro
591 469 731 521 nobis,
756 469 911 510 Pater.
937 467 1008 511 De
1031 466 1263 522 Augusta,
1292 474 1317 520 5
1340 465 1398 508 de
1419 463 1547 522 Maig
1574 465 1701 520 1566.

1359 542 1501 586 NOTA
1534 555 1697 586 MANUS
1733 543 1762 586 ¹.

451 626 627 679 Aquest
649 621 840 678 despaig
861 635 918 664 va
939 635 1019 677 per
1039 620 1069 662 l'
1095 618 1275 662 auditor
1297 619 1372 663 del
1392 619 1534 676 legat,
1559 625 1726 664 mestre
1748 619 1937 666 Andrea
1963 620 1998 674 ²,

362 718 393 759 y
414 705 459 745 te
481 702 589 745 orde
611 701 668 745 de
694 714 803 743 anar
831 698 997 755 primer
1017 701 1044 740 a
1071 698 1143 740 V.'
1165 698 1239 751 Ρ.,
1270 697 1511 753 pregantla
1539 710 1629 753 que
1658 696 1810 741 subito
1835 697 1939 754 vaja
1959 698 2001 742 al

364 779 496 835 amic,
526 793 557 834 y
578 778 696 821 done
717 777 761 819 la
788 790 871 820 sua
897 773 1172 826 informatio,
1197 788 1227 830 y
1249 775 1350 830 saca
1371 773 1402 816 l'
1438 773 1557 817 offici
1579 787 1670 830 que
1690 774 1845 831 podra,
1871 782 2001 820 antes

361 871 451 912 que
473 856 585 899 altre
606 868 730 911 puga
752 854 913 909 scaber
934 865 1024 907 que
1045 866 1094 895 se
1118 858 1252 895 trata.

450 933 695 988 Inscriptio
721 932 782 974 ad
809 931 972 973 calcem
1002 928 1228 972 secundae
1248 929 1474 986 paginae:
1501 929 1634 986 Jhus.
1670 928 1796 973 Patri
1823 932 1997 973 nostro.

360 1010 468 1056 Soli.
496 1010 603 1053 Alia
631 1023 789 1052 manu:
823 1008 950 1063 1566.
981 1008 1052 1050 De
1080 1004 1371 1063 Augustanis
1401 1004 1611 1050 comitiis.
1654 1006 1907 1064 Vestigium
1934 1007 2003 1050 si-

354 1088 479 1146 gilli.

1109 1169 1236 1212 388

827 1255 869 1292 S.
896 1253 1229 1292 FRANCISCUS
1254 1254 1327 1290 DE
1351 1253 1522 1302 BORJA

691 1323 900 1367 PATRI
943 1321 1373 1366 HIERONYMO
1416 1321 1664 1366 NADAL

935 1406 1102 1440 ROMAE,
1122 1405 1145 1443 7
1162 1406 1256 1441 MAJI
1276 1397 1368 1444 1566
1386 1398 1420 1433 ³.

354 1477 389 1514 Ι,
407 1477 443 1503 2.
466 1466 643 1502 Lectores
651 1468 728 1514 pro
746 1465 926 1512 collegiis
935 1463 1159 1511 parisiensi
1171 1465 1209 1499 et
1221 1463 1439 1511 dilingano
1452 1463 1810 1511 procurandi.—3.
1826 1463 1875 1500 P.
1890 1463 1997 1499 Pae'z

401 1527 603 1562 lusitanus
617 1526 661 1560 in
673 1524 941 1560 Germaniam
955 1523 1241 1567 mittitur.—-4.
1254 1521 1433 1571 Collegio
1442 1522 1622 1571 plocensi
1636 1523 1799 1559 lectores
1803 1522 1898 1570 jam
1905 1523 1997 1559 mit-

401 1586 512 1622 tendi
524 1585 731 1621 videntur.
742 1592 823 1627 —5.
843 1583 900 1618 De
914 1582 1160 1630 confessario
1173 1582 1523 1630 reginarum.—6.
1539 1583 1594 1618 P.
1617 1582 1811 1619 Ludovici
1827 1583 1874 1619 de
1888 1582 1999 1619 Men·

398 1646 510 1686 doza,
530 1643 691 1690 ejusque
708 1643 818 1684 socii,
838 1653 939 1677 cura
955 1641 1252 1687 habenda.-7.
1275 1641 1373 1677 Post
1397 1642 1594 1689 scriptum
1619 1643 1667 1678 de
1689 1641 1931 1688 quibusdam
1951 1642 1998 1679 li-

400 1704 482 1739 bris
498 1706 535 1739 et
553 1703 600 1738 de
618 1702 764 1749 templo
778 1713 946 1736 romano
967 1701 1177 1754 Societatis
1194 1713 1221 1736 a
1238 1700 1435 1737 Farnesio
1452 1702 1666 1749 erigendo.

451 1793 488 1825 1.
548 1782 680 1838 Jhus.
708 1780 848 1823 Molto
878 1779 996 1822 Rdo.
1022 1779 1069 1822 in
1097 1779 1217 1835 Xpo.
1245 1779 1407 1822 Padre.
1436 1781 1533 1822 Pax
1555 1778 1660 1836 Xpi.
1680 1812 1690 1832 ‚
1716 1785 1805 1824 etc.
1831 1780 1995 1836 Doppo

357 1859 506 1915 quelle
527 1858 573 1900 di
597 1858 652 1901 V.
679 1858 754 1909 R.‚
779 1856 825 1899 di
847 1857 874 1899 6
903 1863 948 1901 et
976 1869 1026 1911 13
1055 1856 1071 1878 ⁴
1092 1856 1166 1901 del
1195 1863 1395 1913 passam,
1420 1856 1506 1900 alle
1529 1855 1651 1912 quali
1673 1858 1711 1903 s'
1735 1857 1761 1901 ὲ
1791 1856 1905 1901 satta
1932 1857 1994 1900 ri-

355 1942 524 1992 sposta,
550 1934 587 1977 si
610 1949 721 1977 sono
744 1933 948 1978 riceuute
970 1934 1119 1990 quelle
1147 1933 1193 1976 di
1221 1946 1273 1991 19
1294 1934 1367 1977 del
1389 1932 1636 1978 medesimo
1661 1935 1693 1987 ¹⁵,
1718 1940 1765 1977 et
1786 1933 1828 1977 ci
1850 1933 1991 1978 siamo

355 2011 575 2055 consolati
603 2012 654 2053 in
686 2011 884 2053 Domino
919 2011 1035 2054 della
1072 2011 1225 2054 buona
1262 2010 1432 2055 recolta
1467 2010 1514 2053 di
1550 2017 1712 2066 questa
1747 2010 1987 2055 settimana

353 2096 483 2133 santa
503 2088 548 2131 in
572 2089 802 2143 Augusta,
828 2094 872 2131 et
895 2089 1039 2132 anche
1061 2089 1098 2130 s’
1119 2088 1144 2130 e
1162 2077 1387 2144 ralegrata
1408 2088 1504 2132 Sua
1525 2086 1720 2141 Santita‚
1746 2087 1833 2131 alla
1855 2087 1989 2144 quale

352 2167 390 2210 si
413 2172 666 2209 mostrorno
688 2165 731 2208 le
752 2164 928 2217 lettere,
953 2178 1039 2207 con
1062 2179 1125 2207 un
1147 2164 1346 2221 capitulo
1367 2164 1414 2207 di
1436 2165 1585 2220 quelle
1606 2165 1680 2210 del
1703 2166 1757 2208 P.
1784 2163 1985 2209 Canisio.

420 2332 431 2352 ¹
482 2331 586 2367 Loco
604 2330 665 2366 sui
682 2329 862 2373 nominis,
885 2330 981 2365 haec
999 2329 1156 2378 scripsit
1173 2331 1341 2378 Natalis,
1360 2330 1472 2378 cujus
1490 2330 1648 2379 quidem
1668 2342 1806 2368 manus
1827 2331 1986 2367 notissi-

350 2403 410 2426 ma
429 2390 609 2437 Borgiae‚
629 2394 827 2425 auctorem
845 2389 1034 2435 epistolae
1057 2390 1305 2437 apertissime
1323 2390 1529 2438 prodebat.

418 2452 432 2472 2
483 2451 654 2496 Joannes
674 2447 850 2484 Andreas
869 2447 1057 2494 Caligari.

418 2510 432 2530 ³
482 2509 541 2545 Ex
559 2509 786 2554 archetypo,
804 2518 826 2542 a
844 2507 992 2552 Joanne
1010 2508 1236 2545 Fernandez
1254 2514 1428 2554 exarato,
1446 2509 1510 2545 cui
1526 2509 1804 2556 postscriptum
1827 2509 1981 2556 propria

347 2579 462 2604 manu
475 2567 623 2603 addidit
635 2567 777 2613 Borgia
790 2571 878 2613 post
892 2569 1169 2615 autographam
1187 2568 1532 2616 subscriptionem,
1546 2567 1693 2615 duplici
1706 2567 1788 2611 fol„
1807 2576 1873 2614 175
1886 2568 1977 2615 (53).

346 2628 525 2663 Alterum
543 2627 765 2673 exemplum
782 2626 947 2661 habetur
964 2626 1004 2662 in
1023 2627 1212 2673 Regesto,
1236 2627 1332 2664 Cod.
1354 2638 1398 2674 33
1406 2627 1468 2675 f),
1488 2627 1560 2663 fol.
1586 2635 1667 2674 107,
1682 2627 1747 2663 cui
1763 2627 1876 2664 deest
1892 2633 1981 2675 post

345 2685 532 2732 scriptum
550 2685 732 2731 Borgiae.

413 2747 429 2766 ⁴
481 2744 582 2780 Vide
602 2743 722 2791 epist.
745 2742 831 2790 375,
849 2750 985 2780 annot.
1013 2753 1051 2780 Ι.

413 2805 428 2825 ⁵
475 2804 590 2839 Error
614 2815 702 2839 esse
727 2802 900 2848 videtur,
918 2814 987 2849 pro
1004 2813 1048 2849 13
1071 2805 1137 2840 del
1154 2804 1388 2841 medesimo.
1419 2802 1521 2839 Vide
1538 2802 1644 2839 dicta
1667 2804 1708 2841 in
1730 2810 1868 2842 annot.
1895 2813 1911 2840 1
1933 2806 1986 2843 ad>

341 2863 460 2910 epist.
490 2861 559 2908 375
578 2868 618 2897 et
642 2861 726 2907 3763
752 2861 828 2897 nisi
852 2861 951 2897 forte
977 2862 1104 2909 aliqua
1129 2863 1308 2911 epistola,
1335 2863 1542 2909 Augustae
1559 2862 1624 2899 die
1644 2872 1688 2910 19
1713 2864 1816 2909 data,
1836 2868 1980 2905 amissa

339 2921 474 2957 fuerit.
494 2922 543 2956 Et
560 2933 602 2956 re
620 2921 778 2968 quidem
796 2932 890 2956 vera
914 2921 953 2955 in
972 2921 1091 2968 epist.
1114 2921 1199 2969 382,
1214 2934 1258 2959 n.
1281 2923 1318 2967 6,
1337 2922 1393 2958 ait
1412 2922 1564 2958 Natalis
1582 2934 1625 2958 se
1650 2924 1853 2972 scripsisse
1877 2929 1975 2976 ogni

337 2981 553 3016 settimana
570 2980 602 3015 il
618 2980 767 3023 sabato;
787 2978 889 3014 unde
909 2978 1025 3015 etiam
1046 2989 1088 3025 19
1105 2982 1169 3016 vel
1187 2990 1234 3017 20
1253 2980 1399 3028 Aprilis
1416 2980 1498 3028 (qui
1515 2981 1582 3016 illo
1600 2992 1702 3018 anno
1718 2982 1877 3021 fuerunt
1888 2986 1973 3023 dies

337 3037 493 3074 veneris
511 3043 551 3073 et
568 3038 737 3082 sabbati)
754 3037 863 3072 illum
886 3037 1089 3084 scripsisse
1112 3039 1279 3086 Borgiae
1298 3039 1536 3076 eredendum
1555 3044 1633 3077 est.
1658 3041 1774 3088 Quod
1798 3043 1832 3079 si
1859 3043 1970 3090 fecit,

335 3097 488 3134 litterae
506 3096 672 3132 amissae
690 3095 811 3132 fuisse
829 3095 1028 3132 videntur.
