2228 3548
382 289 450 325 328
898 290 1036 325 EP1sT.
1063 287 1107 323 P.
1135 287 1404 334 NADAL-456

330 405 420 433 non
437 389 541 433 delli
562 389 733 446 negotij
758 390 815 434 de
837 390 942 447 quel
963 388 1171 446 collegio,
1196 404 1275 445 per
1296 390 1433 434 esser'
1459 389 1594 445 quelli
1622 390 1818 433 anchora
1845 403 1959 446 pen-

329 465 466 510 denti.
492 465 627 522 Dipoi
643 466 793 510 scrissi
815 481 904 510 vna
925 467 1084 511 lettera
1107 467 1163 509 da
1186 465 1506 523 Aschemburg
1531 467 1561 520 ¹,
1580 481 1660 523 per
1675 466 1719 510 la
1734 465 1958 511 necessita

327 549 521 599 urgente
543 544 586 586 d’
617 545 773 588 hauer'
799 542 1061 587 risolutione
1087 544 1161 587 nel
1182 557 1287 587 caso
1315 544 1358 586 d'
1383 543 1611 589 assoluere
1637 542 1815 600 relapsi,
1840 550 1949 597 etc.‚

323 619 516 663 dicendo
544 622 740 664 anchora
771 621 968 663 breuiter
999 620 1116 665 della
1150 619 1363 664 missione
1385 621 1441 664 de
1467 622 1603 665 Mtro.
1642 620 1794 665 Pietro
1826 621 1952 664 colo-

325 697 480 741 niense
508 697 540 740 ².
573 698 623 740 In
655 703 815 753 questa
845 697 942 741 diro
980 711 1082 741 conv
1102 698 1145 740 la
1181 696 1328 754 gratia
1361 697 1434 742 del
1460 697 1655 754 Signore
1690 698 1839 754 quello
1866 699 1952 742 che

324 780 502 817 restaua
523 773 619 818 dire
640 763 697 818 de
717 774 919 831 Dilinga‚
945 781 990 818 et
1021 774 1052 817 il
1068 781 1189 818 resto
1224 774 1357 818 insin'
1397 790 1424 818 a
1460 776 1605 831 quest’
1624 776 1750 819 hora.
1789 776 1841 819 In
1867 774 1953 819 Di-

325 849 449 906 linga
484 850 522 893 si
558 857 702 896 attese
738 851 827 894 co’l
867 851 1094 896 cardinale
1123 866 1149 894 a
1185 851 1304 895 rifar'
1350 851 1532 895 alchuni
1568 851 1694 908 loghi
1729 851 1775 895 di
1806 852 1955 908 quella

322 927 533 972 scrittura
555 942 651 972 sua.
679 929 736 971 Et
759 936 929 984 quanto
952 929 993 973 al
1016 928 1177 985 primo,
1202 943 1283 985 per
1310 928 1465 973 sentir'
1491 928 1566 972 noi
1594 943 1708 985 poca
1735 929 1951 983 efficacia,

321 1005 520 1060 parendo
542 1007 627 1049 che
647 1005 679 1048 il
695 996 921 1050 cardinale
944 1007 1133 1052 uuolese
1155 1006 1357 1064 obligare
1378 1006 1410 1049 li
1430 1006 1530 1050 suoi
1547 1006 1815 1060 successori,
1838 1006 1870 1051 li
1886 1008 1955 1052 fe—

319 1080 438 1124 cimo
462 1084 638 1127 metter'
662 1097 754 1127 una
775 1083 994 1137 clausula,
1015 1084 1134 1129 doue
1156 1084 1359 1141 supplica
1380 1100 1407 1128 a
1428 1085 1476 1128 S.
1503 1085 1600 1129 Sta.
1626 1085 1712 1129 che
1732 1098 1789 1127 ex
1803 1085 1953 1141 pleni-

320 1158 475 1202 tudine
491 1161 722 1216 potestatis
758 1160 883 1218 vogli
921 1160 1125 1218 obligare
1147 1161 1177 1204 li
1208 1161 1475 1214 successori,
1501 1168 1611 1215 etc.,
1634 1161 1678 1205 la
1707 1162 1839 1218 quale
1860 1163 1953 1218 puo

321 1236 485 1280 uedere
508 1237 564 1281 V.
588 1239 639 1280 Ρ.
666 1238 739 1281 nel
761 1237 933 1281 scritto:
959 1245 1005 1283 et
1022 1238 1119 1285 ,cosi
1141 1253 1232 1282 non
1255 1238 1295 1282 ci
1318 1240 1343 1282 e
1360 1253 1490 1295 parso
1512 1241 1608 1282 fare
1637 1239 1759 1283 forza
1786 1239 1829 1282 al
1850 1253 1951 1283 car-

318 1312 467 1356 dinale
489 1328 515 1356 a
537 1315 621 1358 che
642 1329 733 1357 non
755 1314 855 1358 dica
885 1316 1035 1371 quello
1056 1317 1130 1359 nel
1151 1316 1326 1360 scritto.
1362 1318 1504 1372 Spero
1535 1318 1621 1361 che
1642 1317 1736 1361 Sua
1758 1310 1879 1371 Sta,
1896 1326 1950 1361 'se

318 1388 427 1445 ogni
464 1390 598 1433 modo
626 1391 742 1434 nella
771 1392 892 1435 bolla
920 1407 1012 1436 non
1039 1394 1174 1436 uuole
1204 1394 1406 1436 districte
1434 1393 1637 1450 obligare
1665 1393 1951 1445 allisucces-

317 1465 422 1519 sori,
443 1467 648 1511 almarico
669 1467 699 1510 li
721 1468 979 1525 significata
1000 1470 1042 1513 la
1063 1470 1319 1515 necessaria
1349 1478 1396 1514 et
1424 1477 1643 1527 perpetua
1672 1470 1951 1528 obligatione

316 1543 400 1586 che
421 1544 573 1587 hanno
601 1559 627 1587 a
653 1544 786 1588 simili
813 1560 965 1602 opere,
1005 1546 1325 1603 specialmente
1346 1547 1393 1591 in
1423 1546 1686 1602 Germania,
1716 1547 1763 1591 in
1786 1555 1950 1604 questo

317 1625 477 1675 tempo.
500 1621 630 1665 Oltre
651 1637 678 1665 a
700 1629 875 1677 questo,
895 1638 1028 1679 spero
1052 1625 1137 1668 che
1158 1623 1189 1666 il
1210 1624 1454 1678 cardinale,
1475 1625 1513 1668 si
1531 1639 1661 1669 come
1678 1626 1740 1667 m’
1758 1627 1817 1668 ha
1839 1639 1950 1668 con-

316 1695 511 1751 firmato,
538 1697 723 1741 lasciara
745 1699 773 1741 l'
795 1699 969 1744 intento
991 1701 1049 1745 de
1070 1702 1165 1746 fare
1187 1701 1289 1745 altri
1307 1701 1488 1758 edificij,
1508 1709 1554 1746 et
1570 1701 1772 1758 compira
1787 1702 1839 1745 in
1855 1703 1948 1745 vita

318 1786 403 1815 sua
424 1773 455 1815 l'
480 1773 758 1830 obligatione
779 1777 864 1820 che
901 1778 974 1820 ha:
1009 1784 1055 1822 et
1082 1779 1134 1820 in
1163 1792 1340 1821 omnem
1377 1781 1588 1822 euentum
1616 1793 1778 1822 sarano
1805 1778 1948 1822 nostri

318 1849 424 1892 tutti
445 1849 475 1892 li
497 1850 659 1907 edificij
684 1858 729 1896 et
757 1849 866 1907 14oo
888 1854 1049 1898 fioreni
1067 1855 1272 1911 perpetui
1289 1870 1374 1898 con
1397 1856 1439 1898 la
1457 1857 1575 1899 meta
1597 1855 1703 1900 delli
1725 1854 1942 1910 essercitij

317 1933 363 1970 et
386 1927 566 1971 maestri
588 1930 674 1973 che
694 1929 935 1974 habbiamo
957 1931 1135 1986 adesso,
1161 1931 1191 1974 il
1213 1934 1298 1975 che
1319 1947 1450 1989 spero
1472 1934 1572 1976 sara
1594 1946 1731 1976 causa
1747 1931 1821 1975 alli
1838 1945 1945 1975 suc-

318 2003 487 2048 cessori
509 2006 594 2049 che
623 2006 934 2065 augmentino‚
965 2022 1014 2051 se
1051 2008 1268 2065 vogliono
1289 2010 1332 2053 13
1363 2008 1643 2066 plenitudine
1670 2010 1756 2053 che
1787 2009 1948 2052 adesso

319 2082 359 2123 c'
383 2081 423 2124 e.
451 2081 637 2137 Quanto
660 2083 702 2126 al
725 2082 793 2126 2.⁰
815 2091 973 2139 punto,
1005 2087 1253 2131 realmente
1281 2101 1357 2130 era
1394 2086 1512 2129 nella
1549 2085 1678 2142 copia
1714 2086 1771 2129 de
1799 2087 1856 2129 V.
1890 2087 1944 2128 P.

321 2172 470 2202 errore
492 2159 565 2203 del
586 2159 810 2213 scrittore,
835 2167 881 2203 et
902 2162 995 2204 cosi
1018 2177 1110 2205 non
1132 2162 1172 2206 ci
1195 2179 1271 2207 era
1293 2165 1378 2208 che
1406 2165 1576 2207 mouer’
1602 2162 1771 2216 niente;
1797 2165 1949 2205 tamen

317 2249 397 2289 per
419 2235 584 2291 meglio
602 2236 841 2280 habbiamo
863 2239 1101 2282 emendato
1123 2241 1197 2283 nel
1220 2240 1440 2297 originale
1461 2239 1741 2284 sottoscritto
1758 2240 1949 2288 (1310311-

317 2309 465 2355 dinale
488 2313 573 2357 che
594 2312 714 2355 dichi
736 2314 841 2369 quel
863 2315 1017 2371 logho,
1038 2320 1082 2358 vt
1098 2317 1140 2359 si
1156 2331 1270 2372 quae
1280 2318 1501 2373 pecuniae
1518 2331 1574 2360 ex
1589 2317 1767 2360 mulctis
1784 2320 1824 2359 et
1840 2316 1948 2359 aliis

320 2389 669 2433 accidentalibus
705 2405 734 2432 a
770 2391 1048 2435 scholaribus
1084 2394 1344 2451 exigentur,
1381 2400 1468 2437 etc.
1510 2382 1546 2437 ‘E
1584 2394 1690 2438 ben'
1727 2407 1839 2436 uero
1861 2394 1946 2436 che

321 2472 478 2520 queste
500 2467 690 2509 mulctae
711 2482 805 2510 non
827 2467 864 2510 si
886 2470 1037 2512 hanno
1059 2485 1084 2513 a
1106 2470 1288 2527 exigere
1309 2471 1426 2514 dalla
1446 2470 1742 2527 Compagnia,
1774 2485 1823 2513 se
1850 2483 1943 2512 non

319 2541 393 2585 dal
430 2544 735 2599 gubernatore
766 2545 851 2587 che
872 2546 897 2587 e
919 2545 1117 2601 giudice,
1142 2554 1188 2590 et
1210 2547 1270 2590 mi
1292 2547 1455 2591 dicono
1476 2547 1506 2590 li
1530 2546 1666 2590 Padri
1693 2545 1836 2590 nostri
1858 2547 1943 2589 che

322 2626 481 2673 queste
509 2620 699 2663 mulctae
721 2619 762 2663 ci
790 2635 951 2665 sarano
984 2637 1176 2679 sempre,
1214 2639 1295 2680 per
1330 2638 1600 2668 conseruare
1635 2624 1679 2666 la
1707 2622 1944 2679 disciplina

320 2694 426 2738 nelli
448 2696 655 2740 scholari.
683 2698 867 2753 Quanto
888 2699 929 2742 al
953 2699 1020 2753 3.⁰
1041 2700 1079 2743 si
1101 2701 1329 2744 contrasto
1357 2701 1432 2758 gia
1453 2700 1569 2744 assai
1590 2700 1680 2744 co’l
1701 2699 1943 2752 cardinale,

322 2778 368 2814 et
388 2786 467 2827 per
491 2780 651 2828 questo
672 2780 808 2817 conto
830 2774 868 2817 si
891 2775 987 2819 fece
1009 2776 1233 2833 explicare
1254 2778 1295 2821 le
1316 2765 1531 2835 parti‘del'
1546 2776 1740 2834 collegio
1763 2775 1949 2831 antiquo

322 2847 367 2890 di
390 2849 437 2893 S.
463 2850 728 2904 Geronimo,
752 2851 871 2895 doue
892 2852 930 2895 si
953 2855 1069 2898 uede
1092 2856 1176 2899 che
1199 2856 1349 2911 quello
1370 2857 1455 2899 che
1477 2854 1681 2898 offerisce
1702 2854 1788 2897 alla
1809 2854 1950 2897 Com-

320 2925 487 2981 pagnia
508 2928 533 2970 e
562 2942 724 2971 manco
754 2927 799 2971 di
837 2930 985 2985 quello
1022 2933 1107 2974 che
1138 2933 1256 2976 daua
1284 2932 1359 2976 alli
1390 2932 1555 2987 lettori,
1585 2934 1671 2976 che
1697 2931 1839 2975 siamo
1870 2928 1949 2973 noi

392 3032 402 3052 ¹
454 3032 554 3069 Vide
572 3034 693 3081 epist.
717 3034 803 3080 453.

391 3093 406 3113 ²
456 3092 597 3129 Petrus
615 3094 762 3141 Haupt.
