2228 3548
857 305 880 342 8
906 307 1108 354 JANUARn
1135 305 1227 351 1567
1741 302 1810 340 361

978 425 1105 466 aaz

694 505 735 541 S.
764 503 1096 541 FRANCISCUS
1121 504 1192 540 DE
1217 502 1388 550 BORJA

563 573 775 616 PATRI
821 570 1247 614 HIERONYMO
1293 570 1537 614 NADAL

766 656 927 694 ROMAE,
940 646 962 682 8
975 655 1184 692 JANUARn,
1201 646 1293 692 1567
1309 649 1335 682 ¹.

228 739 271 766 Ι..
287 729 349 765 De
371 727 538 776 collegio
568 726 782 774 Dilingae:
811 725 860 761 de
883 724 1169 771 promo-vendis
1196 724 1251 760 ad
1279 724 1565 772 magisterium
1589 725 1866 773 philosophiae

274 789 337 826 vel
366 787 702 836 theologiae.—-2.
730 785 792 821 De
814 784 981 832 collegio
1005 784 1373 831 herbipolensi.-3.
1408 783 1470 820 De
1499 784 1622 820 Petro
1651 785 1866 833 Haupt.—

274 859 315 894 4.
334 847 525 884 Facultas
541 845 772 881 absolvendi
786 844 976 891 relapsos,
993 855 1019 878 a
1035 854 1192 878 summo
1203 843 1394 890 pontifice
1411 854 1692 889 concessa.—5.
1713 844 1773 881 De
1790 845 1867 881 col-

276 908 478 956 legiorum
491 908 569 953 pro
587 904 745 940 alendis
761 903 926 939 novitiis
941 902 1245 945 contributione,
1264 905 1301 938 et
1318 903 1366 938 de
1383 902 1586 949 aliquibus
1607 904 1773 939 novitiis
1789 904 1866 939 Ro-

275 978 386 1002 mam
404 964 639 1001 missis.-6.
660 964 720 999 De
739 963 861 999 Petro
881 962 1005 998 Phae:
1019 962 1067 998 de
1080 961 1247 1009 collegio
1268 962 1484 998 Trebonae:
1497 963 1544 998 de
1559 962 1722 998 Natalis
1737 975 1866 999 manu

274 1026 541 1073 scriptiS.—7.
564 1023 828 1059 Monumenta
850 1021 1041 1057 historica
1059 1023 1137 1067 pro
1160 1021 1247 1056 vita
1272 1021 1316 1057 S.
1346 1021 1505 1069 Ignatii
1528 1022 1781 1058 lucubranda
1798 1026 1867 1070 pe-

276 1087 434 1120 tuntur.
450 1083 525 1118 -8.
554 1083 680 1118 Varia
696 1082 860 1128 scripta,
880 1081 934 1116 ad
950 1081 1161 1116 historiam
1182 1080 1391 1116 Societatis
1406 1082 1642 1128 spectantia,
1668 1082 1809 1130 colligi
1830 1086 1868 1119 et

278 1146 449 1180 Romam
476 1143 583 1178 mitti
599 1154 646 1178 ex
664 1140 888 1189 provinciis
902 1139 1018 1186 jubet
1041 1139 1214 1187 Borgia:
1237 1141 1285 1176 de
1314 1141 1431 1175 domo
1451 1140 1704 1188 probationis
1736 1153 1867 1178 roma-

281 1216 359 1240 na:
382 1204 429 1239 de
452 1203 569 1238 domo
598 1201 1087 1244 catechumenorum.—9.
1118 1199 1426 1253 Post-scriptum
1444 1200 1492 1235 de
1508 1201 1625 1235 domo
1642 1201 1796 1247 eadem,
1821 1202 1869 1238 de

285 1265 337 1299 P.
362 1262 575 1298 Francisco
592 1261 640 1296 de
663 1259 819 1302 Torres,
838 1259 886 1296 de
903 1259 953 1294 P.
976 1259 1124 1300 Araoz,
1143 1260 1213 1294 etc.

306 1354 342 1385 1.
402 1341 533 1398 Jhus.
562 1338 704 1382 Molto
729 1337 843 1381 Rdo.
869 1336 916 1379 in
943 1337 1062 1393 Xpo.
1089 1336 1251 1381 Padre.
1278 1337 1376 1380 Pax
1402 1335 1529 1393 Xpi.,
1560 1343 1648 1380 etc.
1680 1338 1730 1383 Si
1757 1353 1870 1382 sono

241 1419 448 1463 riceuute
470 1415 620 1472 quelle
640 1413 686 1458 di
708 1415 766 1458 V.
791 1414 868 1467 R.,
892 1412 939 1456 di
955 1412 1099 1470 primo
1121 1419 1166 1458 et
1188 1425 1238 1456 12
1255 1413 1329 1457 del
1349 1420 1547 1470 passato,
1567 1415 1624 1459 de
1646 1415 1847 1460 Aschern
1863 1441 1873 1447 -

244 1499 392 1552 burgo
414 1500 459 1539 et
481 1491 628 1549 Spita,
653 1497 699 1534 et
720 1506 811 1535 non
834 1490 876 1534 ci
903 1490 1144 1534 scriuendo
1166 1491 1224 1534 V.
1250 1491 1305 1534 R.
1330 1489 1375 1533 di
1398 1505 1480 1535 sua
1502 1491 1647 1536 sanita
1667 1493 1797 1545 altro,
1828 1499 1874 1536 et

245 1570 500 1617 uedendolo
523 1568 714 1613 afaticar
731 1574 860 1611 tanto
876 1573 1230 1620 strenuamente,
1252 1566 1482 1624 uogliamo
1498 1569 1681 1612 credere
1698 1568 1784 1612 Stia
1800 1583 1874 1613 as-

242 1649 309 1694 sai
330 1651 464 1700 bene,
490 1653 536 1691 et
559 1645 654 1690 cosi
673 1646 716 1688 lo
732 1659 949 1702 pregamo
966 1660 992 1689 a
1009 1643 1134 1688 Iddio
1150 1645 1208 1689 N.
1229 1645 1278 1690 S.
1299 1645 1482 1689 Intorno
1499 1646 1584 1690 alle
1606 1660 1711 1690 cose
1728 1646 1774 1689 di
1791 1647 1874 1691 Di-

241 1727 383 1784 linga,
408 1725 439 1768 il
460 1730 689 1768 contratto
710 1737 800 1778 qua
821 1724 858 1766 s’
883 1722 907 1766 ὲ
930 1721 1063 1775 uist0;
1083 1727 1129 1765 et
1150 1721 1384 1766 essendosi
1400 1724 1692 1768 accomodate
1708 1724 1750 1768 le
1767 1738 1874 1768 cose

248 1804 325 1862 pisi
348 1801 629 1860 importanti,
662 1799 768 1844 tutti
795 1799 1037 1843 habbiamo
1066 1798 1321 1844 desiderato
1348 1799 1438 1844 fusi
1465 1800 1652 1856 spedito.
1686 1801 1735 1847 Si
1763 1815 1876 1846 sono

247 1884 337 1926 ben
360 1879 528 1924 trouati
550 1877 701 1922 alcuni
723 1876 880 1929 errori,
905 1876 1027 1932 quali
1057 1875 1095 1919 si
1117 1882 1339 1933 potranno
1360 1891 1495 1921 senza
1517 1878 1681 1922 alterat
1701 1879 1745 1922 la
1766 1880 1878 1923 sub—

248 1957 414 2002 stantia
427 1964 448 1984 a
462 1956 691 2001 emendar'
712 1969 799 1998 con
809 1954 852 1997 la
868 1967 1061 2009 procura
1071 1953 1159 1997 che
1173 1955 1210 1996 s'
1225 1953 1252 1997 ὲ
1263 1955 1475 1998 mandata
1491 1955 1579 1999 allo
1595 1963 1762 2013 agente
1772 1957 1876 2002 dell’

247 2036 383 2079 Illmo.
405 2033 632 2078 cardenal.
648 2032 855 2088 Qualche
873 2031 987 2074 altro
1004 2037 1147 2086 punto
1163 2044 1212 2074 se
1228 2029 1260 2072 li
1277 2032 1608 2087 representara,
1624 2034 1709 2077 che
1720 2033 1761 2077 ci
1773 2047 1881 2090 pare

247 2112 363 2156 saria
384 2112 503 2156 bene
525 2110 563 2153 si
584 2107 855 2161 emendassi3
881 2122 954 2150 ma
974 2120 1067 2150 non
1090 2107 1301 2152 obstante
1322 2115 1499 2164 questo,
1524 2111 1583 2152 ho
1604 2117 1828 2154 accettato
1849 2110 1880 2153 il

247 2195 478 2234 contratto
500 2201 630 2231 come
651 2185 801 2230 uiene.
828 2183 921 2241 Qui
944 2185 1111 2227 andara
1133 2184 1175 2227 la
1195 2190 1303 2228 nota
1325 2184 1370 2228 di
1392 2186 1528 2241 quelli
1551 2186 1696 2242 punti,
1722 2193 1767 2230 et
1788 2201 1880 2230 una

249 2266 393 2311 simile
414 2265 452 2309 si
474 2259 690 2308 rnandara
714 2264 862 2307 anche
890 2262 932 2305 al
956 2263 1008 2305 P.
1036 2260 1235 2315 Canisio,
1265 2261 1493 2306 dicendoli
1522 2278 1607 2319 pur
1636 2263 1777 2308 faccia
1805 2279 1880 2308 se-

251 2344 396 2388 condo
418 2343 446 2384 l'
470 2340 627 2385 ordine
648 2339 694 2384 di
721 2341 779 2384 V.
805 2341 881 2392 R.,
905 2338 978 2382 cui
999 2337 1192 2395 disegno
1213 2353 1319 2395 pare
1339 2339 1507 2392 buono,
1533 2340 1579 2383 di
1607 2343 1785 2386 metter'
1817 2355 1880 2384 un

253 2420 532 2478 procurator’
556 2417 604 2460 in
626 2423 756 2461 santo
778 2415 1063 2469 Hieronimo‚
1089 2416 1173 2459 che
1194 2416 1416 2461 attendesi
1439 2418 1525 2462 alle
1541 2431 1646 2462 cose
1663 2417 1881 2474 pecunia-

254 2498 335 2541 rie.
368 2498 425 2540 Et
452 2510 501 2539 se
530 2495 603 2538 col
635 2501 786 2550 tempo
823 2492 860 2536 si
891 2491 1059 2549 potessi
1090 2493 1235 2537 anche
1267 2499 1419 2538 trouar
1450 2501 1639 2551 regente
1670 2510 1692 2538 a
1728 2501 1883 2539 nostro

256 2575 407 2627 modo,
420 2574 508 2617 che
523 2586 616 2616 non
632 2570 745 2615 fussi
761 2570 878 2614 della
895 2567 1192 2625 Compagnia‚
1204 2570 1395 2616 sarebbe
1405 2571 1462 2615 da
1479 2572 1749 2626 desiderare,
1763 2586 1885 2616 mas-

327 2717 347 2738 a
410 2708 585 2750 Archet.,
609 2707 828 2743 subtantia.

327 2828 337 2849 ¹
388 2828 447 2863 Ex
460 2827 672 2874 archetypo
685 2837 707 2861 a
720 2824 947 2861 Fernandez
962 2827 1134 2868 exarato,
1149 2828 1189 2859 et
1203 2835 1225 2859 a
1241 2816 1383 2872 Borgia
1401 2825 1622 2873 subscripto
1641 2826 1681 2862 in
1704 2826 1799 2862 Cod.
1821 2837 1883 2873 34,

254 2886 495 2935 quadruplici
523 2885 614 2932 fol„
639 2885 707 2921 166
729 2886 883 2931 (77-79).
909 2884 1032 2919 Multa
1062 2881 1214 2930 propria
1242 2895 1358 2920 manu
1386 2885 1536 2921 addidit
1566 2886 1707 2931 Borgia
1742 2886 1782 2922 in
1810 2886 1888 2923 fine

255 2946 460 2994 epistolae,
477 2944 532 2981 ita
549 2949 593 2980 ut
609 2955 698 2991 pars
714 2944 874 2991 quintae
892 2943 1069 2990 pagellae
1088 2946 1128 2977 et
1146 2947 1227 2978 tota
1244 2947 1355 2979 sexta
1373 2946 1423 2980 ab
1450 2944 1535 2992 ipso
1560 2945 1703 2991 scripta
1727 2944 1888 2984 fuerint.

260 3007 438 3042 Alterum
456 3004 679 3051 exemplum
695 3003 810 3050 hujus
828 3002 1017 3050 epistolae
1034 3002 1199 3037 habetur
1217 3001 1256 3037 in
1272 3002 1460 3050 Regesto‚
1483 3004 1579 3040 Cod.
1607 3014 1650 3050 33
1663 3004 1723 3052 fs,
1746 3005 1786 3040 ff.
1806 3005 1891 3041 213-

262 3074 345 3111 215.
366 3063 647 3100 Desiderantur
664 3068 795 3099 autem
813 3063 853 3099 in
870 3062 936 3098 illo
960 3073 1021 3107 ea,
1045 3072 1145 3108 quae
1168 3061 1209 3096 in
1232 3062 1442 3110 aschetypo
1470 3069 1561 3099 sunt
1584 3063 1751 3110 Borgiae
1776 3076 1892 3101 manu

263 3124 422 3172 scripta.
441 3123 542 3160 Vide
560 3122 675 3171 epist.
693 3121 780 3170 453,
797 3121 866 3168 456
885 3129 925 3157 et
941 3129 1026 3167 457,
1044 3120 1186 3168 quibus
1203 3121 1267 3156 hic
1283 3122 1554 3169 respondetur.
