2228 3548
951 260 997 297 16
1019 260 1177 298 ΝΛΜ-η
1202 268 1218 297 ι
1223 260 1296 306 566
1844 267 1897 305 29.

295 365 464 423 perche
485 377 569 422 per
589 370 753 420 questo
782 370 938 421 tempo
969 362 1293 421 specialmente
1317 363 1530 421 bisognia
1558 363 1717 408 hauer’
1750 361 1942 418 rispetto

297 443 341 487 al
362 443 515 487 ducha
535 441 582 486 di
605 440 800 486 Bauiera
826 443 855 495 ’ς
879 442 1063 498 perche,
1088 441 1290 486 secondo
1306 443 1374 486 ιη’
1387 442 1543 485 hanno
1557 441 1685 484 detto
1700 438 1840 495 quelli
1854 439 1941 483 che

297 520 341 565 ci
363 518 635 564 fauoriuano
657 532 873 576 appresso
894 518 939 562 di
962 517 1043 572 lui,
1067 520 1222 562 hanno
1243 533 1401 576 presso
1422 532 1516 562 non
1537 532 1589 562 so
1610 519 1695 560 che
1722 515 1931 562 offensio-

298 597 362 650 ni,
386 603 433 641 et
453 596 564 654 pero
583 610 677 639 non
705 595 744 639 si
771 595 863 652 puo
891 609 1028 639 senza
1056 596 1221 653 grand'
1250 595 1548 653 importanza,
1577 607 1709 638 come
1735 595 1761 637 ἐ
1788 593 1940 649 quella

297 675 418 720 delle
452 673 674 728 missioni,
700 675 854 717 cauar'
886 675 995 718 M.ro
1025 674 1171 718 Paulo
1198 674 1257 718 de
1283 674 1390 730 quel
1414 673 1533 725 loco,
1557 671 1663 716 cuia
1687 669 1940 715 offensione

296 751 519 809 principal
535 765 644 808 pare
663 752 749 795 che
771 750 837 794 sia
858 765 946 794 con
967 752 1012 794 la
1032 751 1366 808 gubernatione
1382 749 1490 796 delli
1511 748 1682 805 Canisij
1701 749 1735 801 ³,
1754 755 1802 794 et
1816 746 1939 791 desi-

294 830 404 874 dera
423 828 568 873 viuer'
593 827 787 885 priuato.
820 828 1000 884 Questo
1026 827 1128 872 dico
1155 828 1282 872 accio
1305 829 1362 872 V.
1396 829 1450 871 P.
1481 826 1544 870 mi
1571 825 1715 870 faccia
1746 824 1936 870 scriuer'

294 906 446 963 quello
467 907 553 950 che
573 905 604 949 li
626 907 786 962 parera
806 906 858 948 in
879 906 1095 949 Domino.

386 997 428 1040 3.
494 982 647 1026 Insino
669 982 832 1027 adesso
858 996 951 1026 non
978 981 1122 1026 siamo
1148 981 1254 1026 stati
1281 980 1493 1038 occupati
1525 981 1571 1024 in
1604 994 1711 1024 cosa
1743 979 1939 1023 alchuna

294 1061 414 1105 dalla
434 1074 630 1118 persona
656 1074 683 1103 a
713 1058 786 1102 chi
814 1058 1060 1103 ueniuamo
1087 1058 1340 1112 indrizzafi,
1376 1067 1423 1104 et
1453 1058 1492 1102 si
1524 1057 1626 1103 dice
1658 1059 1744 1102 che
1775 1071 1867 1100 non
1899 1055 1939 1100 si

298 1139 487 1182 trattara
507 1151 618 1182 cosa
639 1136 696 1180 de
716 1135 939 1194 religione
960 1149 1042 1193 per
1057 1135 1101 1180 la
1117 1136 1253 1180 fretta
1268 1137 1355 1180 che
1370 1134 1537 1179 dicono
1554 1135 1613 1178 da
1628 1135 1660 1178 il
1678 1135 1840 1178 turcho
1858 1147 1939 1190 per

300 1213 588 1272 Hungheria.

388 1304 432 1347 4.
496 1292 533 1336 Il
552 1290 894 1336 memorial-che
914 1303 1003 1334 con
1024 1296 1187 1346 questa
1213 1289 1252 1334 si
1280 1290 1447 1334 manda
1477 1289 1523 1332 di
1556 1288 1842 1334 Christoforo
1868 1286 1941 1330 in-

299 1369 436 1414 diano
457 1370 492 1423 ³,
516 1369 651 1426 quale
673 1375 743 1413 sta
761 1367 809 1411 in
830 1367 1032 1425 seruigio
1053 1368 1172 1413 della
1193 1366 1495 1425 imperatrice,
1520 1366 1558 1411 si
1579 1366 1744 1410 manda
1764 1364 1941 1422 percio-

296 1447 383 1491 che
405 1445 468 1490 lui
490 1448 551 1489 m’
575 1447 635 1490 ha
657 1445 798 1489 molto
819 1451 1011 1502 pregato
1032 1443 1169 1490 etiam
1191 1459 1282 1489 con
1302 1445 1552 1501 lachryme,
1582 1445 1668 1487 che
1696 1442 1740 1487 io
1766 1444 1797 1486 l’
1828 1442 1941 1486 aiuti

298 1523 424 1569 accio
446 1522 570 1581 possi
589 1522 758 1567 intrare
786 1522 906 1566 nella
934 1521 1236 1584 Compagnia:
1272 1521 1302 1565 li
1333 1523 1395 1566 ho
1425 1521 1623 1579 risposto
1655 1522 1742 1565 che
1774 1533 1867 1563 non
1901 1518 1939 1562 si

253 1650 256 1651 ⁷
297 1601 406 1658 puo,
430 1614 524 1644 non
544 1600 740 1646 essendo
761 1598 997 1645 uerificata
1023 1599 1066 1643 13
1093 1613 1232 1644 causa
1259 1599 1379 1644 della
1408 1612 1494 1644 sua
1523 1598 1703 1650 liberta,
1738 1605 1785 1643 et
1815 1596 1848 1640 li
1878 1598 1940 1640 ho

298 1679 462 1723 offerto
482 1677 530 1721 di
550 1677 738 1722 scriuer’
763 1691 791 1721 3
811 1678 870 1722 V.
898 1678 951 1721 P.
978 1683 1025 1722 et
1046 1678 1278 1734 procurar'
1302 1678 1375 1720 ch'
1394 1675 1442 1720 in
1461 1676 1725 1733 Portogallo
1742 1673 1780 1719 si
1797 1673 1940 1718 faccia

298 1756 423 1800 buon
444 1754 594 1800 officio
615 1770 696 1813 per
717 1754 800 1808 lui,
825 1762 871 1799 et
893 1754 988 1798 cosi
1010 1754 1054 1798 lo
1075 1755 1251 1812 pregho
1267 1761 1294 1798 a
1309 1754 1368 1799 V.
1391 1755 1445 1798 P.
1466 1752 1614 1798 ordini
1630 1767 1680 1798 se
1697 1751 1848 1796 scriua
1864 1750 1941 1795 alli

299 1831 428 1891 padri
449 1832 495 1876 di
516 1833 667 1888 quella
686 1831 941 1890 prouincia,
970 1833 1057 1876 che
1088 1831 1267 1877 benche
1298 1832 1358 1876 V.
1394 1833 1449 1876 P.
1485 1845 1578 1874 non
1608 1829 1841 1887 lo'uoglia
1871 1827 1942 1885 pi-

300 1909 433 1967 gliar’
455 1910 576 1955 nella
597 1909 898 1967 Compagnia,
923 1909 967 1952 al
988 1923 1151 1952 manco
1172 1908 1204 1951 li
1224 1908 1457 1953 leuaremo
1479 1908 1510 1951 il
1531 1908 1748 1965 scrupulo
1769 1908 1855 1952 che
1882 1907 1943 1950 ha

300 1987 421 2033 della
443 2001 526 2031 sua
547 1986 725 2040 liberta,
750 1987 927 2030 benche
949 1987 991 2030 13
1013 2000 1096 2029 sua
1117 1999 1256 2029 causa
1275 1999 1384 2043 pare
1406 1984 1541 2029 iusta.

393 2074 437 2120 5.
502 2064 554 2123 L’
579 2062 887 2108 Illustrissimo
915 2062 957 2107 ci
986 2069 1123 2106 tratta
1149 2076 1235 2106 con
1263 2076 1379 2120 gran
1401 2061 1657 2107 familiarita
1681 2068 1728 2105 et
1756 2060 1939 2104 dimon—

302 2140 521 2185 stratione
541 2140 588 2183 di
615 2155 729 2197 gran
767 2139 1104 2193 beneuolentia,
1144 2138 1175 2182 il
1206 2140 1292 2184 che
1323 2139 1368 2184 io
1402 2153 1611 2196 speraua,
1651 2153 1783 2183 come
1819 2137 1942 2182 disse

301 2217 409 2262 nell’
433 2217 547 2262 altra
569 2231 596 2260 a
617 2218 675 2261 V.
702 2218 756 2260 P.
782 2215 938 2262 Siamo
961 2218 1159 2260 anchora
1180 2203 1281 2260 fatti
1308 2216 1448 2260 molto
1476 2215 1683 2260 familiari
1711 2230 1737 2259 a
1766 2213 1941 2259 Monsi-

302 2309 420 2352 gnor
434 2293 466 2336 il
482 2293 651 2337 nuncio
667 2293 700 2346 ⁴,
714 2300 761 2337 et
777 2308 804 2336 a
821 2292 1116 2350 Monsignore
1128 2292 1381 2337 Lancilloto
1398 2295 1431 2346 ³,
1449 2295 1534 2337 che
1547 2293 1573 2336 e
1589 2300 1762 2337 uenuto
1778 2297 1942 2347 questa

302 2370 559 2415 settimana.
585 2371 621 2414 Il
643 2377 761 2414 tutto
783 2369 850 2413 sia
870 2384 952 2426 per
972 2369 1182 2427 maggior
1203 2369 1398 2414 seruicio
1418 2377 1465 2415 et
1485 2369 1631 2427 gloria
1647 2370 1691 2412 d’
1712 2368 1839 2412 Iddio
1858 2382 1942 2411 no—

303 2454 398 2492 stro
421 2447 632 2505 Signore.
657 2447 724 2491 La
745 2461 829 2491 sua
848 2445 1002 2489 diuina
1032 2448 1207 2492 Maesta
1225 2447 1268 2491 ci
1287 2446 1362 2491 dia
1382 2447 1426 2492 la
1447 2462 1530 2491 sua
1552 2447 1811 2490 abondante
1833 2459 1942 2502 gra-

306 2524 368 2568 tia
389 2525 448 2569 da
467 2526 700 2568 conoscer'
725 2537 903 2580 sempre
924 2523 968 2567 la
989 2537 1072 2567 sua
1093 2523 1350 2568 santissima
1370 2525 1572 2578 uolonta,
1597 2530 1643 2567 et
1666 2523 1816 2579 quella
1836 2537 1943 2579 per-

376 2721 389 2743 4
439 2720 628 2757 Albertus
645 2721 695 2756 V.
1335 2752 1337 2755 .

374 2781 390 2803 ⁸
438 2779 546 2816 Petri
559 2785 601 2815 et
617 2779 863 2817 Theodorici.
884 2778 986 2815 Vide
1003 2778 1120 2826 epist.
1143 2779 1224 2826 162,
1243 2791 1287 2816 n.
1310 2789 1350 2816 2.

375 2839 391 2861 ⁸
440 2839 743 2886 Christophorus
761 2839 811 2875 de
827 2840 1002 2885 Bengala
1015 2839 1056 2874 in
1073 2839 1193 2886 epist.
1216 2838 1302 2887 373,
1319 2852 1365 2876 n.
1386 2839 1422 2887 6,
1442 2839 1678 2876 nominatur.
1704 2848 1707 2851 ·

376 2899 391 2920 ⁴
440 2897 629 2934 Melchior
644 2909 776 2934 comes
793 2898 937 2942 Biglia.
963 2897 1064 2934 Vide
1082 2897 1203 2946 epist.
1225 2897 1311 2945 357,
1328 2911 1371 2936 n.
1399 2908 1432 2945 1,
1451 2911 1541 2935 cum
1561 2903 1699 2934 annot.

379 2958 395 2980 ⁸
445 2956 599 3005 «Scipio
615 2958 879 3000 Lancellotus,
894 2958 1109 2994 Romanus.
1125 2984 1134 2994 .
1149 2985 1158 2994 .
1177 2970 1200 2994 a
1212 2957 1284 2994 Pio
1296 2966 1364 3004 5...
1378 2958 1427 2995 ad
1440 2958 1628 2994 Bavariae
1642 2958 1792 2994 Ducem
1809 2962 1849 2992 et
1864 2957 1943 2992 Ma·

309 3015 551 3053 ximilianum
569 3026 591 3052 2
609 3017 888 3064 Imperatorem
908 3017 1073 3053 missus»
1091 3029 1114 3053 a
1131 3017 1324 3065 Gregorio
1341 3019 1436 3054 XIII
1454 3023 1591 3066 postea
1612 3016 1819 3054 cardinalis
1839 3027 1945 3052 crea-

307 3081 376 3112 tus
390 3081 465 3112 est.
485 3075 760 3118 C1ACCONIUS‚
790 3077 902 3113 Vitae
919 3079 956 3113 et
969 3079 1085 3124 gesta
1098 3077 1353 3126 pontificum,
1371 3079 1424 3124 ΙΙ,
1446 3077 1554 3115 1236.
