2228 3548
972 241 1014 279 15
1039 234 1148 281 JULn
1175 234 1271 280 1567
1816 238 1888 284 503

302 344 367 383 re,
391 331 435 374 al
454 345 538 376 suo
560 339 711 391 tempo
731 342 778 380 et
796 334 1102 393 opportunita,
1122 351 1213 380 vna
1233 336 1406 382 licenza
1421 337 1467 381 di
1489 338 1668 381 fundar'
1686 339 1866 397 collegii
1883 341 1931 384 in

303 407 452 462 questi
473 410 594 464 stati,
619 425 706 455 con
727 413 770 456 13
791 414 925 468 quale
952 413 990 457 si
1013 413 1209 467 emendi,
1232 421 1278 459 et
1299 415 1451 471 quella
1473 417 1558 459 che
1586 415 1747 460 adesso
1775 418 1931 462 hanno

303 485 499 530 hauutto
518 501 599 543 per
619 489 721 533 Sto.
754 491 1037 544 Audomaro,
1062 498 1109 534 et
1130 491 1281 547 quella
1299 493 1385 536 che
1411 492 1550 537 hebbi
1581 492 1612 535 11
1646 494 1698 536 P.
1735 493 1934 538 Ribade-

305 575 446 618 neyra
471 564 501 606 ¹.
525 565 644 608 Nelli
664 566 782 610 santi
803 567 1012 611 sacrificii
1032 575 1080 611 et
1100 567 1291 612 orationi
1311 569 1428 614 della
1450 570 1505 612 P.
1526 570 1588 614 V.
1615 570 1754 614 molto
1771 570 1810 614 si
1830 585 1933 616 rac-

304 641 614 686 comandiamo
635 643 710 688 nel
731 644 942 702 Signore,
966 651 1013 689 et
1034 644 1284 702 parimente
1300 644 1346 689 in
1364 646 1501 702 quelli
1534 646 1640 690 delli
1664 647 1801 691 Padri
1817 648 1933 692 assi-

303 717 456 771 stenti,
482 719 554 763 del
571 721 626 765 Ρ.
645 721 727 764 Dr.
749 721 942 774 Madrid,
965 724 1017 766 P.
1038 724 1154 766 Mro.
1175 723 1394 777 Polanco,
1415 725 1467 766 P.
1489 723 1819 780 Ribadeneyra‚
1838 710 1929 770 etc.

302 794 532 839 Dominus
551 797 611 839 sit
631 798 877 842 nobiscum.
903 799 974 842 Da
995 799 1104 855 Spa,
1129 798 1203 843 alli
1231 811 1283 854 14
1303 798 1350 842 di
1371 799 1537 857 Luglio
1559 787 1686 855 1567.
1706 802 1764 844 D.
1792 803 1848 848 P.
1869 803 1927 846 V.

300 885 435 916 seruo
456 888 513 917 en
535 875 638 928 X.⁰‚

1349 959 1379 1017 ’ἰ-
1410 960 1628 1004 NATALE.
1664 960 1693 1018 †

390 1105 498 1147 Alia
519 1120 663 1149 manu
684 1107 734 1149 in
762 1110 928 1164 quarta
946 1108 1153 1164 pagina:
1174 1108 1281 1164 Spa.
1307 1108 1361 1151 P.
1392 1107 1570 1153 Natale.
1603 1120 1655 1162 14
1675 1108 1721 1151 di
1744 1109 1925 1166 Luglio.

301 1182 496 1225 Nullum
523 1183 671 1240 sigilli
695 1185 956 1242 vestigium.
993 1183 1297 1242 Obsignatam
1327 1198 1434 1227 vero
1468 1185 1614 1236 fuisse
1638 1186 1868 1240 epistolam
1886 1190 1928 1230 et

304 1258 498 1302 Romam
515 1261 704 1304 missam
720 1264 903 1304 constat.
934 1261 1042 1304 Vide
1057 1262 1184 1317 epist.
1205 1273 1263 1318 49
1267 1271 1306 1315 3,
1324 1275 1372 1305 n.
1405 1271 1446 1304 1.

1058 1407 1183 1448 <libo

762 1491 807 1528 S.
839 1490 1170 1528 FRANCISCUS
1196 1491 1266 1527 DE
1292 1489 1461 1538 BORJA

681 1569 866 1614 PATRI
913 1568 1291 1613 HIERONYMO
1337 1568 1556 1613 NADAL

856 1666 1015 1703 ROMAE,
1039 1665 1080 1702 15
1098 1665 1202 1701 Jum
1227 1657 1319 1704 1567
1335 1659 1367 1694 ¹.

293 1743 328 1771 Ι.
348 1736 650 1773 Audomarense
662 1736 877 1785 collegium
890 1737 1120 1782 acceptatur
1131 1746 1159 1770 a
1173 1734 1466 1771 Societate.-2.
1481 1734 1542 1770 De
1556 1735 1605 1770 P.
1621 1735 1928 1771 Adriaenssens:

341 1797 390 1832 de
419 1797 541 1832 Petro
565 1796 794 1842 Silvia-3.
818 1795 880 1831 De
903 1795 1012 1842 regis
1035 1794 1261 1841 Hispaniae
1283 1794 1443 1831 itinere:
1468 1795 1516 1830 de
1538 1795 1712 1840 quodam
1736 1795 1928 1842 vectigali

342 1856 503 1904 collegii
519 1856 856 1900 trevirensis.—4.
879 1853 1200 1891 Communicatio
1216 1852 1407 1890 bonorum
1431 1857 1597 1901 operum
1622 1853 1830 1889 Societatis
1853 1854 1926 1889 tri-

337 1915 439 1962 plici
460 1916 618 1951 ratione
641 1915 987 1958 concedenda.—5.
1014 1912 1304 1948 Ribadeneirae
1329 1913 1428 1949 liber
1450 1913 1498 1949 de
1527 1913 1613 1948 vita
1637 1911 1677 1948 S.
1706 1912 1927 1959 Ignatii.—

341 1974 439 2010 Post
455 1975 651 2022 scriptum
669 1975 716 2010 de
735 1975 784 2009 P.
803 1973 954 2020 Araoz,
974 1973 1021 2008 de
1037 1982 1132 2019 rege
1148 1971 1388 2019 Hispaniae,
1406 1973 1453 2008 de
1470 1973 1587 2008 domo
1600 1971 1864 2019 probationis,
1888 1975 1928 2007 et

339 2035 388 2070 de
405 2034 547 2070 Patris
563 2034 735 2069 Polanci
751 2033 1014 2080 expeditione.

388 2123 426 2155 1.
484 2112 579 2169 Jhs.
605 2111 746 2154 Molto
775 2111 889 2154 Rdo.
920 2109 967 2152 in
988 2111 1107 2166 Xpo.
1138 2109 1295 2154 Padre.
1328 2111 1423 2154 Pax
1444 2107 1629 2152 Christi.
1670 2108 1775 2151 Alle
1813 2107 1920 2150 ulti-

294 2202 368 2233 me
389 2188 435 2231 di
456 2189 518 2231 V.
550 2189 605 2231 R.
631 2187 736 2231 delli
757 2188 783 2230 8
805 2187 851 2229 di
873 2185 1061 2243 Maggio
1082 2200 1170 2229 con
1197 2186 1310 2231 altre
1328 2184 1590 2243 precedenti
1611 2187 1647 2228 s'
1672 2185 1698 2228 e
1722 2185 1834 2228 fatto
1857 2183 1920 2228 ri·

293 2271 462 2321 sposta.
488 2263 624 2320 Dipoi
643 2277 724 2320 per
744 2263 903 2308 lettere
925 2263 999 2306 del
1022 2264 1075 2306 P.
1094 2263 1285 2307 Costero
1304 2261 1343 2306 si
1364 2263 1390 2307 ἑ
1411 2261 1557 2306 inteso
1578 2260 1849 2305 comeando
1871 2260 1918 2304 in

293 2343 390 2386 Sto.
417 2341 573 2394 Omer,
597 2348 643 2385 et
663 2342 723 2384 ho
744 2340 952 2384 riceuuto
979 2340 1139 2384 lettere
1160 2339 1278 2385 dello
1298 2339 1461 2384 istesso
1483 2352 1697 2390 vescouo,
1723 2351 1856 2393 sopra
1877 2337 1920 2381 13

293 2417 558 2462 fundatione
579 2418 652 2461 del
671 2431 755 2461 suo
777 2416 984 2473 collegio,
1004 2417 1048 2460 13
1064 2417 1196 2473 quale
1210 2423 1280 2461 sta
1293 2417 1435 2461 molto
1450 2417 1567 2460 bene
1588 2421 1633 2460 et
1650 2428 1785 2458 senza
1802 2413 1921 2458 obli-

293 2494 419 2551 garci
440 2509 467 2538 3
487 2508 592 2538 cosa
613 2494 789 2538 alcuna.
814 2494 918 2537 Non
938 2493 1125 2537 lasciara
1146 2493 1253 2550 pero
1274 2494 1318 2538 13
1343 2491 1627 2549 Compagnia
1647 2491 1692 2534 di
1715 2491 1810 2535 sare
1839 2505 1922 2547 per

362 2631 372 2651 ¹
423 2631 467 2667 P.
488 2631 628 2666 Petrus
645 2629 918 2673 Ribadeneira‚
939 2640 1040 2664 anno
1062 2628 1164 2674 1556,
1184 2640 1206 2665 3
1223 2640 1316 2676 rege
1333 2628 1514 2675 Philippo
1532 2626 1774 2673 Antverpiae
1798 2625 1920 2662 facul-

289 2694 410 2726 tatem
426 2690 639 2737 postulavit
656 2695 697 2725 et
714 2688 950 2735 impetravit,
971 2679 1016 2723 ut
1032 2687 1208 2724 Societas
1224 2688 1390 2735 collegia
1407 2688 1448 2724 in
1466 2685 1645 2722 Flandria
1662 2685 1814 2732 erigere
1831 2696 1922 2732 pos-

288 2754 363 2784 set.
395 2748 457 2785 Cf.
489 2750 729 2793 DELPLACE‚
762 2747 1100 2784 L‘etabzissement
1129 2748 1175 2783 de
1197 2747 1240 2783 la
1265 2746 1511 2795 Compagnie
1534 2747 1581 2781 de
1594 2745 1716 2791 stus
1738 2745 1841 2780 dans
1864 2744 1919 2780 les

287 2808 490 2854 Pays-bas,
510 2814 550 2844 et
567 2807 770 2855 speciatim
788 2807 938 2843 litteras
962 2811 1142 2854 patentes
1159 2806 1327 2854 Philippi
1345 2807 1395 2851 11,
1415 2805 1558 2853 quibus
1577 2804 1643 2840 illa
1666 2803 1830 2839 facultas
1848 2802 1919 2838 So-

289 2866 424 2903 cietati
440 2867 679 2912 conceditur,
699 2878 789 2914 pag.
809 2867 890 2912 57¹¹.

359 2929 374 2948 ²
424 2927 482 2962 Ex
499 2928 727 2974 archetypo,
744 2927 794 2962 ab
810 2926 945 2972 ignoto
969 2924 1125 2961 librario
1147 2929 1319 2970 exarato,
1349 2930 1389 2961 et
1412 2935 1435 2959 a
1457 2922 1599 2969 Borgia
1622 2922 1776 2969 propria
1800 2932 1921 2957 manu.

289 2985 511 3032 subscripto
527 2992 568 3022 et
584 2991 711 3030 aucto,
732 2986 774 3022 in
794 2985 889 3021 Cod.
912 2994 973 3030 34,
993 2983 1139 3031 duplici
1156 2983 1238 3028 fol„
1258 2992 1326 3030 207
1345 2985 1418 3030 (99,
1442 2984 1538 3028 100).
1559 2981 1707 3018 Ultima
1730 2980 1924 3028 epistolae

291 3056 392 3091 pars,
413 3046 461 3080 ab
479 3044 555 3081 illis
572 3045 706 3081 verbis
722 3045 827 3080 Dias
845 3057 883 3088 a,
905 3049 966 3079 est
983 3044 1236 3090 autographa.
