2228 3548
355 301 425 338 774
933 291 1071 326 EpisT.
1100 289 1144 325 P.
1172 287 1324 326 NADAL

1053 445 1207 488 XXIV

857 535 902 569 B.
930 533 1134 569 PETRUS
1161 532 1404 570 CANISIUS

671 625 885 656 SANCTo
928 624 1251 655 FRANClsco
1294 625 1364 655 DE
1406 624 1586 666 BORjA

729 699 959 758 Dilingae,
983 712 1037 743 22
1057 699 1340 757 Septembris
1363 701 1474 755 1566
1495 701 1523 744 ¹.

353 789 412 825 De
427 789 608 836 collegiis
622 789 822 837 Dilingae
840 793 876 826 et
890 789 1136 836 Herbipolis:
1149 790 1198 826 de
1212 789 1440 825 catechismi
1454 790 1617 826 romani
1634 789 1838 826 versione:
1855 791 1904 825 de

556 848 781 885 Flandriae
794 848 1181 895 perturbationibus:
1199 849 1247 884 de
1269 847 1457 884 Conrado
1477 848 1702 896 Swagerio.

402 926 477 968 Ho
499 933 703 971 receutto
726 927 876 983 quella
898 926 943 969 di
966 933 1035 970 tre
1057 926 1102 969 di
1125 927 1394 983 Septembre
1422 941 1509 970 con
1536 927 1579 970 13
1608 927 1826 971 schedula
1846 926 1957 970 delli

311 991 428 1029 sette
450 985 584 1028 morti
610 986 746 1029 Padri
767 994 812 1029 et
835 986 1014 1038 fratelli,
1041 986 1175 1030 etiam
1198 1000 1285 1029 con
1307 987 1350 1031 le
1372 986 1527 1043 regole
1545 986 1618 1029 del
1635 986 1829 1043 collegio
1846 1000 1957 1042 ger—

312 1043 506 1097 manico,
532 1053 578 1088 et
599 1059 689 1088 con
711 1047 753 1090 16
775 1046 926 1090 buone
944 1059 1063 1088 noue
1080 1046 1124 1088 di
1142 1047 1190 1091 S.
1213 1046 1330 1100 Sta„
1351 1046 1469 1090 delle
1486 1045 1608 1100 quali
1625 1046 1766 1088 molto
1782 1045 1824 1088 ci
1840 1060 1953 1088 con-

314 1104 484 1147 solamo
507 1105 581 1147 nel
603 1104 813 1162 Signore.
835 1106 999 1160 Quella
1021 1105 1177 1148 scritta
1199 1106 1241 1148 al
1265 1108 1317 1149 P.
1343 1107 1401 1149 D.
1428 1106 1591 1149 Natale
1613 1120 1662 1150 se
1691 1105 1800 1150 dara
1823 1120 1848 1147 a
1869 1105 1953 1158 lui,

317 1162 478 1218 poiche
501 1166 602 1206 sara
635 1171 814 1207 tornato
835 1165 879 1207 di
898 1164 1107 1220 Austria,
1133 1172 1178 1209 et
1207 1179 1335 1208 come
1356 1166 1416 1207 ha
1445 1164 1619 1217 scritto,
1646 1164 1778 1208 uerra
1801 1170 1957 1220 presto

318 1236 402 1265 con
426 1223 469 1266 13
490 1223 637 1279 gratia
658 1225 732 1267 del
753 1223 962 1280 Signore.
990 1225 1088 1267 Con
1110 1224 1174 1267 lui
1196 1226 1341 1267 anche
1363 1224 1676 1268 consereremo
1698 1224 1802 1268 delli
1826 1223 1952 1280 ponti

318 1282 520 1325 annotati
542 1297 674 1339 sopra
695 1284 725 1326 l’
750 1283 1051 1327 instrumento
1073 1283 1115 1326 di
1138 1283 1324 1340 Dilinga
1340 1292 1384 1327 et
1407 1284 1479 1326 del
1500 1283 1694 1340 collegio
1715 1283 1761 1326 di
1783 1282 1950 1327 Herbi-

318 1341 431 1397 poli,
456 1349 501 1384 et
530 1357 622 1384 non
654 1357 814 1386 manco
843 1343 959 1387 della
987 1345 1139 1386 buona
1165 1343 1484 1386 distributione
1511 1342 1557 1385 di
1585 1343 1733 1398 quelle
1760 1357 1958 1399 persone

321 1402 408 1445 che
444 1401 490 1443 di
527 1403 670 1445 Roma
708 1402 746 1445 si
782 1403 1005 1445 mandano
1043 1417 1067 1446 a
1105 1410 1265 1458 questa
1301 1402 1589 1459 prouincia...
1622 1403 1766 1458 Spero
1803 1403 1888 1445 che
1924 1401 1955 1444 11

324 1461 376 1502 P.
402 1461 461 1503 D.
489 1462 628 1504 Paolo
651 1462 664 1481 ²
690 1463 791 1504 sara
813 1463 1019 1505 bastante
1042 1463 1099 1505 de
1122 1461 1608 1506 1101131110316011151110
1626 1476 1746 1504 nouo
1763 1461 1809 1503 in
1826 1462 1956 1504 tode-

322 1533 418 1573 sco,
438 1526 484 1562 et
506 1519 579 1576 poi
602 1535 651 1563 se
673 1522 935 1564 remandare
955 1522 1105 1577 quella
1123 1522 1414 1566 translatione
1432 1537 1457 1564 3
1474 1523 1632 1574 Roma,
1653 1522 1851 1564 secondo
1873 1522 1962 1563 che

323 1579 383 1622 ha
399 1579 606 1622 ordinato
629 1581 670 1622 13
691 1581 739 1624 S.
766 1582 857 1624 8.ῑῆ
888 1583 981 1624 Pur
1002 1581 1201 1625 crederei
1223 1583 1309 1625 che
1330 1595 1379 1624 se
1397 1581 1641 1636 stamparia
1658 1581 1732 1624 nel
1753 1581 1956 1624 Allema—

322 1652 415 1694 gna
437 1646 598 1693 questo
620 1639 734 1682 libro
757 1641 895 1683 molto
916 1641 994 1696 piu
1017 1642 1410 1685 emendatamente
1432 1656 1441 1694 ;
1474 1647 1519 1685 et
1546 1655 1678 1696 sopra
1706 1639 1777 1684 cio
1800 1641 1951 1683 conse·-

324 1698 425 1742 1610
447 1712 612 1741 3110013
629 1712 715 1741 0011
732 1698 763 1741 11
788 1701 838 1742 Ρ.
861 1701 1021 1743 Ν31316
1039 1708 1084 1743 et
1106 1715 1191 1744 0011
1209 1700 1239 1742 11
1258 1702 1309 1743 P.
1330 1699 1558 1757 Gregorio
1576 1701 1608 1752 ⁵,
1629 1700 1854 1755 sperando
1873 1700 1961 1742 0116

323 1757 428 1812 quel
451 1757 726 1800 catechismo
749 1773 796 1801 se
820 1762 998 1814 portara
1022 1774 1099 1815 per
1121 1760 1150 1802 li
1179 1759 1320 1803 nostri
1353 1761 1438 1804 che
1471 1773 1684 1815 uengono
1711 1758 1763 1801 di
1794 1760 1954 1812 Roma,

323 1817 489 1872 perche
512 1817 574 1872 gl'
595 1818 853 1873 essemplari
877 1819 951 1873 qui
975 1834 1064 1862 non
1088 1819 1125 1862 si
1154 1827 1382 1862 trouano..
1404 1854 1414 1863 .
1432 1852 1443 1862 .
1464 1852 1472 1861 .
1785 1834 1791 1839 ·

418 1877 544 1919 Hora
566 1876 627 1918 mi
656 1877 862 1932 espediro
901 1878 977 1933 qui
1000 1892 1078 1934 per
1105 1879 1245 1922 andar
1271 1885 1424 1934 presto
1452 1877 1526 1921 alli
1553 1877 1693 1920 nostri
1721 1876 1766 1919 di
1794 1879 1956 1920 Mona-

328 1934 448 1987 chio,
474 1943 519 1978 et
541 1935 650 1979 dila
677 1951 702 1978 a
730 1937 866 1991 quelli
898 1939 954 1982 de
985 1938 1193 1994 Ispruch,
1219 1952 1298 1994 per
1329 1937 1530 1981 riceuere
1562 1937 1591 1979 11
1622 1936 1763 1979 nostri
1796 1935 1959 1979 fratelli

324 1994 521 2037 mandati
541 1995 598 2037 da
615 1997 772 2049 Roma,
796 2003 841 2039 et
863 2011 940 2052 per
963 2004 1116 2040 trouar
1138 2011 1303 2040 ancora
1324 1996 1355 2039 il
1379 1999 1430 2040 P.
1451 1998 1509 2040 D.
1531 1996 1709 2040 Natale.
1731 1997 1825 2038 Pur
1841 1995 1959 2039 della

323 2068 405 2096 sua
430 2061 601 2098 uenuta
632 2069 725 2097 non
757 2069 940 2110 sapemo
969 2071 1134 2099 ancora
1162 2056 1317 2100 niente
1346 2057 1403 2099 de
1431 2063 1571 2099 certo,
1598 2056 1633 2098 Il
1662 2056 1785 2098 buon
1811 2055 1960 2097 Padre

323 2115 504 2156 trouara
533 2113 833 2170 grandissima
866 2116 1115 2160 mutatione
1153 2123 1197 2160 et
1235 2115 1410 2158 infinite
1446 2114 1627 2158 miserie
1663 2115 1709 2156 in
1743 2114 1954 2165 Fiandra,

321 2172 438 2215 doue
462 2173 653 2229 gridano
676 2173 707 2215 li
730 2174 886 2228 poueri
911 2175 1120 2218 catholici
1142 2175 1542 2227 miserabilmente,
1569 2174 1677 2230 quia
1692 2173 1961 2229 praemaluit

314 2235 512 2286 potestas
534 2233 839 2284 tenebrarum,
863 2237 903 2275 et
918 2235 1051 2288 plena
1073 2239 1180 2277 sunt
1196 2235 1352 2277 omnia
1369 2234 1551 2290 rapinis
1568 2237 1608 2275 et
1624 2233 1886 2289 sacrilegiis
1910 2233 1964 2274 in.

323 2291 596 2344 Brabantz‘a,
620 2292 872 2345 Hdandffl,
897 2294 1135 2346 Flandria,
1159 2294 1399 2346 Zelandz'a‚
1422 2294 1605 2335 Artesz‘a
1629 2296 1669 2334 et
1692 2293 1963 2334 Hannonia.

405 2351 542 2406 Quod
572 2351 629 2394 ad
656 2351 887 2395 doctorem
918 2354 1214 2396 Chunradum
1234 2354 1248 2374 ⁴
1283 2353 1466 2405 attinet,
1491 2351 1580 2395 iam
1609 2358 1715 2395 ante
1742 2350 1960 2406 scriptum

322 2415 407 2461 est,
433 2417 480 2452 et
501 2409 596 2453 suis
618 2409 714 2466 ipse
736 2409 875 2452 literis
898 2411 942 2454 in
967 2414 1117 2456 vrbem
1143 2412 1260 2455 datis
1282 2411 1591 2465 confirmauit,
1617 2425 1784 2467 magna
1806 2425 1854 2453 se
1876 2424 1959 2452 cu-

322 2467 510 2523 piditate
526 2468 632 2513 ferri
649 2470 706 2512 ad
723 2477 931 2511 uotorum
944 2471 1287 2516 dissolutionem
1307 2486 1333 2514 a
1349 2470 1594 2514 maioribus
1612 2469 1957 2525 impetrandam.

324 2528 540 2571 Tentauit
567 2530 652 2571 hoc
685 2527 847 2571 iterum
881 2532 1000 2585 apud
1035 2534 1086 2574 P.
1113 2532 1345 2584 Natalem,
1377 2530 1454 2585 qui
1482 2529 1636 2572 multis
1659 2527 1803 2571 modis
1833 2528 1959 2570 illum

324 2587 500 2629 studuit
523 2589 579 2630 ad
600 2588 823 2631 saniorem
841 2597 1037 2632 mentem
1061 2597 1105 2634 et
1129 2589 1360 2646 religionis
1381 2603 1515 2633 uerae
1537 2587 1742 2644 spiritum
1766 2601 1964 2629 renoua-

322 2661 382 2688 re.
407 2647 498 2690 Sed
517 2649 759 2703 Augustae
781 2648 962 2690 tandem
986 2649 1201 2701 ostendit,
1227 2664 1275 2692 se
1297 2663 1444 2704 neque
1466 2655 1692 2698 uotorum,
1714 2660 1863 2701 neque
1880 2660 1962 2688 vo—

322 2705 512 2748 cationis
535 2721 644 2750 suae
666 2704 840 2749 ratione
863 2707 1099 2751 nobiseum
1126 2709 1241 2762 uelle
1263 2708 1524 2764 persistere,
1544 2706 1650 2750 licet
1668 2705 1730 2748 illi
1748 2707 1835 2748 hoc
1851 2705 1968 2748 libe-

393 2840 401 2860 ¹
455 2842 513 2876 Ex
533 2842 759 2888 archetypo,
781 2841 822 2876 in
844 2842 979 2888 Epist.
1007 2842 1178 2888 Canisii,
1201 2845 1247 2886 ΙΙ,
1271 2851 1335 2888 175
1355 2841 1469 2888 (137).
1490 2841 1591 2877 Vide
1617 2853 1709 2888 pag.
1735 2849 1822 2886 414.

391 2903 404 2920 ²
455 2901 599 2936 Paulus
630 2900 834 2936 Hoffaeus.
855 2901 898 2935 In
930 2902 1046 2947 epist.
1066 2911 1110 2947 27
1131 2903 1302 2949 Augusti
1321 2913 1423 2938 anno
1452 2901 1555 2947 1567,
1578 2901 1634 2936 ait
1660 2900 1845 2936 Canisius
1872 2899 1956 2934 Hof

319 2956 448 2993 faeum
467 2959 638 2995 nondum
658 2959 880 2995 absolvisse
898 2960 998 2995 hanc
1017 2961 1249 2997 catechismi
1267 2960 1509 2997 versionem.

391 3018 405 3037 ³
455 3018 668 3057 Roseffius.

390 3077 405 3097 ⁴
455 3076 656 3114 Conradus
675 3077 919 3124 Swagerius.
