2228 3548
408 293 477 321 212
921 281 1061 318 EPIST.
1090 279 1135 315 P.
1163 278 1434 324 NADAL—421

359 384 578 441 simplice,
603 383 780 428 benche
802 396 894 425 non
921 381 949 424 li
982 396 1091 438 pare
1118 396 1145 424 a
1166 379 1230 423 lui
1259 393 1382 425 esser
1410 378 1520 433 cosi;
1551 384 1597 422 et
1622 379 1840 436 potrebbe
1871 380 2000 438 forse

360 461 530 506 seruire
552 459 599 502 in
620 459 800 504 diuerse
822 473 930 503 cose
957 458 1003 502 di
1028 458 1086 501 la.
1114 458 1262 502 Senza
1288 456 1453 512 questi,
1483 455 1522 500 si
1549 456 1764 501 mandara
1789 471 1882 500 uno
1909 471 1988 514 per

357 551 662 594 acompagnar
682 551 708 579 a
730 537 787 580 V.
814 537 889 590 R.,
914 550 987 578 ma
1009 550 1101 578 non
1121 535 1166 578 lo
1187 540 1328 579 metto
1350 534 1425 577 nel
1441 547 1630 577 numero
1656 533 1761 578 delli
1795 547 1862 587 10,
1882 549 1989 591 per-

358 616 442 658 che
465 628 556 657 non
579 613 618 656 si
638 615 697 656 ha
718 612 763 656 di
786 615 978 657 fermare
999 611 1044 655 di
1066 612 1123 655 la.

447 707 490 749 9.
556 691 704 735 Senza
722 689 887 744 questi,
906 689 944 733 si
961 690 987 732 e
1003 688 1210 739 dubitato
1226 702 1275 732 se
1291 687 1329 731 si
1345 688 1711 732 mandarebbono
1726 688 1837 733 duoi
1853 688 1966 732 scoti
1974 723 1991 742 ,.

356 769 387 811 l’
413 782 505 811 uno
528 774 573 812 et
594 767 624 809 l'
650 767 764 809 altro
786 765 1012 809 chiamato
1035 767 1146 810 Mro.
1166 765 1355 823 Jacobo,
1386 779 1413 808 o
1441 779 1535 808 uno
1556 763 1602 807 di
1628 765 1739 819 loro;
1770 773 1815 809 et
1843 767 1995 810 anche*

360 860 421 888 un
445 845 559 887 altro
582 842 810 887 chiamato
842 841 1074 886 Giouanni
1101 841 1293 899 inglese,
1318 841 1350 884 il
1378 842 1511 898 quale
1532 843 1592 885 ha
1613 841 1740 885 finito
1768 843 1928 887 adesso
1956 842 1992 887 il

357 935 502 965 corso.
530 922 596 965 La
617 934 756 963 causa
778 919 823 962 di
846 919 1045 974 dubitar,
1077 926 1248 975 quanto
1271 918 1345 962 alli
1367 918 1531 976 inglesi
1553 920 1594 972 e,
1626 921 1710 963 che
1731 919 1795 963 lui
1821 909 1891 964 sta
1917 919 1991 963 in-

357 998 523 1042 clinato
553 1012 579 1041 a
617 997 760 1041 sentir
781 996 1006 1041 rhetorica
1034 1012 1097 1040 un
1126 1011 1262 1049 anno,
1293 1011 1374 1053 per
1395 1002 1524 1053 poter
1550 995 1719 1054 meglio
1749 996 1920 1042 seruire
1946 998 1991 1041 la

357 1074 641 1132 Compagnia
664 1074 710 1117 in
732 1075 935 1130 leggere.
963 1075 1029 1118 La
1050 1073 1284 1126 difficulta‚
1305 1081 1476 1129 quanto
1502 1072 1577 1116 alli
1597 1073 1707 1117 duoi
1729 1074 1938 1128 scocessi‚
1963 1075 1995 1119 e

358 1154 443 1196 che
466 1151 572 1195 tutti
601 1150 709 1194 duoi
742 1165 853 1194 sono
882 1150 1084 1207 soggetti
1118 1150 1163 1193 di
1191 1150 1365 1207 grande
1392 1149 1680 1207 spettatione,
1705 1157 1750 1195 et
1771 1157 1935 1195 stanno
1955 1151 1993 1194 l*

280 1258 283 1261 ·
360 1243 452 1272 uno
474 1229 547 1272 nel
569 1228 732 1285 primo,
757 1228 788 1270 l'
814 1228 927 1271 altro
944 1229 1018 1272 nel
1040 1228 1241 1272 secondo
1260 1228 1402 1284 (come
1418 1227 1567 1284 credo)
1585 1242 1704 1271 anno
1720 1228 1838 1272 della
1855 1229 1995 1273 theo-

356 1305 495 1362 logia,
521 1311 567 1350 et
589 1320 651 1347 un
673 1305 719 1347 di
740 1304 889 1360 questi
911 1304 1063 1361 giorni
1089 1306 1115 1348 e
1137 1305 1276 1348 molto
1297 1304 1530 1361 probabile
1557 1304 1595 1348 si
1616 1303 1762 1361 aprira
1789 1305 1832 1348 la
1859 1312 1995 1361 porta.

355 1397 436 1440 per
457 1382 598 1426 intrar
619 1382 665 1424 in
694 1382 861 1434 Scotia,
894 1389 939 1426 et
966 1382 1277 1427 conuerrebbe
1304 1381 1462 1426 leuarli
1484 1382 1557 1425 del
1586 1396 1732 1435 corso,
1763 1382 1802 1426 si
1827 1383 1918 1426 ben
1944 1383 1997 1426 lo-

356 1459 704 1503 cominciassero
727 1474 752 1502 a
774 1459 976 1516 leggere,
998 1466 1044 1504 et
1059 1473 1168 1515 pare
1184 1460 1268 1502 che
1285 1458 1331 1501 in
1350 1468 1513 1514 questo
1531 1474 1686 1504 mezzo
1703 1460 1894 1504 sarebbe
1915 1474 1990 1503 as*

357 1536 424 1580 sai
441 1536 744 1581 conueniente
761 1536 952 1579 lasciarli
969 1535 1168 1579 studiare
1185 1550 1267 1579 sua
1285 1535 1530 1592 theologia,
1551 1542 1597 1581 et
1614 1535 1823 1580 massime
1839 1537 1882 1580 al
1899 1551 1998 1580 uno‘

360 1613 406 1657 di
426 1614 541 1666 loro,
567 1615 651 1656 che
679 1621 748 1656 sta
770 1614 846 1669 pisi
873 1612 1070 1666 innanzi,
1096 1619 1142 1658 et
1162 1613 1188 1657 e
1215 1611 1320 1658 delli
1342 1612 1422 1669 pisi
1444 1612 1600 1666 nobili,
1629 1627 1758 1658 come
1784 1613 1822 1657 si
1850 1612 1992 1657 ricor-

358 1691 465 1734 dara
484 1692 541 1734 V.
565 1691 640 1744 R„
665 1689 710 1732 di
733 1691 837 1745 quel
858 1704 1017 1746 regno.
1044 1689 1260 1733 Tuttauia
1282 1696 1438 1733 nostro
1461 1690 1609 1733 Padre
1638 1691 1696 1732 ha
1725 1689 1931 1734 ordinato
1953 1690 1992 1734 si

356 1766 567 1811 scriuessi
588 1767 619 1809 il
642 1774 759 1809 tutto
783 1782 807 1810 a
829 1769 886 1810 V.
914 1769 967 1810 R.
990 1766 1114 1810 accio
1137 1766 1384 1824 giudicassi
1405 1781 1455 1811 se
1480 1773 1518 1820 ²,
1546 1773 1664 1810 tutte
1693 1774 1851 1824 queste
1884 1781 1998 1812 cose

357 1844 656 1898 considerate,
697 1846 1007 1888 conuerrebbe
1030 1844 1067 1888 si
1104 1844 1393 1888 mandassino
1429 1843 1475 1887 di
1503 1845 1546 1888 la
1573 1843 1604 1887 li
1631 1844 1739 1887 duoi
1767 1859 1794 1888 o
1823 1860 1916 1888 uno
1943 1844 1989 1888 di

354 1923 466 1965 loro.
491 1923 562 1964 De
584 1920 791 1977 spagnoli
814 1936 905 1964 non
927 1924 966 1963 c’
991 1923 1016 1964 e
1039 1935 1238 1966 nessuno
1259 1928 1452 1974 maturo,
1489 1920 1698 1964 massime
1721 1922 1996 1978 guardando

356 1999 388 2041 il
409 2005 560 2054 tempo
582 1997 883 2041 conueniente
905 1999 1021 2042 delle
1043 1997 1313 2054 probationi.
1346 1999 1417 2042 De
1439 1997 1625 2051 italiani,
1652 1998 1765 2042 oltre
1780 1989 1872 2042 'che
1893 2013 1989 2042 non

356 2075 394 2119 si
416 2076 534 2119 uede
555 2074 628 2118 chi
651 2075 840 2118 sarebbe
862 2076 999 2118 molto
1022 2075 1064 2118 al
1086 2074 1332 2132 proposito,
1352 2089 1468 2119 sono
1489 2075 1631 2118 molto
1649 2075 1892 2132 necessarij
1910 2090 1996 2132 per

356 2152 400 2195 la
420 2151 546 2195 Italia
567 2158 613 2195 et
634 2151 839 2194 Francia.
877 2153 1052 2207 Questo
1081 2153 1106 2196 ἑ
1137 2158 1307 2208 quanto
1328 2166 1466 2208 posso
1488 2151 1688 2197 scriuere
1717 2167 1742 2196 a
1771 2154 1827 2196 V.
1869 2154 1924 2197 R.
1945 2152 1995 2196 in-

358 2235 517 2285 questa
532 2227 738 2272 materia.
757 2228 885 2271 Nelle
908 2228 981 2271 cui
998 2227 1189 2272 orationi
1207 2235 1252 2272 et
1273 2228 1497 2284 sacrificij,
1519 2235 1564 2272 et
1580 2230 1725 2272 anche
1741 2230 1814 2274 del
1832 2231 1886 2273 P.
1906 2228 1992 2273 Xi-

357 2321 531 2357 menez,
557 2311 867 2349 strettamente
889 2305 949 2347 mi
972 2306 1287 2348 raccomando.
1313 2304 1372 2348 Di
1400 2307 1558 2359 Roma,
1591 2306 1622 2348 li
1657 2319 1708 2349 10
1736 2307 1780 2349 d’
1811 2307 1999 2362 Agostov

365 2383 493 2438 1566.
519 2383 590 2425 De
612 2383 670 2425 V.
701 2382 751 2424 R.
783 2381 976 2425 seruitor
1004 2382 1050 2425 in
1078 2382 1180 2436 X.⁰‚
1211 2396 1292 2439 per
1319 2382 1611 2427 commisione
1639 2383 1696 2427 de
1718 2389 1872 2426 nostro
1901 2383 1990 2426 Pa-

361 2461 440 2503 dre
462 2458 707 2516 preposito,

1073 2536 1103 2594 †
1128 2539 1321 2595 JOANNE
1356 2551 1419 2581 DE
1452 2539 1693 2581 POLANco.
1726 2536 1756 2594 -ξ-

453 2612 697 2668 Inscriptio
719 2612 769 2653 in
792 2617 957 2668 quarta
972 2615 1170 2671 pagina:
1192 2614 1252 2657 Al
1273 2614 1411 2657 molto
1433 2614 1548 2657 Rdo.
1578 2613 1624 2656 in
1646 2615 1764 2669 Xpo.
1792 2613 1938 2656 Padre
1962 2612 2001 2656 il

367 2691 422 2734 P.
447 2691 528 2732 Dr.
555 2687 821 2733 Hieronimo
843 2690 1017 2742 Natale,
1038 2690 1271 2734 visitatore
1292 2690 1410 2734 nelle
1431 2689 1655 2746 prouintie
1672 2691 1715 2732 d'
1736 2690 2002 2746 Alemagna.

372 2773 418 2809 et
438 2765 629 2809 Francia
656 2765 774 2809 della
802 2765 1084 2822 Compagnia
1106 2766 1151 2809 di
1187 2766 1332 2811 Giesfl
1353 2750 1400 2809 in
1429 2766 1622 2811 Vienna.
1663 2767 1770 2810 Alia
1791 2780 1948 2809 manu:
1965 2764 2003 2823 -ᾔ-

371 2844 460 2885 Per
481 2840 752 2886 comissione
775 2842 830 2884 de
853 2842 910 2885 N.
940 2845 991 2885 P.
1023 2856 1074 2886 10
1102 2844 1159 2888 de
1191 2844 1371 2900 Agosto
1404 2844 1529 2898 1566.
1556 2844 1655 2887 R.ta
1684 2843 1842 2901 Sigilli
1862 2843 2003 2886 vesti-

368 2933 522 2976 gzum.
1855 2940 1857 2943 ·

436 3090 457 3111 a
494 3081 753 3118 Emendatum
770 3092 791 3117 a
805 3082 961 3118 librario
979 3095 1027 3118 ex
1045 3085 1097 3120 si.
