2228 3548
873 298 916 325 10
943 290 1138 327 Ausus-n
1165 289 1257 335 1566
1609 300 1611 302 >
1765 297 1831 326 211

237 389 367 435 tiene
389 391 539 446 quella
554 390 737 435 natione
758 405 848 435 con
869 391 900 434 li
922 390 1093 448 poloni,
1118 398 1164 435 et
1181 391 1219 436 si
1239 406 1382 449 pensa
1404 392 1499 434 fara
1520 391 1802 436 dottamente
1819 406 1883 435 un

238 481 378 510 corso
398 467 446 510 in
466 467 653 525 Dilinga
674 483 701 511 o
724 468 1021 525 Ingolstadio.

339 557 381 599 3.
446 545 481 588 Il
504 547 557 589 P.
596 546 823 603 Gregorio
865 547 876 567 ¹
911 546 1100 590 tudesco
1137 548 1196 590 ha
1233 553 1372 590 auuto
1410 560 1502 589 una
1537 544 1808 589 comissione
1835 545 1883 588 di

245 629 378 677 parte
394 621 439 665 di
450 623 544 667 Sua
561 622 738 667 Santita
754 623 798 666 la
814 623 919 679 qual
934 624 1154 679 potrebbe
1166 623 1428 668 trattenerlo
1448 637 1513 666 un
1532 636 1650 679 poco
1667 622 1712 665 di
1731 629 1882 679 tempo

247 697 329 754 -pis1
350 699 472 756 dagl’
495 699 612 753 altri,
638 699 752 752 cioe,
778 701 926 743 uoltar
947 699 979 742 il
1000 699 1326 755 cathechismo‚
1350 701 1436 744 che
1457 701 1524 744 s’e
1546 701 1660 743 fatto
1681 700 1882 744 secondo

250 775 280 818 l'
303 775 461 820 ordine
482 777 555 821 del
577 776 788 830 coneilio,
807 778 864 821 de
885 776 1025 821 latino
1041 776 1088 820 in
1111 778 1300 821 tudesco
1322 778 1354 820 ².
1376 778 1437 822 Se
1452 791 1539 833 pur
1559 776 1598 820 si
1615 779 1798 825 t-rouara
1819 791 1880 819 un

240 852 362 896 altro
378 854 463 896 che
479 854 524 897 lo
540 869 674 911 possa
689 855 778 897 ben
797 854 906 907 fare,
931 861 1087 898 nostro
1104 855 1252 898 Padre
1269 856 1438 899 hauera
1454 856 1592 898 charo
1609 855 1693 897 che
1710 853 1774 896 lui
1790 868 1882 896 non

247 929 372 973 resti.

338 1019 379 1061 4.
446 1009 561 1052 Mro.
589 1007 741 1051 Pietro
763 1009 796 1061 ³,
830 1007 1114 1060 louaniense,
1139 1022 1219 1064 per
1250 1021 1374 1052 esser
1401 1014 1521 1051 stato
1547 1008 1715 1051 lectore
1737 1007 1784 1050 in
1807 1008 1882 1050 In-

242 1084 489 1141 golstadio,
515 1086 541 1128 e
563 1085 652 1128 ben
673 1085 938 1128 conosciuto
960 1084 1006 1127 di
1026 1086 1085 1129 la.
1111 1086 1215 1128 Non
1245 1086 1382 1128 fanno
1403 1099 1484 1141 per
1510 1084 1574 1126 lui
1597 1084 1732 1140 studij
1758 1083 1883 1127 sutili

247 1176 276 1204 a
304 1162 347 1205 la
382 1162 537 1219 longa:
577 1163 685 1219 pero
722 1161 760 1205 si
797 1162 1023 1215 rimanda,
1062 1161 1189 1206 accio
1219 1176 1352 1206 serua
1389 1161 1436 1204 in
1472 1162 1662 1218 leggere
1689 1162 1882 1217 qualche

247 1238 389 1283 vclase.
671 1266 675 1291 1

343 1326 384 1371 5.
450 1318 564 1360 Mro.
585 1317 775 1374 Jacobo,
806 1315 1008 1373 spirense
1070 1350 1080 1369 ,
1104 1316 1130 1359 e
1165 1330 1229 1358 un
1257 1316 1380 1359 buon
1409 1314 1623 1372 giouane,
1655 1322 1700 1359 et
1737 1329 1883 1371 quan-

244 1398 425 1448 'tunque
445 1393 511 1436 sia
531 1394 650 1438 della
671 1392 897 1449 prouintia
913 1393 986 1437 del
1003 1394 1163 1437 Rheno
1176 1427 1186 1445 ‚
1206 1394 1334 1449 potra
1355 1406 1468 1449 pure
1491 1392 1749 1436 trattenersi
1766 1393 1884 1435 nella

250 1469 455 1525 superior
475 1469 721 1514 Germania
742 1485 770 1514 o
798 1469 1000 1523 Austria,
1026 1469 1063 1513 si
1091 1471 1191 1513 sara
1212 1469 1290 1526 pisi
1311 1469 1581 1513 necessario.
1607 1470 1681 1513 Ha
1703 1469 1832 1512 finito
1853 1468 1884 1511 il

242 1560 334 1589 -suo
355 1561 501 1600 corso,
527 1554 572 1591 et
602 1549 731 1604 potra
757 1547 919 1604 legger
945 1547 1137 1602 qualche
1165 1547 1309 1590 classe
1336 1545 1382 1589 di
1409 1546 1674 1603 gramatica,
1706 1560 1733 1590 o
1763 1547 1882 1590 forse

243 1623 499 1683 thuinanita,
524 1631 570 1667 et
591 1625 617 1667 e
633 1625 771 1668 molto
793 1625 915 1667 buon
930 1623 1141 1681 giouane.

340 1701 382 1743 6.
447 1702 647 1754 Matheo,
672 1702 876 1754 tudesco,
907 1708 977 1745 sta
1014 1702 1056 1744 al
1092 1708 1301 1757 presente
1336 1700 1383 1744 in
1411 1701 1550 1746 Sacer
1579 1701 1811 1758 leggendo
1839 1701 1882 1744 la

247 1776 395 1834 prima
411 1778 570 1830 classe,
590 1780 675 1822 che
691 1779 752 1821 l’a
768 1785 948 1822 menato
965 1777 1010 1821 di
1027 1778 1069 1820 la
1086 1777 1116 1820 il
1135 1778 1188 1820 P.
1209 1777 1418 1831 Vittoria‚
1432 1784 1477 1821 et
1494 1779 1519 1821 e
1536 1792 1668 1834 parso
1685 1792 1711 1821 a
1728 1785 1883 1821 nostro

255 1854 403 1898 Padre
423 1854 461 1898 si
484 1855 635 1898 mandi
657 1855 703 1898 in
731 1854 977 1900 Germania
999 1855 1117 1899 nella
1137 1860 1265 1910 parte
1285 1855 1371 1899 che
1392 1857 1550 1911 patera
1571 1869 1597 1897 a
1625 1855 1683 1898 V.
1716 1855 1771 1898 R.
1798 1853 1883 1898 Lui

246 1930 280 1973 e
300 1931 374 1975 del
394 1932 558 1974 humor
574 1933 660 1976 che
676 1946 725 1975 sa
747 1933 804 1976 V.
832 1933 907 1984 R.,
933 1946 1006 1974 ma
1032 1931 1199 1975 dicono
1220 1932 1305 1975 che
1326 1932 1352 1975 ἑ
1374 1931 1593 1975 uirtuoso.

344 2019 385 2062 7.
451 2009 538 2052 Del
553 2009 703 2052 dottor
720 2009 945 2054 Strobelio
964 2010 995 2061 ⁵,
1015 2010 1100 2051 che
1119 2010 1250 2052 uerra
1262 2007 1308 2051 di
1325 2007 1502 2060 Prusia,
1522 2009 1770 2052 solamente
1787 2007 1885 2050 diro

250 2086 337 2128 che
358 2085 506 2130 seriue
542 2085 574 2128 il
602 2088 655 2129 P.
696 2086 861 2131 Sunier
896 2086 1115 2142 potrebbe
1152 2084 1296 2128 seruir
1330 2084 1377 2128 di
1414 2092 1582 2129 mastro
1619 2084 1663 2128 di
1701 2084 1879 2140 nouitij.

250 2163 311 2206 V.
337 2163 391 2205 R.
416 2163 461 2205 lo
483 2164 650 2207 uedera
671 2163 854 2219 meglio,
879 2177 928 2206 se
950 2164 1081 2205 uerra
1102 2161 1149 2204 in
1170 2162 1356 2206 Austria
1377 2177 1404 2206 o
1427 2165 1593 2220 Praga,
1620 2160 1885 2205 trouandosi

255 2240 314 2283 V.
340 2240 395 2282 R.
421 2239 467 2282 di
487 2240 545 2282 la.

347 2317 388 2359 8.
454 2316 697 2373 Volfango,
717 2317 928 2370 bohemo,
953 2316 991 2359 si
1017 2316 1109 2373 puo
1136 2316 1270 2359 etiam
1292 2317 1506 2360 mandare
1527 2316 1571 2359 di
1596 2318 1755 2368 Roma,
1780 2329 1861 2372 per
1876 2339 1886 2345 -

253 2394 343 2436 che
364 2393 657 2450 latheologia
678 2393 949 2437 scholastica
969 2407 1061 2436 non
1083 2393 1127 2436 fa
1149 2399 1277 2450 tropo
1293 2409 1373 2451 per
1394 2393 1473 2437 lui.
1494 2395 1568 2437 Ha
1590 2408 1653 2436 un
1676 2407 1791 2450 poco
1813 2392 1887 2435 del

1045 1315 1060 1336 A

335 2569 346 2589 ¹
397 2566 612 2613 Gregorius
629 2566 841 2601 Roseffius.

332 2628 346 2648 ²
397 2626 498 2661 Vide
516 2625 782 2670 SACCHlNUM‚
807 2626 882 2660 loc.
901 2623 993 2668 cit.‚
1011 2624 1084 2660 lib.
1108 2624 1160 2668 II,
1178 2636 1217 2662 n.
1235 2625 1272 2660 6.
1470 2626 1485 2646 ⁵
1534 2623 1635 2660 Vide
1654 2623 1771 2670 epist.
1795 2631 1885 2669 425.

331 2687 347 2708 ⁴
395 2686 440 2721 In
457 2687 634 2732 catalogo
653 2684 876 2732 provinciae
894 2684 1034 2728 Rheni,
1055 2695 1156 2719 anno
1176 2684 1282 2731 1567,
1299 2685 1373 2720 sub
1390 2685 1463 2720 hoe
1482 2684 1596 2720 titulo
1611 2684 1692 2719 «Ex
1706 2683 1792 2718 aliis
1807 2693 1891 2730 pro·

255 2744 393 2781 ·vintiis
411 2744 459 2781 ad
476 2746 575 2781 hanc
600 2744 731 2781 missi»
756 2744 858 2780 inter
882 2743 979 2779 alios
1004 2742 1197 2790 reperitur
1220 2742 1418 2791 «Jacobus
1442 2743 1672 2791 spirensis».
1696 2742 1806 2778 Illius
1829 2754 1892 2778 co-

253 2814 429 2850 gnomen
446 2804 652 2840 omittitur.

329 2865 345 2886 ⁵
393 2863 454 2899 De
471 2863 538 2899 illo
555 2863 712 2910 saepius
736 2862 906 2898 diximus
931 2862 971 2897 in
996 2861 1127 2909 Epist.
1153 2861 1308 2904 Natat„
1326 2862 1379 2907 11,
1398 2867 1439 2898 et
1461 2861 1501 2897 in
1519 2863 1592 2897 hoc
1616 2861 1828 2896 volumine.
1847 2861 1892 2897 In

259 2923 438 2969 catalogo
461 2927 655 2959 rectorum
677 2922 835 2969 collegii
858 2920 1226 2968 braunsbergensis,
1243 2920 1350 2958 edito
1372 2923 1422 2958 ab
1448 2923 1622 2967 H1PLER,
1644 2920 1683 2956 in
1706 2921 1892 2956 Historia

252 2983 450 3018 literaria
468 2983 717 3030 episcopatus
743 2981 992 3018 Varmiensis
1009 2981 1296 3027 (Brunsbergae
1315 2986 1355 3016 et
1372 2981 1542 3028 Lipsiae,
1565 2979 1684 3025 1873),
1703 2991 1790 3027 pag.
1812 2978 1893 3024 163,

261 3041 409 3088 primus
426 3046 554 3077 rector
571 3042 728 3089 ponitur
746 3041 1071 3088 «Christophorus
1095 3039 1250 3076 Strobel
1267 3041 1376 3085 (1565
1395 3060 1408 3067 -
1429 3039 1577 3085 1566)».
1606 3040 1897 3075 ROSTOWSKY-

261 3101 508 3147 MARTmov,
526 3102 601 3137 loc.
619 3101 713 3148 cit.,
727 3113 820 3149 pag.
839 3108 925 3146 410.
