2228 3548
0 1383 33 1675 ⁰ww.⁴'¹
23 1254 35 1329 .«··-
26 1197 29 1202 ⁴

937 293 953 321 1
984 285 1154 322 Arnus
1182 286 1273 332 1567
1801 285 1869 333 431

278 391 411 434 basta
431 390 462 432 l’
486 388 638 433 animo
659 388 706 432 di
735 389 988 434 mantener’
1010 387 1044 431 il
1064 387 1258 445 collegio
1279 403 1416 433 senza
1437 388 1468 431 11
1489 388 1752 442 conuittori,
1777 403 1867 434 con
1887 389 1921 432 11

282 466 406 524 quali
426 466 471 510 io
491 481 583 510 non
604 466 766 510 dubito
787 480 836 510 se
857 480 950 509 non
972 467 1058 511 che
1077 464 1115 510 s'
1141 465 1343 511 aiutano:
1374 465 1546 528 etpcosi
1575 467 1636 510 ho
1663 465 1850 511 lasciata
1877 467 1922 511 13

282 558 392 589 cosa
413 544 471 588 ne
492 543 569 601 pisi
593 544 649 588 ne
670 557 833 588 manco
855 557 984 588 come
1001 550 1151 587 staua.

377 632 419 676 5.
483 621 600 666 Nell’
633 620 791 665 ultime
819 621 980 665 lettere
1001 621 1087 665 che
1122 619 1167 664 io
1196 620 1337 664 scrise
1364 620 1411 664 di
1441 635 1545 677 qua,
1577 620 1806 665 dimandai
1833 622 1922 667 alla

291 700 343 743 P.
369 700 427 743 V.
452 699 621 743 alchun
643 699 785 743 breue
811 698 886 742 del
912 712 1029 755 papa
1050 711 1130 754 per
1151 698 1195 742 13
1216 697 1324 751 cita,
1348 705 1395 742 et
1416 698 1553 743 etiam
1575 713 1656 762 per
1676 697 1705 741 l’
1733 698 1921 743 Vniuer-

287 775 373 820 sita
400 777 430 830 ¹,
454 777 529 820 nel
550 776 684 832 quale
705 782 726 804 ³
751 789 844 819 non
865 775 1131 819 mostrando
1153 789 1277 820 esser
1297 775 1374 819 noi
1397 775 1575 832 grauati
1597 777 1654 819 da
1684 777 1797 828 loro,
1829 778 1921 821 imo

284 853 512 898 lodandoli
533 869 614 910 per
635 854 678 898 la
699 851 956 896 constantia
976 851 997 880 b
1023 852 1143 896 nella
1166 852 1268 896 fede
1284 852 1511 896 catholica
1533 868 1726 910 sempre,
1746 861 1793 898 et
1814 869 1919 911 spe-

281 931 523 976 eialmente
544 931 705 976 adesso
727 937 887 974 contra
907 929 1167 983 caluiniani,
1192 931 1385 974 facendo
1414 946 1493 987 per
1521 930 1759 976 occasione
1790 945 1920 976 men—-

282 1007 406 1051 tione
428 1008 546 1052 della
567 1007 865 1064 Compagnia‚
894 1007 938 1050 la
964 1006 1302 1058 raccomandasi
1331 1022 1358 1051 a
1385 1008 1500 1051 loro.
1528 1010 1738 1052 Pensano
1769 1009 1919 1065 questi

285 1085 422 1129 Padri
443 1086 530 1130 che
551 1084 793 1129 sarebbero
815 1083 893 1128 tali
920 1084 1082 1129 lettere
1109 1083 1224 1136 utili,
1255 1091 1302 1127 et
1330 1083 1552 1142 principio
1583 1084 1682 1128 acio
1709 1085 1920 1142 possiano

284 1162 391 1219 pian
412 1161 546 1219 piano
567 1161 823 1218 ricuperare
851 1161 894 1205 la
922 1160 1100 1213 liberta,
1130 1161 1329 1206 secondo
1356 1163 1440 1205 che
1468 1161 1507 1205 si
1534 1162 1719 1206 veddesi
1746 1176 1920 1207 conue-

288 1238 400 1284 nire.
426 1238 678 1292 Conuiene,
705 1239 867 1291 Padre,
892 1244 1225 1283 summamente
1245 1238 1456 1282 sforzarsi
1479 1238 1585 1281 tutti
1608 1253 1634 1282 a
1655 1247 1919 1284 mantenere

286 1322 449 1373 questo
471 1316 662 1373 collegio
684 1322 730 1361 et
757 1330 910 1372 opera,
934 1315 1112 1360 benche
1133 1314 1263 1359 siano
1284 1315 1327 1359 le
1348 1315 1564 1359 difficolta
1583 1317 1672 1361 che
1693 1317 1752 1360 ho
1774 1317 1915 1370 dette3

290 1394 458 1450 perche
473 1394 734 1447 realmente‚
748 1393 946 1437 secondo
962 1393 1050 1436 che
1064 1391 1103 1436 si
1118 1393 1280 1446 vedde,
1297 1393 1358 1436 ha
1373 1392 1545 1437 aiutata
1561 1394 1702 1437 molto
1720 1394 1763 1437 13
1779 1394 1916 1438 Com-

286 1470 454 1528 pagnia
496 1478 657 1527 questo
699 1469 909 1527 collegio,
954 1477 1001 1515 et
1041 1469 1363 1527 specialmente
1403 1484 1491 1514 con
1533 1477 1551 1499 ⁰
1586 1478 1749 1526 questo
1792 1472 1918 1514 buon

287 1549 341 1592 P.
369 1549 620 1600 Leonardo‚
645 1547 691 1591 in
715 1547 827 1591 tanti
850 1546 1070 1604 suggetti,
1096 1554 1142 1590 et
1165 1553 1292 1591 tanto
1315 1548 1456 1591 frutto
1488 1547 1594 1592 nelli
1626 1548 1837 1602 scholari,
1872 1549 1917 1592 in

281 1625 514 1681 prediche,
539 1625 584 1668 in
607 1625 824 1677 dottrina,
850 1623 895 1667 in
924 1623 1042 1677 libri,
1067 1630 1176 1677 etc.,
1201 1625 1289 1676 che
1309 1623 1348 1668 si
1370 1631 1508 1670 tenne
1530 1640 1610 1682 per
1632 1633 1758 1670 certo
1780 1625 1919 1671 esser'

283 1708 401 1746 stata
423 1716 536 1759 gran
560 1716 714 1755 causa,
735 1716 826 1745 non
843 1701 942 1745 solo
958 1699 1005 1744 di
1021 1699 1306 1746 conseruarsi
1323 1701 1366 1746 13
1381 1701 1486 1755 cita,
1508 1717 1582 1746 ma
1603 1702 1737 1747 etiam
1755 1703 1798 1747 la
1814 1718 1920 1760 pro.

286 1778 452 1823 uincia.
476 1779 546 1823 Sit
567 1779 820 1823 benedictus
847 1779 1094 1822 Dominus.
1119 1778 1155 1822 Il
1177 1777 1373 1836 Signore
1392 1779 1438 1824 10
1464 1779 1638 1824 aiutara
1666 1787 1712 1824 et
1739 1781 1783 1824 lo
1810 1796 1920 1838 pro-

285 1857 468 1900 uedera.
494 1858 551 1900 Et
572 1855 784 1913 bisognia
810 1857 898 1900 che
920 1869 1008 1899 con
1038 1855 1175 1899 molta
1203 1855 1427 1900 dexterita
1447 1863 1494 1901 et
1515 1856 1637 1900 buon
1667 1859 1801 1902 modo
1827 1857 1849 1886 ‘¹
1874 1865 1921 1902 et

285 1932 421 1978 etiam
443 1932 668 1991 pacientia
688 1932 725 1977 si
749 1933 871 1976 tratti
894 1940 939 1976 et
963 1931 1192 1989 tratenghi
1215 1935 1365 1989 quest'
1389 1947 1541 1991 opera,
1565 1943 1720 1992 aperta
1742 1949 1919 1993 sempre

287 2011 330 2053 13
351 2025 570 2067 speranza
591 2011 634 2054 al
655 2009 840 2067 signore
868 2009 1009 2053 Iddio.

374 2089 418 2132 6.
483 2089 546 2141 Io,
571 2102 700 2133 come
729 2087 868 2131 scrise
896 2086 988 2144 gia,
1015 2093 1218 2143 puoteua
1248 2086 1379 2132 finire
1405 2087 1450 2132 la
1479 2088 1629 2142 visita,
1664 2103 1692 2132 o
1729 2089 1919 2134 sabbato

282 2164 388 2209 dell'
410 2165 546 2220 oliua,
570 2180 597 2209 o
620 2163 777 2209 lunedi
799 2171 930 2208 santo
951 2170 1186 2219 sequente.
1213 2164 1271 2207 Et
1291 2167 1456 2218 tamen,
1479 2180 1558 2222 per
1580 2180 1670 2209 non
1693 2166 1918 2211 caminare

284 2242 423 2298 quelli
451 2242 601 2299 giomi
629 2242 768 2299 santi,
799 2248 846 2285 et
875 2240 1245 2298 principalmente
1271 2241 1472 2298 giouedi‚
1505 2243 1564 2286 mi
1596 2245 1654 2286 ho
1686 2250 1917 2288 tratenuto

286 2319 433 2362 insino
455 2335 482 2363 a
501 2319 660 2376 hoggi,
686 2321 771 2362 che
791 2319 815 2363 ὲ
837 2319 879 2362 13
903 2317 972 2374 33³
995 2319 1110 2362 festa
1131 2317 1178 2361 di
1199 2319 1384 2375 pascha,
1409 2326 1455 2364 et
1476 2320 1659 2364 dimane
1690 2320 1859 2365 matina
1891 2337 1918 2365 a

288 2397 413 2439 buon
440 2398 552 2439 hora
580 2395 772 2452 partimo
799 2411 878 2452 per
905 2394 1082 2440 Treuiri
1108 2402 1126 2423 ⁶
1156 2409 1243 2439 con
1264 2396 1308 2440 la
1334 2397 1481 2454 gratia
1511 2398 1585 2442 del
1623 2397 1833 2454 Signore.
1860 2399 1917 2442 Et

290 2488 431 2530 penso
452 2473 552 2516 sara
570 2480 688 2516 stato
704 2487 730 2516 a
746 2472 992 2529 proposito,
1012 2486 1148 2517 senza
1164 2473 1341 2530 saperlo
1361 2473 1421 2527 io,
1441 2475 1608 2531 perche
1626 2474 1813 2518 intendo
1829 2477 1918 2519 che

288 2550 419 2604 hieri‚
444 2566 472 2594 0
499 2549 658 2607 hoggi,
689 2565 715 2593 o
744 2557 903 2605 questa
930 2548 1184 2604 settimana,
1215 2551 1252 2593 s'
1282 2551 1343 2595 ha
1369 2551 1415 2595 di
1443 2553 1645 2608 elegger’
1676 2552 1708 2594 l'
1740 2552 1917 2596 3101110-

290 2642 430 2671 seouo
450 2627 497 2670 di
519 2627 712 2679 Treuiri,
736 2628 824 2670 che
845 2641 936 2670 non
963 2626 988 2670 ὲ
1009 2626 1147 2671 eletto
1167 2640 1351 2682 ancora,
1380 2635 1427 2672 et
1448 2629 1487 2673 si
1508 2631 1553 2673 fa
1579 2631 1609 2672 l’
1634 2629 1850 2675 elettione
1869 2629 1918 2673 in

290 2704 594 2757 Confluentia,
608 2719 686 2761 per
701 2705 819 2748 doue
837 2705 1020 2760 passaro
1035 2702 1094 2747 io.
1106 2704 1308 2748 Essendo
1324 2705 1480 2759 eletto‚
1495 2707 1630 2750 credo
1646 2706 1745 2750 sara
1764 2721 1790 2750 a
1807 2721 1918 2763 pro-

287 2781 434 2837 posito
464 2781 687 2834 visitarlo‚
717 2787 762 2825 et
791 2779 970 2837 puotria
997 2794 1120 2824 esser
1147 2779 1342 2825 alchuna
1368 2782 1609 2827 occasione
1641 2783 1698 2827 de
1730 2790 1916 2828 trattare

356 2900 378 2920 a
415 2891 593 2930 Obscure
610 2892 860 2929 emendatum
874 2903 897 2928 a
915 2891 1008 2928 libr.
1027 2902 1076 2927 ex
1090 2891 1193 2928 nelle
1207 2892 1325 2939 quale
1342 2898 1383 2929 et
1400 2894 1500 2929 nelli
1517 2894 1716 2940 quali.—b
1731 2894 1917 2942 Sequitur

285 2954 322 2987 et
335 2951 665 2987 obliteratum-0
683 2952 769 2987 Hoc
787 2952 895 2987 verb.
917 2949 1065 2986 addidit
1083 2949 1176 2986 libr.
1198 2962 1314 2998 supra
1332 2964 1436 2988 vers.
1449 2952 1509 2980 ——d
1524 2953 1609 2988 Hoc
1630 2954 1740 2989 verb.
1766 2953 1916 2990 addidit

289 3010 382 3047 libr.
406 3021 522 3058 supra
538 3022 643 3047 vers.
658 3019 718 3039 ..e
736 3019 757 3056 5
776 3012 896 3046 verba
913 3021 1022 3057 seqq.
1042 3008 1190 3045 addidit
1207 3009 1298 3047 libr.
1322 3023 1439 3059 supra
1456 3023 1564 3048 vers.

370 3101 380 3122 ¹
431 3099 531 3135 Vide
548 3098 662 3146 epist.
682 3100 765 3145 469,
784 3111 823 3135 n.
844 3109 885 3144 4.
