2228 3548
955 277 976 314 5
1002 269 1112 318 MAJi
1131 269 1224 316 1566
1791 278 1860 316 107

710 473 764 515 P.
800 472 1214 519 HIERONYMUS
1246 475 1466 519 NADAL

606 559 846 599 SANCTO
884 561 1232 601 FRANCISCO
1270 563 1347 598 DE
1383 562 1579 610 BORJA

796 647 1039 687 AUGUSTAE,
1066 646 1087 684 5
1113 648 1210 688 nAjr
1239 640 1330 686 1566
1357 643 1385 677 ¹.

273 725 308 753 1.
334 716 516 759 Nuntiis,
531 729 557 752 a
575 717 734 764 Borgia
750 717 826 752 sibi
842 718 1105 761 transmissis,
1120 719 1290 766 gaudet.
1301 728 1384 755 —2.
1409 719 1676 766 Augustanus
1699 720 1916 755 conventus

320 776 430 813 brevi
452 776 696 812 absolvetur:
717 776 897 812 subsidia
920 788 947 812 a
964 777 1219 825 principibus
1247 776 1495 814 Germaniae
1523 778 1692 820 caesari,
1707 780 1786 825 pro
1814 776 1915 813 bello

319 839 461 872 contra
478 838 628 877 turcas,
643 836 864 883 promissa.

368 927 402 958 1.
459 915 591 972 Jhus.
613 914 756 958 Molto
773 913 886 957 Rd0.
909 913 1056 958 Padre
1071 921 1226 958 nostro
1242 914 1288 957 in
1307 914 1504 959 Christo.
1521 916 1617 958 Pax
1635 914 1804 959 Christi
1820 921 1910 959 etc.

274 992 351 1035 Ho
368 991 594 1035 riceuutto
606 990 917 1034 ultimamente
930 1005 1018 1034 una
1028 991 1086 1035 de
1103 1006 1238 1035 mano
1249 992 1306 1035 de
1323 993 1380 1036 V.
1401 994 1454 1035 P.
1469 991 1573 1036 delli
1593 1003 1615 1047 5
1635 993 1680 1035 d’
1701 991 1859 1049 Aprile
1875 992 1911 1045 ²,

275 1069 371 1112 sola
391 1069 437 1112 in
459 1083 521 1111 vn
543 1069 752 1125 pacheto,
771 1082 858 1112 con
874 1069 987 1112 altre
1002 1082 1082 1124 per
1098 1068 1283 1122 diuersi,
1303 1075 1350 1113 et
1371 1083 1486 1125 gran
1509 1069 1823 1115 consolatione
1839 1069 1914 1115 nel

277 1146 489 1203 Signore‚
529 1146 623 1190 cosi
657 1145 731 1191 del
769 1146 947 1190 feruore
974 1147 1059 1189 che
1086 1153 1291 1190 muostra
1316 1147 1423 1202 quel
1462 1147 1609 1191 Padre
1645 1146 1911 1203 capuccino‚

279 1237 408 1267 corne
429 1224 487 1266 de
509 1229 628 1268 tutte
648 1223 678 1266 l’
703 1223 817 1267 altre
839 1236 945 1267 cose
966 1223 1052 1268 che
1074 1223 1133 1266 V.
1160 1224 1212 1266 Ρ.
1238 1222 1299 1265 mi
1321 1222 1530 1280 significa
1551 1222 1595 1266 in
1628 1224 1791 1279 quella.
1825 1224 1916 1268 Per

278 1314 404 1344 amor
424 1301 469 1343 d’
493 1299 635 1352 Iddio,
661 1299 826 1353 Padre,
851 1300 909 1344 V.
938 1301 991 1343 P.
1017 1313 1111 1343 non
1134 1299 1196 1343 mi
1216 1299 1366 1343 scriua
1386 1300 1444 1344 de
1465 1315 1599 1344 mano
1616 1315 1714 1353 sua,
1734 1300 1914 1357 percio-

277 1379 379 1433 che,
404 1392 454 1423 se
476 1378 565 1421 ben
591 1383 756 1433 questo
784 1377 845 1421 mi
871 1378 898 1421 e
925 1391 1040 1434 gran
1070 1376 1398 1430 consolatione,
1429 1377 1704 1421 nondimeno
1723 1377 1786 1420 mi
1814 1380 1916 1421 sara

276 1454 514 1512 maggiore
535 1456 620 1498 che
642 1455 699 1499 V.
728 1455 781 1498 P.
809 1453 968 1499 riserui
989 1455 1032 1498 le
1047 1455 1171 1498 forze
1188 1468 1269 1512 per
1286 1455 1315 1498 l'
1334 1455 1447 1499 altre
1465 1454 1632 1499 fatiche
1654 1454 1917 1511 quotidiane

280 1539 327 1576 et
347 1531 426 1589 pisi
447 1531 716 1577 necessarie.
742 1533 846 1576 Non
868 1531 909 1575 ci
931 1533 957 1576 e
978 1546 1084 1576 cosa
1105 1532 1163 1575 de
1184 1531 1359 1589 negotii
1379 1532 1499 1576 nella
1520 1532 1682 1577 lettera
1704 1532 1760 1576 de
1778 1533 1836 1576 V.
1857 1533 1912 1576 P.

282 1624 309 1653 a
329 1611 416 1654 che
438 1608 703 1666 risponder'.
730 1609 782 1653 L'
806 1608 966 1654 ordine
986 1609 1059 1653 del
1081 1608 1315 1654 visitatore
1335 1609 1553 1654 mandato
1575 1623 1655 1665 per
1676 1608 1707 1652 il
1738 1610 1790 1653 P.
1824 1609 1914 1654 Le-

280 1687 452 1739 desma,
482 1686 524 1729 al
553 1686 688 1742 quale
715 1687 914 1730 anchora
940 1687 1050 1730 daro
1077 1686 1108 1729 l’
1138 1685 1430 1731 instruttione
1456 1688 1541 1730 che
1569 1687 1749 1743 puotro,
1784 1700 1916 1731 come

282 1765 339 1808 V.
366 1765 420 1808 P.
445 1764 504 1806 m'
527 1763 686 1808 ordina
707 1765 740 1807 ⁵.

371 1853 414 1885 2.
480 1840 574 1897 Qui
610 1841 649 1884 si
685 1840 817 1885 finira
851 1841 895 1885 la
923 1841 1044 1885 dieta
1074 1848 1227 1898 presto
1257 1841 1325 1884 fra
1358 1853 1408 1885 12
1437 1856 1466 1884 o
1503 1853 1555 1895 14
1582 1840 1748 1898 giorni,
1789 1855 1919 1885 come

283 1919 319 1962 s’
343 1917 544 1962 intende.
570 1919 605 1962 11
626 1919 771 1962 ducca
798 1918 855 1962 de
877 1917 1093 1963 Sassonia
1115 1918 1131 1939 ⁴
1153 1917 1320 1974 partita
1342 1918 1409 1962 fra
1430 1917 1505 1962 doi
1527 1917 1690 1975 giomi.
1718 1919 1752 1961 Il
1774 1917 1917 1962 sussi-

281 1994 356 2038 dio
377 1996 463 2040 che
484 1995 515 2038 li
538 1994 727 2052 principi
749 2003 795 2039 et
817 1994 923 2038 stati
945 1995 991 2037 d’
1017 1994 1290 2052 Alamagnia
1306 1996 1458 2039 hanno
1475 2009 1693 2039 concesso
1710 2011 1737 2039 a
1759 1996 1808 2041 S.
1830 1997 1877 2039 M
1885 2029 1915 2050 .,

281 2087 360 2127 per
385 2072 429 2115 la
456 2085 623 2129 guerra
650 2073 697 2115 d'
727 2071 1016 2129 Hungheria‚
1052 2086 1166 2115 sono
1189 2079 1256 2116 tre
1277 2071 1451 2130 viaggi,
1476 2074 1560 2117 che
1589 2072 1846 2123 chiamano‚
1871 2072 1915 2115 di

283 2150 443 2202 Roma3
467 2156 513 2192 et
534 2149 560 2192 e
582 2148 692 2206 ogni
714 2148 903 2206 uiaggio
923 2162 952 2203 4
974 2148 1051 2192 mil
1072 2147 1234 2193 caualli
1255 2156 1302 2194 et
1329 2161 1379 2193 12
1402 2149 1481 2193 mil
1504 2149 1632 2203 fanti,
1659 2149 1814 2206 pagati
1835 2163 1918 2206 per

283 2226 308 2267 8
331 2224 443 2270 mesi
464 2226 640 2268 adesso:
661 2232 707 2270 et
722 2225 862 2281 dipoi,
882 2240 962 2282 per
978 2232 1046 2269 tre
1061 2225 1184 2280 anni,
1203 2240 1265 2269 vn
1286 2226 1476 2284 viaggio
1497 2234 1518 2255 ³
1543 2227 1780 2280 continu03
1801 2227 1909 2272 ben-

282 2302 368 2346 che
390 2317 469 2358 per
490 2303 685 2347 alchune
706 2302 832 2356 citta,
857 2304 943 2346 che
963 2317 1076 2347 sono
1097 2310 1304 2359 separate
1319 2303 1424 2347 dall’
1444 2303 1649 2361 imperio,
1669 2305 1770 2348 sara
1787 2304 1916 2359 qual-

284 2381 370 2424 che
392 2394 502 2423 cosa
523 2393 700 2433 manco3
725 2386 772 2423 et
793 2378 831 2422 si
853 2379 897 2422 fa
927 2387 1063 2423 conto
1091 2381 1176 2423 che
1207 2379 1238 2423 li
1269 2387 1337 2424 tre
1368 2380 1527 2438 uiaggi
1558 2395 1721 2424 sarano
1759 2393 1810 2424 10
1838 2380 1916 2424 mil

286 2455 447 2500 caualli
485 2463 532 2501 et
570 2466 626 2511 50
662 2455 740 2498 mil
776 2455 905 2500 fanti.
946 2456 1159 2500 Alchune
1196 2457 1309 2501 altre
1334 2471 1440 2503 cose
1468 2459 1526 2501 de
1566 2457 1739 2514 negotii
1774 2457 1919 2501 nostri

287 2546 597 2576 occorreuano
624 2532 670 2576 di
698 2532 910 2578 scriuersi
936 2533 1023 2577 alla
1052 2534 1105 2577 P.
1137 2535 1215 2588 V.;
1245 2549 1321 2579 ma
1346 2550 1428 2592 per
1455 2536 1498 2578 la
1526 2535 1686 2592 grand'
1721 2548 1919 2592 occupa-

354 2675 376 2696 ὶ
413 2668 599 2716 Sequitur
615 2670 714 2717 ogni
730 2680 852 2712 anno,
871 2668 1140 2705 obliteratum.

353 2789 365 2810 ¹
414 2787 474 2823 Ex
493 2787 685 2834 originali,
703 2787 843 2835 partim
861 2799 884 2823 a
906 2786 1098 2835 Jimenez,
1118 2791 1159 2824 et
1175 2788 1315 2835 partim
1339 2800 1362 2825 a
1385 2789 1514 2826 Natali
1534 2794 1707 2836 exarato,
1726 2788 1767 2825 in
1784 2789 1918 2837 Epist.

280 2845 438 2892 Natal„
455 2846 508 2891 11,
526 2846 673 2894 duplici
690 2847 775 2893 fol„
797 2846 863 2882 123
880 2846 997 2893 (496).

352 2907 366 2927 2
416 2904 518 2941 Vide
535 2906 655 2953 epist.
678 2905 766 2952 370.

353 2965 368 2985 ³
418 2963 555 3000 Sermo
567 2970 629 3001 est
645 2965 695 3002 de
708 2965 966 3002 instructione
979 2976 1048 3012 pro
1062 2964 1279 3012 visitatore,
1297 2978 1319 3002 a
1336 2967 1478 3014 Borgia
1493 2966 1653 3014 scripta.
1676 2966 1778 3002 Vide
1802 2966 1918 3014 epist.

284 3021 371 3069 370,
389 3035 433 3059 n.
456 3022 494 3068 3,
511 3035 601 3060 cum
618 3030 755 3061 annot.

359 3084 375 3104 ⁴
425 3083 648 3129 Augustus.
