2228 3548
421 318 486 354 124
929 307 1067 343 Emsr.
1094 305 1139 340 P.
1168 303 1438 351 NADAL-392

461 409 577 454 Nelli
600 408 716 452 santi
739 406 944 463 sacrificij
968 414 1014 452 et
1041 404 1234 450 orationi
1265 405 1322 449 de
1344 405 1403 450 V.
1430 406 1484 449 P.
1510 405 1649 449 molto
1675 404 1715 449 si
1742 418 2006 449 raccoman·

371 488 535 538 diamo,
550 494 594 529 et
611 485 881 530 similmente
899 485 946 528 in
963 483 1100 540 quelli
1117 481 1222 527 delli
1237 481 1374 526 Padri
1391 481 1619 527 assistenti
1634 489 1723 526 ete.
1741 483 1776 526 Il
1790 482 2001 539 Signore,

373 579 451 621 per
468 578 549 606 sua
566 562 742 605 infinita
759 560 1083 615 misericordia,
1102 559 1145 604 ci
1160 559 1234 603 dia
1250 574 1334 603 sua
1350 559 1532 616 copiosa
1548 559 1694 617 gratia
1709 560 1767 604 da
1783 560 1866 603 far'
1884 573 2004 603 sem-

373 642 509 698 prela
527 655 609 683 sua
628 639 884 682 santissima
902 638 1099 681 volonta.
1114 638 1183 681 Da
1203 638 1436 693 Augusta,
1448 636 1523 680 alli
1539 636 1584 680 xi
1597 638 1655 680 de
1669 635 1857 694 Maggio
1875 636 2000 691 1566.

460 719 535 761 Ho
554 718 665 759 fatto
688 716 892 759 instanza
910 729 1123 772 appresso
1140 713 1173 757 il
1188 715 1320 758 Rmo.
1341 714 1494 771 legato
1510 728 1590 771 per
1605 715 1760 758 andar’
1784 728 1811 758 a
1830 712 2002 758 visitar'

373 795 562 852 qualche
585 793 778 849 collegio
795 792 840 835 di
858 792 1022 848 questi,
1043 799 1089 836 et
1106 806 1198 835 non
1220 792 1291 835 c'e
1312 791 1472 836 ordine
1491 791 1536 834 d'
1560 792 1703 836 hauer
1723 789 1911 836 licencia
1933 789 2006 833 in—

372 871 471 916 sino
493 886 519 914 a
541 873 625 914 6116
648 869 685 913 si
707 869 780 913 dia
802 870 893 915 fine
910 885 935 913 a
958 868 1106 925 questi
1128 867 1299 926 negotij
1319 875 1408 913 etc.
1433 869 1492 912 D.
1514 868 1572 912 V.
1595 870 1649 912 P.
1670 881 1805 912 seruo
1821 881 1878 911 en
1900 865 2004 920 X.⁰‚

1453 945 1483 1003 †
1514 946 1701 990 NADAL.
1736 944 1766 1003 †

465 1024 708 1081 Inscriptio
730 1025 779 1066 in
803 1026 971 1080 quarta
984 1023 1194 1081 pagina:
1215 1024 1347 1081 Jhus.
1373 1022 1434 1067 Al
1456 1022 1596 1066 molto
1619 1022 1734 1066 Rdo.
1760 1022 1907 1066 Padre
1927 1035 2006 1064 no-

373 1108 467 1145 stro
483 1102 530 1145 in
547 1101 728 1145 Christo
745 1101 776 1144 il
794 1103 846 1145 Ρ.
867 1102 903 1144 F
906 1114 1122 1144 rancesco
1139 1101 1196 1145 de
1214 1099 1398 1157 Borgia,
1413 1099 1641 1156 preposito
1659 1099 1872 1156 generale
1888 1098 2006 1142 della

375 1178 673 1236 [Compagnia
694 1178 755 1236 di]
772 1179 883 1236 Jesu
905 1185 992 1223 etc.
1019 1179 1178 1221 Roma.
1203 1178 1313 1221 Alia
1333 1191 1507 1220 manu:
1529 1177 1583 1221 C.
1615 1177 1744 1232 1566.
1770 1177 2001 1233 Augusta.
2081 1230 2083 1233 Ι

376 1257 428 1299 Ρ.
454 1257 628 1299 Natale.
663 1268 708 1300 11
735 1255 780 1298 di
803 1254 1001 1313 Maggio.
1031 1255 1284 1313 Vestigium
1301 1255 1465 1312 sigilli.

1128 1365 1257 1406 392

837 1451 881 1487 s.
914 1449 1245 1487 FRANCISCUS
1271 1450 1342 1486 DE
1366 1449 1536 1496 BORJA

706 1518 916 1561 PATRI
961 1516 1385 1560 HIERONYMO
1433 1516 1675 1560 NADAL

927 1601 1089 1639 ROMAE,
1119 1601 1158 1628 11
1186 1601 1279 1636 MAJI
1306 1592 1397 1637 1566
1421 1591 1450 1629 ¹.

451 1658 639 1694 Facultas
657 1658 818 1706 legendi
834 1657 956 1694 libros
967 1657 1188 1706 prohibitos
1205 1657 1369 1705 integra
1386 1660 1523 1694 manet
1539 1656 1700 1693 Natali:
1717 1658 1764 1693 de
1781 1657 1933 1693 duobus

920 1717 1027 1764 filiis
1049 1715 1218 1764 Georgii
1235 1716 1449 1765 Fuggerii.

466 1807 501 1838 1.
561 1797 692 1853 Jhus.
720 1796 860 1839 Molto
884 1796 998 1839 Rdo.
1026 1795 1071 1838 in
1094 1796 1213 1852 Xp0.
1239 1795 1403 1840 Padre.
1435 1795 1533 1839 Pax
1560 1794 1682 1851 Xpi.,
1717 1800 1805 1839 etc.
1837 1794 2002 1850 Quelle

369 1871 415 1914 di
438 1873 493 1915 V.
521 1873 574 1915 R.
602 1872 646 1915 di
669 1884 724 1926 27
748 1873 805 1915 de
826 1872 984 1929 Aprile
1005 1872 1052 1915 in
1068 1871 1176 1915 duoi
1193 1871 1329 1929 plichi
1346 1870 1384 1915 si
1401 1885 1513 1915 sono
1530 1870 1750 1925 riceuute3
1772 1878 1818 1915 et
1833 1871 1999 1927 perche

370 1949 548 1991 affatica
570 1951 605 1992 s’
630 1950 655 1992 e
677 1951 849 1992 hauuto
871 1956 1023 2006 tempo
1047 1948 1092 1993 di
1113 1949 1334 2006 leggerle,
1359 1949 1607 1992 solamente
1628 1947 1726 1990 diro
1748 1949 1833 1992 che
1854 1961 1944 1991 non
1974 1948 2000 1991 e

369 2032 487 2068 stata
509 2025 599 2069 mia
620 2026 870 2070 intentione
893 2040 1109 2071 reuocare
1132 2028 1189 2070 ne
1211 2025 1487 2083 restringere
1508 2025 1551 2068 13
1579 2024 1760 2068 licentia
1791 2026 1878 2070 che
1908 2025 2002 2070 Sua

369 2102 545 2146 Santita
568 2102 698 2147 diede
720 2119 745 2147 a
768 2104 825 2147 V.
852 2105 904 2147 R.
928 2118 1007 2159 per
1029 2110 1164 2147 conto
1186 2103 1232 2147 di
1261 2104 1421 2160 legger
1449 2102 1550 2146 libri
1580 2101 1811 2159 prohibiti,
1848 2102 1887 2145 si
1919 2103 2004 2146 che

371 2182 499 2235 potra
523 2194 626 2223 usar
648 2179 693 2222 di
715 2180 878 2235 quella,
905 2182 1102 2224 secondo
1124 2183 1210 2226 che
1238 2182 1298 2224 ha
1327 2194 1563 2236 compreso
1591 2180 1634 2222 13
1655 2186 1810 2224 mente
1836 2178 1882 2222 di
1910 2179 2004 2224 Sua

371 2256 549 2299 Santita
570 2257 601 2299 ².
630 2257 828 2312 Quando
851 2256 894 2300 io
916 2258 945 2299 l’
969 2257 1152 2301 hauessi
1174 2273 1200 2301 a
1221 2257 1448 2301 conceder
1469 2272 1496 2300 a
1512 2257 1755 2313 qualcuno,
1775 2269 1825 2300 se
1840 2255 1903 2299 mi
1918 2270 1996 2312 po-

371 2334 441 2374 tra
464 2333 543 2374 dar
566 2332 692 2376 auiso
715 2332 760 2375 di
783 2333 919 2389 quelli
941 2336 1026 2379 che
1048 2334 1087 2377 si
1108 2333 1352 2391 giudicano
1374 2333 1419 2376 di
1436 2334 1479 2377 13
1495 2334 1538 2377 31
1555 2332 1787 2390 proposito
1802 2347 1883 2389 per
1899 2347 2002 2388 par-

376 2408 533 2464 ticipar
555 2408 599 2451 di
622 2415 783 2464 questa
804 2408 999 2453 licentia.
1025 2411 1086 2456 Se
1107 2410 1145 2454 si
1167 2411 1262 2455 fara
1283 2411 1417 2454 alcun
1438 2410 1580 2453 offitio
1601 2424 1688 2453 con
1709 2410 1804 2454 Sua
1825 2408 2002 2453 Santita

375 2484 552 2528 intorno
575 2486 659 2529 alle
682 2499 786 2528 cose
809 2485 1021 2539 scritteci‚
1048 2487 1084 2531 si
1107 2494 1128 2515 a
1154 2488 1262 2531 dara
1289 2487 1415 2530 auiso
1443 2501 1530 2530 con
1551 2487 1594 2530 la
1614 2485 1773 2542 prima,
1798 2491 1845 2528 et
1866 2499 1915 2528 se
1937 2484 1998 2527 ri—

374 2562 597 2616 spondera
614 2563 758 2605 anche
779 2561 800 2588 b
827 2563 932 2617 quel
949 2565 1032 2606 che
1049 2566 1284 2609 occorrera
1301 2565 1343 2607 31
1361 2565 1414 2607 Ρ.
1434 2562 1633 2607 Canisio:
1654 2569 1813 2618 questa
1829 2560 1998 2617 princi-

376 2638 599 2692 palmente
622 2637 659 2680 si
682 2637 829 2682 scriue
850 2652 929 2694 per
953 2639 1137 2696 rispetto
1158 2641 1274 2685 della
1290 2639 1473 2684 licentia
1488 2638 1561 2682 dei
1578 2637 1695 2691 libri,
1715 2645 1760 2681 et
1776 2652 1856 2695 per
1871 2652 2001 2681 man-

453 2779 473 2798 a
520 2772 705 2819 Sequitur
719 2773 840 2820 sarci,
859 2774 1193 2811 obliteratum.—b
1220 2775 1406 2823 Sequitur
1422 2775 1482 2817 in,
1501 2773 1767 2810 obliteratum.

442 2873 452 2892 ¹
506 2872 563 2906 Ex
581 2874 807 2920 archetypo,
826 2884 848 2908 a
866 2874 1016 2920 Joanne
1035 2876 1262 2912 Fernandez
1280 2879 1452 2920 exarato,
1472 2879 1513 2910 et
1525 2886 1548 2910 a
1561 2873 1704 2921 Borgia
1718 2864 1873 2921 propria
1886 2884 2004 2909 manu

368 2929 602 2976 subscripto,
622 2931 661 2966 in
685 2930 777 2967 Cod.
797 2941 858 2977 34,
874 2932 1017 2979 duplici
1035 2934 1117 2982 soh,
1138 2943 1203 2980 177
1221 2937 1312 2979 (55).
1333 2933 1499 2970 Accedit
1516 2938 1604 2980 post
1619 2933 1808 2980 scriptum
1826 2936 2007 2977 autogra-

367 2982 501 3033 phum.
526 2989 595 3023 Est
613 2990 776 3025 alterurn
794 2993 1016 3037 exemplum
1035 2993 1075 3029 in
1093 2995 1282 3040 Regesto.
1305 2993 1406 3029 Cod.
1428 3002 1471 3039 33
1489 2991 1542 3038 f),
1561 2991 1632 3028 fol.
1660 3000 1745 3028 111.
1768 2985 1869 3028 Vide
1887 2989 2004 3037 epist.

313 3082 315 3084 ,
365 3044 454 3091 380,
473 3046 536 3081 cui
554 3048 649 3082 haee
667 3048 897 3095 respondet.

440 3107 454 3127 ²
506 3104 606 3141 Vide
625 3107 744 3153 epist.
768 3106 854 3153 380,
874 3120 917 3144 n.
942 3108 979 3145 3.
