2228 3548
926 322 970 360 25
995 313 1154 351 Mamm
1182 312 1274 358 1568
1339 331 1343 334 -
1802 318 1872 356 571

273 417 490 454 nosotros
511 413 873 467 procurariamos
895 424 985 466 que
1006 424 1057 454 se
1076 416 1361 470 stampassen
1383 423 1441 453 en
1462 408 1693 461 Anueres,
1724 421 1781 451 en
1809 422 1869 450 vn
1891 410 1922 451 ὁ

276 488 360 532 dos
387 487 596 532 volumes
625 487 683 532 de
711 502 820 544 muy
847 488 999 531 buena
1025 493 1202 543 stampa
1227 501 1258 543 y
1285 485 1356 529 sin
1384 491 1527 529 costa.
1565 487 1656 529 Por
1687 499 1815 529 amor
1845 484 1921 528 del

278 565 427 610 Sefior
448 566 507 609 V.
534 567 585 609 P.
609 565 653 608 10
675 566 861 619 ordene3
885 566 974 610 che
994 567 1111 609 seria
1131 578 1267 621 spero
1289 578 1406 620 gran
1427 564 1666 620 prouecho
1682 566 1709 607 a
1730 563 1798 606 los
1819 569 1922 606 stu-

277 641 377 685 dios
407 642 465 685 de
497 641 751 686 catholicos
782 657 810 698 y
843 642 925 685 vtil
957 648 1117 686 contra
1148 642 1217 684 los
1249 641 1443 697 herejes.
1480 641 1534 684 El
1563 641 1711 686 Sefior
1732 654 1811 684 sea
1830 653 1919 684 con

277 726 503 763 nosotros.
546 719 646 763 Ora
666 724 756 776 pro
783 734 866 772 me,
895 721 1056 763 Pater.
1089 721 1159 762 De
1187 720 1423 775 Louayna,
1454 734 1483 777 9
1511 719 1568 762 de
1598 711 1754 774 Mar‘co
1788 718 1916 774 1568.

276 797 335 840 D.
363 798 417 841 P.
443 798 501 841 V.
529 811 664 841 seruo
686 812 744 841 en
766 798 863 850 X.⁰,

1367 878 1396 937 †
1428 880 1615 996 NA-ioAL.
1648 849 1681 937 ἒς

362 1030 433 1073 Yo
456 1044 529 1074 me
552 1029 676 1072 hallo
698 1043 807 1085 muy
829 1027 935 1072 bien
958 1043 1016 1073 en
1038 1029 1275 1084 Louayna,
1300 1027 1358 1070 de
1375 1026 1582 1079 sanidad,
1607 1042 1637 1083 y
1656 1028 1715 1070 he
1731 1040 1919 1070 comen-

272 1107 388 1163 63ᾰο
418 1110 444 1150 a
475 1106 652 1150 studiat
677 1121 787 1164 para
818 1105 981 1150 scriuir
1012 1105 1183 1162 alguna
1214 1119 1322 1149 cosa
1349 1111 1507 1148 contra
1535 1105 1606 1148 los
1635 1104 1829 1160 herejes3
1861 1119 1907 1160 y,

274 1183 462 1229 bendito
495 1184 538 1228 61
570 1184 736 1238 Sefior,
771 1198 844 1229 me
875 1183 1072 1228 succede
1104 1189 1182 1226 tan
1210 1181 1333 1235 bien,
1370 1196 1461 1238 que
1488 1181 1532 1225 io
1556 1197 1629 1226 me
1660 1179 1912 1225 marauillo.

275 1261 495 1318 Ninguna
518 1275 624 1305 cosa
645 1275 718 1306 me
740 1275 927 1318 patesce
949 1275 1022 1304 me
1044 1262 1105 1304 ha
1127 1259 1377 1305 succedido
1401 1266 1478 1303 tan
1500 1259 1624 1303 bien.
1658 1260 1798 1315 Estoy
1825 1273 1914 1302 con

274 1339 316 1382 la
338 1338 485 1396 gratia
506 1338 580 1383 del
603 1338 750 1383 Sefior
772 1337 1046 1383 indiserente
1075 1342 1101 1382 3
1128 1338 1171 1382 13
1198 1336 1474 1390 obedientia,
1507 1351 1615 1394 pero
1644 1351 1752 1392 muy
1782 1335 1916 1378 incli-

272 1416 391 1459 nado
413 1419 439 1459 3
459 1423 574 1459 esto.
608 1416 664 1460 V.
705 1417 758 1459 P.
791 1419 899 1460 vera
926 1415 971 1458 10
1001 1429 1090 1471 que
1118 1418 1219 1460 sera
1246 1414 1405 1479 rnejor,
1435 1429 1466 1471 y
1494 1428 1576 1471 por
1597 1412 1815 1456 charidad
1844 1426 1917 1456 me

270 1492 419 1537 scriua
443 1493 501 1537 de
522 1499 544 1520 ⁸
572 1507 709 1536 mano
728 1493 863 1536 sobre
881 1493 984 1545 ello,
1005 1506 1119 1549 pues
1151 1493 1242 1548 hay
1274 1491 1443 1548 tiempo
1467 1492 1525 1536 de
1557 1498 1697 1535 tratar
1729 1491 1849 1535 dello
1874 1490 1912 1542 ι’;

271 1571 418 1629 [pues]
440 1585 530 1626 que
547 1569 638 1630 [no]
655 1585 704 1615 se
721 1584 825 1614 eree
847 1584 936 1626 que
953 1585 1002 1615 36
1018 1570 1167 1627 pueda
1183 1576 1336 1614 entrar
1361 1584 1421 1614 en
1436 1569 1630 1613 Francia
1647 1575 1725 1612 tan
1741 1574 1911 1625 presto.

358 1649 603 1704 Inscriptio
624 1663 654 1691 a
676 1651 821 1705 tergo,
845 1647 1031 1691 Natalis
1059 1661 1219 1690 manu:
1249 1646 1279 1705 †
1309 1646 1435 1691 Patri
1463 1653 1638 1690 nostro.
1666 1645 1778 1691 Soli.
1803 1645 1913 1688 Alia

269 1739 430 1768 manu:
451 1740 497 1782 p.

1048 1820 1160 1860 au

715 1895 768 1949 Ρ.
806 1905 1222 1950 HIERONYMUS
1252 1905 1474 1949 NADAL

594 1987 839 2026 SANCTO
878 1986 1236 2025 FRANCISCO
1274 1988 1351 2024 DE
1388 1986 1583 2034 BORJA

742 2061 1029 2095 ANTVERPME,
1049 2061 1094 2098 25
1111 2061 1262 2089 mru
1286 2053 1376 2098 1568
1398 2055 1428 2089 ¹.

280 2138 315 2165 Ι.
337 2128 431 2166 Duo
445 2132 667 2167 sacerdotes
684 2131 848 2178 hispani
865 2132 1144 2177 expectantur:
1167 2130 1310 2166 domus
1331 2141 1358 2166 a
1380 2130 1499 2166 sociis
1524 2129 1748 2165 habitanda
1773 2128 1919 2174 quaeri

306 2191 477 2225 tur.—2.
497 2190 558 2226 De
575 2191 744 2238 collegio
761 2190 1055 2234 duacensi.—3.
1074 2189 1136 2225 De
1155 2189 1288 2226 libello
1304 2201 1331 2225 a
1350 2189 1567 2226 Benedicto
1586 2187 1741 2234 Morejo
1758 2188 1878 2223 edito.

362 2279 400 2310 1.
459 2269 593 2325 Jhus.
618 2268 762 2312 Molto
783 2269 899 2311 Rdo.
922 2269 974 2311 Ρ.
996 2269 1055 2311 Ν.
1076 2267 1123 2310 in
1141 2267 1351 2312 Christo.
1375 2270 1472 2312 Pax
1490 2266 1678 2319 Christi,
1700 2273 1790 2310 etc.
1811 2266 1916 2312 Non

266 2343 328 2386 ho
349 2345 543 2388 hauutta
563 2345 724 2390 lettera
745 2345 864 2389 della
887 2347 940 2389 P.
967 2346 1024 2389 V.
1051 2345 1172 2402 dopo
1193 2345 1343 2402 quella
1365 2346 1439 2389 del
1467 2344 1720 2402 penultimo
1751 2342 1796 2386 di
1825 2343 1861 2386 F
1865 2357 1915 2387 e—

267 2420 416 2475 braro,
442 2422 530 2465 alla
551 2422 685 2479 quale
707 2422 859 2467 alcuni
876 2421 1025 2480 giomi
1048 2423 1092 2466 fa
1110 2421 1269 2480 risposi
1286 2424 1320 2467 ².
1341 2423 1517 2469 Stiamo
1534 2421 1641 2465 tutti
1659 2436 1748 2465 con
1765 2420 1912 2477 grand

267 2497 492 2542 desiderio
513 2499 787 2556 aspettando
808 2498 839 2542 li
861 2498 938 2542 doi
962 2498 1098 2543 Padri
1120 2499 1364 2557 spagnuoli
1381 2501 1414 2543 ³.
1440 2498 1574 2545 Staro
1595 2498 1652 2542 ad
1679 2495 1910 2554 aspettarli

337 2654 358 2675 a
396 2648 509 2694 Quae
526 2653 744 2696 sequuntur
757 2647 914 2696 scripsit
927 2648 978 2684 N.
994 2647 1034 2684 in
1053 2659 1191 2694 marg„
1209 2659 1257 2684 eo
1269 2648 1374 2696 quod
1391 2649 1500 2685 locus
1519 2648 1559 2684 in
1578 2648 1655 2683 ima
1673 2651 1783 2694 parte
1800 2646 1909 2694 pagi·

262 2717 338 2742 nae
359 2718 438 2743 non
462 2709 784 2755 suppetebat.-b
811 2707 998 2756 Sequitur
1022 2719 1142 2744 unum
1174 2708 1285 2745 verb.
1311 2708 1564 2745 obliteratum
1594 2712 1635 2743 et
1664 2707 1795 2743 littera
1823 2704 1909 2742 fere

259 2764 404 2801 deleta.
425 2766 597 2803 Aliunde
615 2779 756 2804 sensus
774 2766 999 2804 desiderare
1018 2766 1175 2804 videtur
1191 2767 1269 2803 duo
1287 2769 1409 2804 verba
1426 2780 1448 2804 a
1466 2767 1580 2804 nobis
1597 2766 1742 2802 addita.

329 2891 340 2912 ¹
391 2892 451 2927 Ex
478 2893 708 2941 archetypo,
738 2904 760 2929 a
790 2892 970 2939 Jimenez
999 2897 1174 2940 exarato,
1204 2897 1244 2928 et
1274 2892 1426 2929 Natalis
1457 2904 1573 2928 manu
1603 2891 1839 2939 subscripto,
1866 2891 1906 2928 in

259 2950 389 2997 Epist.
408 2950 566 2996 Natat„
585 2952 638 2999 11,
655 2951 803 3000 duplici
821 2951 906 2996 fol„
928 2960 995 2998 199
1012 2951 1134 2997 (406).

332 3012 346 3032 2
396 3010 482 3046 Nec
498 3011 666 3058 Borgiae
684 3011 865 3059 epistola,
883 3022 957 3047 nec
983 3010 1134 3048 Natalis
1157 3011 1374 3059 responsio,
1399 3012 1463 3048 hic
1486 3015 1829 3054 commemoratae,
1855 3010 1904 3046 ad

263 3080 336 3105 nos
354 3076 641 3117 pervenerunt.

336 3129 351 3150 ³
400 3129 477 3165 ΡΡ.
497 3129 671 3166 Didacus
685 3129 736 3166 de
755 3130 902 3166 Acosta
920 3134 960 3166 et
978 3130 1151 3176 Joannes
1170 3130 1318 3176 Javier.
1338 3130 1440 3167 Vide
1458 3130 1573 3178 epist.
1594 3138 1680 3176 505.
