2228 3548
391 299 460 335 822
969 296 1108 332 EPIST.
1135 294 1180 330 Ρ.
1208 294 1360 331 NADAL

342 399 586 456 legiorum.
611 397 757 465 Igitur
778 413 803 441 a
825 395 1108 440 tenuioribus
1128 395 1361 452 principiis
1383 410 1477 440 rem
1498 395 1758 442 ordiendam
1782 403 1911 454 puto,
1930 405 1983 444 et

344 472 616 515 progressus
636 457 732 514 ipse
754 455 926 512 negotii
949 454 1226 523 admonebit,
1246 469 1338 511 quo
1359 462 1491 512 pacto
1512 455 1728 513 paulatim
1749 457 1807 500 ad
1826 458 1980 514 perfe-

345 517 488 561 ctiora
503 516 636 561 liceat
656 515 906 573 pervenire.
929 516 1063 569 Sunt,
1080 514 1157 571 qui
1174 515 1232 558 ob
1250 514 1507 559 tarditatem
1524 515 1776 560 calcaribus
1791 524 1974 583 egeant,

343 575 550 619 nonnulli
572 577 674 632 plus
695 574 943 619 voluntatis
970 588 1106 630 quam
1134 574 1362 618 facultatis
1388 575 1621 629 adferunt,
1646 582 1743 619 tum
1771 574 1869 620 aliis
1890 575 1983 620 alia

342 636 533 680 dessunt
573 637 663 678 huc
700 634 974 691 spectantia,
1017 641 1066 678 ut
1101 633 1320 687 inventio,
1361 634 1573 688 elocutio,
1611 609 1846 692 dispositio
1887 635 1975 679 lin-

341 709 461 751 guae
482 701 570 739 etc.
591 695 763 738 Verum
786 708 880 737 non
902 693 1151 738 diffiderem
1170 694 1350 737 Patrem
1367 693 1680 750 provintialem
1702 709 1729 738 a
1745 695 1797 738 Ρ.
1819 695 1872 738 Τ.
1894 706 1982 740 ex-

342 754 530 798 citatum
552 753 750 797 rationes
770 754 1033 796 commodas
1050 753 1255 798 invenire
1270 767 1420 810 posse,
1440 753 1605 810 quibus
1622 753 1771 810 pauci,
1791 760 1842 797 ut
1863 753 1979 808 dixi,

342 827 397 856 ea
419 812 772 867 conscriberent,
794 827 911 869 quae
928 826 1032 855 cum
1050 813 1184 856 laude
1200 812 1247 855 in
1263 812 1494 868 publicum
1512 814 1853 869 evulgarentur.
1872 815 1984 870 Qua

344 873 391 915 in
414 888 462 917 re
484 871 523 915 si
544 879 590 916 et
612 878 832 928 quantum
856 873 909 917 P.
934 871 1085 916 Natali
1107 871 1166 915 sit
1187 872 1500 926 deferendum,
1525 873 1579 918 P.
1604 874 1658 916 T.
1678 872 1979 928 judicandum

345 946 434 988 ego
461 931 729 988 relinquam.
755 932 892 976 Certe
914 931 1034 974 illius
1055 931 1281 987 judicium
1309 932 1601 988 magnifacio,
1626 933 1707 976 sed
1728 932 1987 976 consultius

346 992 442 1034 fore
478 991 612 1045 duco,
644 999 694 1035 ut
729 1006 786 1035 ex
814 991 1087 1036 authoritate
1116 991 1264 1035 Patris
1294 991 1584 1048 provincialis
1615 991 1758 1035 nostri
1785 1007 1858 1036 res
1887 998 1986 1036 tota

344 1051 557 1118 pendeat,
583 1050 660 1106 qui
682 1066 762 1107 per
783 1065 831 1094 se
853 1065 1052 1107 suosque
1074 1050 1353 1095 consiliarios
1375 1058 1421 1094 et
1442 1051 1716 1107 deputatos
1704 1066 1751 1094 1n
1773 1052 1860 1095 hac
1876 1065 1981 1118 pro

345 1109 489 1153 vintia
515 1124 729 1155 censores
757 1110 973 1154 librorum
1002 1110 1133 1154 facile
1155 1110 1402 1167 judicabit,
1434 1110 1600 1166 quibus
1630 1110 1778 1154 modis
1807 1125 1879 1155 res
1909 1109 1985 1154 in-

346 1169 501 1214 choari
523 1177 569 1214 et
590 1169 778 1226 provehi
801 1169 1083 1213 commodius
1105 1177 1242 1226 queat
1265 1171 1323 1213 ad
1344 1170 1562 1214 ecclesiae
1587 1169 1844 1215 utilitatem.

1057 1320 1275 1363 LXXXV

697 1413 750 1449 P.
786 1413 1154 1450 EVERARDUS
1197 1413 1637 1451 MERCURIANUS

857 1512 997 1541 PATRI
1023 1512 1242 1542 MATHIAE
1263 1512 1484 1543 LACKNER

819 1594 1009 1646 Romae,
1041 1604 1091 1647 17
1115 1592 1330 1637 Octobris
1358 1604 1469 1649 1574
1494 1595 1524 1638 ¹.

771 1681 834 1718 De
853 1682 965 1717 libris
982 1682 1105 1718 Patri
1122 1682 1266 1718 Natali
1276 1683 1567 1730 procurandis-

440 1767 593 1823 Jesus.
628 1765 658 1824 †
696 1766 1127 1822 M.—Quantopere
1165 1780 1325 1810 omnes
1355 1767 1576 1811 debemus
1612 1765 1735 1809 Patri
1772 1765 1995 1823 magistro

358 1824 641 1880 Hieronymo
663 1824 830 1878 Natali,
855 1826 991 1868 credo
1021 1832 1144 1868 tuam
1176 1827 1230 1868 R.
1258 1825 1427 1882 optime
1453 1825 1598 1879 scire3
1630 1832 1850 1881 quantum
1878 1839 1991 1870 uero

356 1898 449 1940 ego
471 1883 651 1939 cupiam
674 1891 724 1926 ut
745 1885 863 1926 bono
885 1884 981 1928 seni
1003 1884 1215 1927 omnibus
1237 1884 1283 1927 in
1305 1885 1442 1929 rebus
1463 1897 1775 1940 quaecumque
1791 1884 1987 1928 charita-

358 1943 418 1986 tis
440 1943 587 1986 officia
609 1943 922 1996 exhibeantur,
948 1943 1135 2000 potuisti
1162 1958 1219 1987 ex
1245 1943 1358 1988 meis
1385 1943 1566 1997 litteris,
1586 1958 1690 1987 cum
1717 1943 1792 1988 ille
1820 1945 1878 1987 ad
1905 1958 1992 1987 uos

361 2003 502 2055 uenit,
527 2002 795 2059 intelligere.
822 2003 958 2059 Quod
975 2005 1120 2046 Tuam
1143 2004 1197 2047 R.
1219 2003 1422 2048 effecisse
1438 2003 1525 2046 iam
1542 2002 1756 2060 cognoui,
1781 2011 1827 2048 et
1847 2004 1989 2048 laeta-

361 2072 436 2105 tus
464 2076 564 2105 sum
593 2075 869 2120 magnopere
898 2062 941 2104 in
973 2061 1186 2107 Domino.
1211 2063 1303 2107 Sed
1330 2077 1433 2106 cum
1462 2069 1596 2120 egeat
1624 2062 1774 2119 aliquo
1801 2077 1995 2107 numero

360 2121 607 2174 librorum,
632 2121 678 2165 in
706 2121 871 2178 quibus
899 2136 1002 2164 cum
1032 2123 1182 2165 fructu
1210 2121 1352 2178 possit
1379 2126 1527 2167 terere
1556 2129 1756 2179 tempus,
1780 2121 1915 2178 cupio
1942 2128 2000 2165 ut

363 2182 465 2224 Tua
487 2182 541 2224 R.
567 2188 614 2223 et
635 2188 714 2224 tuo
735 2187 781 2223 et
802 2195 902 2223 meo
924 2180 1105 2225 nomine
1127 2180 1261 2225 alicui
1288 2181 1560 2238 bibliopolae
1586 2181 1810 2238 spondeas
1838 2187 1884 2226 et
1912 2195 1998 2224 uas

364 2239 427 2283 sis
449 2239 688 2296 pecuniam
716 2253 799 2284 nos
829 2241 885 2282 ad
912 2255 1131 2284 summam
1161 2247 1345 2284 centum
1375 2255 1614 2284 aureorum
1642 2255 1726 2297 pro
1755 2246 1823 2283 tot
1850 2239 1990 2293 libris,

366 2312 481 2354 quos
504 2305 639 2351 emet,
664 2313 747 2343 nos
768 2305 870 2355 post
896 2299 1129 2343 biennium
1151 2299 1296 2344 eidem
1319 2299 1588 2356 bibliopolae
1610 2307 1863 2344 curaturos
1888 2300 1997 2343 Hoc

365 2369 469 2402 meo
506 2357 689 2403 nomine
717 2359 772 2403 R.
812 2358 865 2403 P.
906 2358 1188 2415 Hieronymo
1215 2359 1367 2403 Natali
1402 2358 1703 2416 significabis,
1742 2366 1788 2402 et
1824 2359 1994 2402 bonum

366 2431 538 2470 senem,
564 2425 615 2460 ut
635 2418 770 2470 soleS,
794 2418 986 2462 fouebis.
1011 2419 1082 2461 Ac
1104 2432 1176 2461 me
1204 2418 1483 2462 orationibus
1505 2426 1550 2463 et
1571 2417 1740 2462 sanctis
1761 2416 1998 2461 sacrificiis

366 2478 475 2521 Rae
498 2478 605 2521 T.⁸¹e
628 2477 911 2521 commendo,
936 2479 1121 2530 Romae,
1147 2477 1236 2533 xvij
1262 2477 1476 2522 Octobris
1504 2488 1631 2533 1574.

439 2624 450 2644 ¹
502 2625 560 2660 Ex
577 2626 766 2673 Regesto,
787 2624 881 2661 Cod.
903 2636 946 2671 33
956 2626 1015 2673 j),
1034 2625 1102 2663 fol.
1124 2634 1166 2672 17
1185 2638 1223 2662 v.
1243 2626 1288 2662 In
1307 2626 1494 2673 margine:
1514 2626 1651 2662 Padre
1668 2627 1795 2661 reitor
1813 2625 1856 2661 di
1873 2625 2001 2660 Hala.

370 2683 473 2719 Vide
492 2684 607 2731 epist.
627 2684 714 2731 560,
733 2696 772 2720 n.
792 2693 829 2729 23
847 2689 887 2720 et
905 2685 988 2731 562,
1006 2697 1045 2721 n.
1067 2695 1102 2721 2.
