2228 3548
438 275 511 302 XIV
870 263 1123 299 PROOEMIUM
1151 269 1290 298 TERTH
1315 267 1544 297 VOLUMINIS

391 368 652 413 concionari
669 368 831 419 solere,
853 372 898 411 et
915 365 1101 420 insuper
1118 361 1450 420 imperatricem
1469 361 1652 418 petiisse
1671 368 1721 405 ut
1737 362 1879 406 semel
1895 361 2032 407 etiam

392 459 619 495 matronas
653 451 783 495 aulae
806 448 960 506 regiae
983 448 1313 503 alloqueretur,
1355 447 1469 488 haec
1492 445 1709 509 addebat:
1739 446 1840 489 «Ha
1862 446 2032 502 grand'

393 534 621 579 authorita
645 547 860 590 appresso
889 533 918 574 l’
950 532 1093 574 Illmo.
1126 530 1296 586 legato,
1330 535 1376 573 et
1403 530 1535 573 Rmo.
1567 527 1745 581 nuntio,
1776 535 1823 574 et
1852 528 1960 572 tutti
1998 529 2032 572 li

391 617 593 674 prencipi
616 614 844 659 catholici.
866 612 1129 658 Confessasi
1146 627 1232 655 con
1254 611 1318 654 lui
1333 611 1511 667 publice
1533 611 1652 654 nella
1674 611 1830 657 chiesa
1852 612 2030 669 magio-

391 716 454 754 re,
480 708 523 745 et
546 700 646 743 dice
674 713 822 742 messa
846 698 1024 755 publice
1052 697 1172 740 nella
1199 695 1373 751 capella
1396 702 1551 738 nostra
1580 695 1622 738 le
1651 697 1766 739 feste
1794 703 1841 739 et
1867 696 2030 741 dome-

391 784 526 828 niche
547 784 575 825 l’
602 784 746 826 Illmo.
773 783 950 839 legato»
973 781 1061 838 (26,
1089 781 1176 836 37).
1199 779 1327 824 Alias
1344 780 1401 823 de
1418 779 1590 824 Canisii
1612 779 1861 834 laboribus,
1882 780 2032 836 deque

390 866 566 924 ingenti
591 867 742 909 fructu
765 880 822 909 ex
847 864 1009 909 iisdem
1032 864 1243 916 collecto,
1268 865 1383 908 haec
1408 862 1604 920 Borgiae
1627 862 1883 907 nuntiabat:
1913 864 2035 908 «...Il
2105 920 2107 923 ι
2168 891 2169 894 =
2219 903 2225 910 x

391 952 444 993 P.
486 948 671 993 Canisio
710 949 877 1003 hebbe,
919 955 1082 1004 questa
1111 946 1356 991 settimana
1385 955 1519 990 santa
1547 946 1887 1004 specialmente,
1918 961 2035 1004 gran

389 1047 613 1077 concorso
636 1033 755 1078 nelle
778 1047 861 1077 sue
883 1031 1117 1088 prediche,
1144 1031 1231 1076 alle
1254 1030 1374 1087 quali
1406 1031 1544 1074 etiam
1575 1045 1687 1074 sono
1716 1030 1878 1074 uenuti
1905 1043 2037 1087 pare-

390 1117 467 1160 chi
499 1115 688 1161 heretici
717 1118 934 1172 (quorum
966 1115 1105 1158 corda
1133 1116 1263 1158 Deus
1294 1114 1551 1158 benedictus
1587 1129 1673 1157 sua
1711 1113 2035 1157 misericordia

389 1201 658 1243 illuminare
680 1199 944 1257 digneturJ:
973 1198 1160 1256 giouedi
1191 1206 1238 1242 et
1266 1198 1455 1242 venerd'i
1489 1205 1622 1242 santo
1650 1198 1833 1255 predico
1860 1204 1978 1242 sette
2005 1211 2033 1241 o

391 1291 488 1327 otto
516 1286 642 1337 hore;
674 1283 934 1340 imperoche
964 1282 1151 1340 giouedi
1181 1283 1302 1339 dopo
1328 1297 1485 1326 mezzo
1512 1282 1676 1339 giorno
1704 1281 1979 1327 incomincio
2006 1296 2033 1325 a

396 1367 617 1424 predicar’
641 1367 695 1409 de
718 1368 944 1410 Passione
966 1381 1045 1423 per
1068 1366 1143 1410 doi
1165 1381 1192 1410 0
1215 1374 1283 1410 tre
1306 1367 1435 1419 hore,
1460 1372 1507 1410 et
1527 1365 1717 1410 venerdi
1742 1367 1840 1410 fece
1861 1364 1938 1409 doi
1965 1365 2033 1410 al-
2134 1423 2139 1427 μ

393 1457 460 1494 tre
483 1450 716 1507 prediche,
742 1450 1016 1507 seguitando
1038 1451 1081 1493 la
1102 1450 1265 1495 istessa
1288 1449 1474 1494 materia
1492 1465 1573 1507 per
1589 1449 1755 1506 cinque
1771 1450 1884 1493 altre
1899 1451 2027 1495 hore.

392 1535 458 1578 La
479 1534 716 1577 domenica
738 1534 843 1578 dell'
869 1534 991 1577 oliua
1010 1533 1192 1591 publico
1210 1534 1241 1577 il
1257 1533 1459 1591 giubileo
1477 1533 1792 1578 ultimamente
1810 1546 2034 1578 concesso

388 1617 506 1661 dalla
528 1617 693 1661 santita
716 1617 760 1660 di
785 1624 943 1661 nostro
965 1617 1170 1674 signore,
1195 1617 1226 1660 il
1249 1618 1383 1674 quale
1399 1619 1458 1661 ha
1474 1616 1789 1674 guadagniato
1805 1631 1920 1673 gran
1938 1629 2028 1659 nu-

390 1715 515 1745 mero
537 1701 594 1745 de
615 1700 758 1757 genti.
785 1702 821 1744 Ε
844 1707 963 1744 stata
985 1715 1091 1745 cosa
1119 1701 1166 1744 di
1194 1701 1498 1758 grandissima
1526 1699 1815 1745 edificatione
1842 1706 1888 1744 et
1914 1713 2030 1743 con-

390 1784 611 1827 solatione
632 1785 706 1829 nel
728 1784 922 1841 Signore
944 1792 1118 1839 nostro,
1144 1791 1191 1829 et
1217 1783 1485 1830 confusione
1507 1799 1533 1828 a
1555 1783 1761 1837 heretici,
1787 1765 1955 1828 uedere
1982 1783 2027 1827 la

393 1866 660 1922 frequentia,
686 1867 729 1910 la
750 1866 1002 1912 deuocione
1023 1874 1069 1911 et
1091 1866 1384 1920 emulatione,
1415 1867 1459 1910 la
1487 1880 1598 1923 pace
1625 1872 1672 1910 et
1700 1865 1871 1909 charita
1899 1865 2026 1909 chri—

391 1948 538 1993 stiana
560 1951 645 1992 che
667 1957 827 2006 questa
850 1950 1091 1996 settimana
1113 1958 1249 1995 santa
1271 1953 1308 1994 s’
1333 1951 1358 1995 ὲ
1381 1949 1501 1994 uista
1522 1951 1598 1995 nel
1618 1950 1754 1994 domo
1770 1949 1878 1993 nelli
1896 1936 2023 2005 o”ffitij

391 2031 549 2085 diuini,
575 2039 620 2076 et
643 2034 760 2078 nelle
781 2034 894 2078 altre
915 2034 1154 2079 chiese...»
1182 2035 1271 2092 (61,
1298 2034 1386 2090 62).
1419 2035 1538 2078 Cum
1569 2039 1722 2079 autem
1751 2031 2030 2089 experientia

390 2123 670 2171 compertum
693 2117 881 2161 haberet
899 2117 1111 2161 Canisius
1128 2117 1263 2162 simul
1280 2118 1366 2161 hos
1384 2117 1560 2161 fructus
1577 2123 1623 2161 et
1641 2131 1750 2161 suae
1768 2115 2030 2173 provinciae

393 2205 565 2244 rectam
588 2199 1022 2244 administrationem
1046 2200 1253 2258 impediri
1275 2200 1415 2244 sacris
1432 2215 1513 2257 per
1529 2199 1823 2245 Germaniam
1841 2198 2029 2256 expedi-

391 2281 607 2337 tionibus,
631 2282 717 2339 ipsi
739 2298 859 2326 anno
876 2284 1097 2340 superiori
1118 2283 1389 2338 commissis,
1413 2283 1597 2341 saepius
1619 2282 1714 2327 suis
1731 2281 2029 2327 moderatori-
2072 2292 2075 2295 ’

391 2366 477 2408 bus
498 2368 580 2410 has
603 2374 647 2411 et
670 2367 779 2411 alias
802 2368 1035 2424 graviores
1063 2368 1355 2414 difficultates
1385 2368 1612 2425 exposuit,
1643 2376 1695 2411 ut
1723 2369 1780 2411 ab
1808 2367 1896 2411 illis
1917 2366 2028 2411 libe·

390 2455 565 2491 raretur
586 2450 675 2507 (35,
703 2451 775 2505 36,
802 2461 875 2508 59,
905 2452 985 2494 128
1004 2452 1110 2509 etc.)
1129 2452 1328 2496 Dolebat
1344 2459 1578 2509 praeterea
1601 2458 1787 2495 sanctus
1807 2450 1893 2503 vir,
1913 2450 2026 2494 ado-

387 2531 653 2575 lescentium
690 2533 735 2575 in
774 2533 1049 2579 Societatem
1088 2535 1388 2579 admissorum
1426 2535 1759 2579 institutionem
1796 2548 1890 2577 non
1929 2540 2022 2578 tam

389 2620 603 2658 accurate
625 2614 764 2671 exigi,
791 2622 1028 2670 quantum,
1053 2624 1099 2661 et
1120 2618 1356 2675 religionis
1378 2618 1654 2672 institutum,
1680 2622 1727 2662 et
1747 2615 2023 2662 Germaniae

389 2701 550 2748 status,
571 2698 875 2752 postulabant.
895 2699 1001 2743 Ideo
1019 2708 1239 2755 quantum
1256 2701 1404 2758 potuit
1421 2700 1613 2754 curavit,
1634 2706 1686 2743 ut
1702 2699 1860 2756 optimi
1876 2699 2027 2756 magi·
2094 2700 2103 2708 ”

389 2777 472 2819 stri
494 2778 786 2833 novitiorum,
812 2794 894 2836 pro
916 2796 1026 2825 suae
1049 2783 1308 2838 provinciae
1331 2783 1556 2837 tirocinio,
1581 2785 1752 2828 Romae
1774 2784 2028 2827 formaren-

391 2866 464 2902 tur
485 2860 618 2917 (144).
646 2861 922 2907 Libertatem
941 2878 1123 2920 quoque
1152 2866 1396 2912 Societatis
1418 2874 1622 2920 strenue,
1647 2880 1752 2910 cum
1777 2868 1830 2910 P.
1856 2865 2025 2920 Natali,

389 2940 654 2998 vindicavit,
676 2945 820 2988 Eckio
838 2946 967 2989 ducis
986 2949 1203 2993 Bavariae
1219 2949 1491 2994 cancellario
1514 2956 1863 3006 repraesentans
1881 2963 2030 3005 quan-

345 3060 347 3062 ,
392 3030 487 3067 tum
510 3024 774 3083 disciplinae
796 3028 1037 3085 religiosae
1059 3040 1276 3077 nocerent
1298 3032 1548 3089 patrocinia
1576 3032 1761 3077 discolis
1787 3033 1861 3076 vel
1887 3031 2026 3076 etiam
2094 3064 2096 3066 ψ
