<?xml version="1.0" encoding="UTF-8"?>
<!DOCTYPE html PUBLIC "-//W3C//DTD XHTML 1.0 Transitional//EN"
    "http://www.w3.org/TR/xhtml1/DTD/xhtml1-transitional.dtd">
<html xmlns="http://www.w3.org/1999/xhtml" xml:lang="en" lang="en">
 <head>
  <title>
</title>
<meta http-equiv="Content-Type" content="text/html;charset=utf-8" />
  <meta name='ocr-system' content='tesseract 3.04.00' />
  <meta name='ocr-capabilities' content='ocr_page ocr_carea ocr_par ocr_line ocrx_word'/>
</head>
<body>
  <div class='ocr_page' id='page_1' title='image "./epistolaephieron03nadauoft_0044.png"; bbox 0 0 2228 3548; ppageno 0'>
   <div class='ocr_carea' id='block_1_1' title="bbox 379 300 1407 346">
    <p class='ocr_par' dir='ltr' id='par_1_1' title="bbox 379 300 1407 346">
     <span class='ocr_line' id='line_1_1' title="bbox 379 300 1407 346; baseline -0.009 -2"><span class='ocrx_word' id='word_1_1' title='bbox 379 308 402 344; x_wconf 94' lang='lat'><strong>6</strong></span> <span class='ocrx_word' id='word_1_2' title='bbox 898 305 1037 341; x_wconf 79' lang='grc' dir='ltr'>ΕΡ151.</span> <span class='ocrx_word' id='word_1_3' title='bbox 1064 303 1109 339; x_wconf 87' lang='lat' dir='ltr'><strong>P.</strong></span> <span class='ocrx_word' id='word_1_4' title='bbox 1137 300 1407 346; x_wconf 78' lang='lat' dir='ltr'><strong>NADAL—352</strong></span> 
     </span>
    </p>
   </div>
   <div class='ocr_carea' id='block_1_2' title="bbox 327 401 1977 2387">
    <p class='ocr_par' dir='ltr' id='par_1_2' title="bbox 331 401 1971 620">
     <span class='ocr_line' id='line_1_2' title="bbox 331 401 1971 459; baseline -0.005 -5"><span class='ocrx_word' id='word_1_5' title='bbox 331 411 483 455; x_wconf 90' lang='lat' dir='ltr'><strong>uendo</strong></span> <span class='ocrx_word' id='word_1_6' title='bbox 503 408 534 452; x_wconf 90' lang='grc'><strong>11</strong></span> <span class='ocrx_word' id='word_1_7' title='bbox 555 408 714 452; x_wconf 90' lang='lat' dir='ltr'><strong>dubbii</strong></span> <span class='ocrx_word' id='word_1_8' title='bbox 741 409 826 452; x_wconf 91' lang='lat' dir='ltr'><strong>che</strong></span> <span class='ocrx_word' id='word_1_9' title='bbox 847 409 1015 459; x_wconf 88' lang='lat' dir='ltr'><strong>hanno,</strong></span> <span class='ocrx_word' id='word_1_10' title='bbox 1047 402 1405 448; x_wconf 89' lang='lat' dir='ltr'><strong>etordinandoli</strong></span> <span class='ocrx_word' id='word_1_11' title='bbox 1431 402 1584 459; x_wconf 90' lang='lat' dir='ltr'><strong>quello</strong></span> <span class='ocrx_word' id='word_1_12' title='bbox 1617 404 1702 447; x_wconf 89' lang='lat' dir='ltr'><strong>che</strong></span> <span class='ocrx_word' id='word_1_13' title='bbox 1743 401 1774 445; x_wconf 92' lang='lat' dir='ltr'><strong>li</strong></span> <span class='ocrx_word' id='word_1_14' title='bbox 1809 402 1971 459; x_wconf 80' lang='lat' dir='ltr'><strong>parera</strong></span> 
     </span>
     <span class='ocr_line' id='line_1_3' title="bbox 332 477 1969 539; baseline -0.005 -9"><span class='ocrx_word' id='word_1_15' title='bbox 332 485 649 538; x_wconf 90' lang='lat' dir='ltr'><strong>conueniente,</strong></span> <span class='ocrx_word' id='word_1_16' title='bbox 674 484 705 527; x_wconf 91' lang='lat' dir='ltr'><strong>il</strong></span> <span class='ocrx_word' id='word_1_17' title='bbox 727 486 811 527; x_wconf 91' lang='lat' dir='ltr'><strong>che</strong></span> <span class='ocrx_word' id='word_1_18' title='bbox 839 481 1162 539; x_wconf 90' lang='lat' dir='ltr'><strong>specialmente</strong></span> <span class='ocrx_word' id='word_1_19' title='bbox 1182 480 1352 523; x_wconf 77' lang='lat' dir='ltr'><strong>douera</strong></span> <span class='ocrx_word' id='word_1_20' title='bbox 1374 479 1469 522; x_wconf 85' lang='lat' dir='ltr'><strong>fare</strong></span> <span class='ocrx_word' id='word_1_21' title='bbox 1496 479 1678 534; x_wconf 89' lang='lat' dir='ltr'><strong>quando</strong></span> <span class='ocrx_word' id='word_1_22' title='bbox 1706 477 1915 532; x_wconf 80' lang='lat' dir='ltr'><strong>uisitata,</strong></span> <span class='ocrx_word' id='word_1_23' title='bbox 1942 492 1969 522; x_wconf 93' lang='lat' dir='ltr'><strong>o</strong></span> 
     </span>
     <span class='ocr_line' id='line_1_4' title="bbox 333 556 1155 620; baseline -0.01 -13"><span class='ocrx_word' id='word_1_24' title='bbox 333 563 408 620; x_wconf 78' lang='lat' dir='ltr'><strong>gia</strong></span> <span class='ocrx_word' id='word_1_25' title='bbox 428 564 600 606; x_wconf 78' lang='lat' dir='ltr'><strong>hauera</strong></span> <span class='ocrx_word' id='word_1_26' title='bbox 620 560 790 605; x_wconf 85' lang='lat' dir='ltr'><strong>uisitati</strong></span> <span class='ocrx_word' id='word_1_27' title='bbox 811 558 961 603; x_wconf 89' lang='lat' dir='ltr'><strong>alcuni</strong></span> <span class='ocrx_word' id='word_1_28' title='bbox 982 556 1155 614; x_wconf 88' lang='lat' dir='ltr'><strong>luoghi.</strong></span> 
     </span>
    </p>

    <p class='ocr_par' dir='ltr' id='par_1_3' title="bbox 327 631 1968 926">
     <span class='ocr_line' id='line_1_5' title="bbox 421 631 1965 689; baseline -0.005 -7"><span class='ocrx_word' id='word_1_29' title='bbox 421 651 462 682; x_wconf 87' lang='lat'><strong>2.</strong></span> <span class='ocrx_word' id='word_1_30' title='bbox 528 639 712 683; x_wconf 79' lang='lat' dir='ltr'><strong>Hauera</strong></span> <span class='ocrx_word' id='word_1_31' title='bbox 735 651 860 689; x_wconf 88' lang='lat' dir='ltr'><strong>cura,</strong></span> <span class='ocrx_word' id='word_1_32' title='bbox 879 636 996 678; x_wconf 79' lang='lat' dir='ltr'><strong>oltra</strong></span> <span class='ocrx_word' id='word_1_33' title='bbox 1018 635 1076 679; x_wconf 92' lang='lat' dir='ltr'><strong>de</strong></span> <span class='ocrx_word' id='word_1_34' title='bbox 1095 633 1315 678; x_wconf 88' lang='lat' dir='ltr'><strong>risoluere</strong></span> <span class='ocrx_word' id='word_1_35' title='bbox 1335 632 1366 676; x_wconf 93' lang='lat' dir='ltr'><strong>il</strong></span> <span class='ocrx_word' id='word_1_36' title='bbox 1387 631 1573 689; x_wconf 85' lang='lat' dir='ltr'><strong>negotio</strong></span> <span class='ocrx_word' id='word_1_37' title='bbox 1593 632 1707 675; x_wconf 81' lang='lat' dir='ltr'><strong>detto</strong></span> <span class='ocrx_word' id='word_1_38' title='bbox 1723 633 1840 677; x_wconf 89' lang='lat' dir='ltr'><strong>delle</strong></span> <span class='ocrx_word' id='word_1_39' title='bbox 1856 632 1965 676; x_wconf 90' lang='lat' dir='ltr'><strong>mis-</strong></span> 
     </span>
     <span class='ocr_line' id='line_1_6' title="bbox 332 710 1966 769; baseline -0.003 -10"><span class='ocrx_word' id='word_1_40' title='bbox 332 715 469 769; x_wconf 85' lang='lat' dir='ltr'>sioni,</span> <span class='ocrx_word' id='word_1_41' title='bbox 499 714 634 758; x_wconf 90' lang='lat' dir='ltr'><strong>etiam</strong></span> <span class='ocrx_word' id='word_1_42' title='bbox 666 714 783 759; x_wconf 88' lang='lat' dir='ltr'><strong>della</strong></span> <span class='ocrx_word' id='word_1_43' title='bbox 814 711 1099 758; x_wconf 88' lang='lat' dir='ltr'><strong>essecutione</strong></span> <span class='ocrx_word' id='word_1_44' title='bbox 1122 710 1172 754; x_wconf 93' lang='lat' dir='ltr'><strong>di</strong></span> <span class='ocrx_word' id='word_1_45' title='bbox 1203 710 1373 767; x_wconf 88' lang='lat' dir='ltr'><strong>quelle,</strong></span> <span class='ocrx_word' id='word_1_46' title='bbox 1398 710 1581 766; x_wconf 90' lang='lat' dir='ltr'><strong>quando</strong></span> <span class='ocrx_word' id='word_1_47' title='bbox 1611 711 1781 755; x_wconf 81' lang='lat' dir='ltr'><strong>hauera</strong></span> <span class='ocrx_word' id='word_1_48' title='bbox 1809 710 1966 754; x_wconf 89' lang='lat' dir='ltr'><strong>scritto</strong></span> 
     </span>
     <span class='ocr_line' id='line_1_7' title="bbox 335 787 1968 849; baseline -0.004 -14"><span class='ocrx_word' id='word_1_49' title='bbox 335 807 423 849; x_wconf 87' lang='lat' dir='ltr'><strong>qua</strong></span> <span class='ocrx_word' id='word_1_50' title='bbox 451 799 496 837; x_wconf 89' lang='lat' dir='ltr'><strong>et</strong></span> <span class='ocrx_word' id='word_1_51' title='bbox 524 793 695 835; x_wconf 87' lang='lat' dir='ltr'><strong>hauuto</strong></span> <span class='ocrx_word' id='word_1_52' title='bbox 724 790 931 847; x_wconf 90' lang='lat' dir='ltr'><strong>risposta.</strong></span> <span class='ocrx_word' id='word_1_53' title='bbox 965 790 1022 832; x_wconf 83' lang='lat' dir='ltr'><strong>In</strong></span> <span class='ocrx_word' id='word_1_54' title='bbox 1051 792 1202 845; x_wconf 83' lang='lat' dir='ltr'><strong>questo</strong></span> <span class='ocrx_word' id='word_1_55' title='bbox 1231 802 1353 831; x_wconf 82' lang='lat' dir='ltr'><strong>mezo</strong></span> <span class='ocrx_word' id='word_1_56' title='bbox 1372 788 1480 846; x_wconf 89' lang='lat' dir='ltr'><strong>faci</strong></span> <span class='ocrx_word' id='word_1_57' title='bbox 1493 787 1587 846; x_wconf 81' lang='lat' dir='ltr'><strong>far</strong></span> <span class='ocrx_word' id='word_1_58' title='bbox 1607 787 1825 841; x_wconf 78' lang='lat' dir='ltr'><strong>oratione,</strong></span> <span class='ocrx_word' id='word_1_59' title='bbox 1853 787 1968 830; x_wconf 79' lang='lat' dir='ltr'><strong>nelle</strong></span> 
     </span>
     <span class='ocr_line' id='line_1_8' title="bbox 327 865 1903 926; baseline -0.003 -14"><span class='ocrx_word' id='word_1_60' title='bbox 327 869 598 926; x_wconf 80' lang='lat' dir='ltr'><strong>prouinciae</strong></span> <span class='ocrx_word' id='word_1_61' title='bbox 619 868 672 911; x_wconf 88' lang='lat' dir='ltr'><strong>de</strong></span> <span class='ocrx_word' id='word_1_62' title='bbox 699 868 969 923; x_wconf 82' lang='lat' dir='ltr'><em>Germania,</em></span> <span class='ocrx_word' id='word_1_63' title='bbox 985 872 1072 923; x_wconf 78' lang='lat' dir='ltr'><strong>per</strong></span> <span class='ocrx_word' id='word_1_64' title='bbox 1095 867 1139 909; x_wconf 91' lang='lat' dir='ltr'><strong>la</strong></span> <span class='ocrx_word' id='word_1_65' title='bbox 1161 866 1284 910; x_wconf 84' lang='lat' dir='ltr'><strong>dieta</strong></span> <span class='ocrx_word' id='word_1_66' title='bbox 1310 867 1320 887; x_wconf 88' lang='lat'>¹</span> <span class='ocrx_word' id='word_1_67' title='bbox 1344 869 1385 908; x_wconf 80' lang='lat' dir='ltr'><strong>et</strong></span> <span class='ocrx_word' id='word_1_68' title='bbox 1398 870 1486 921; x_wconf 80' lang='lat' dir='ltr'><strong>per</strong></span> <span class='ocrx_word' id='word_1_69' title='bbox 1507 868 1656 921; x_wconf 81' lang='lat' dir='ltr'><strong><em>queste</em></strong></span> <span class='ocrx_word' id='word_1_70' title='bbox 1677 865 1903 908; x_wconf 85' lang='lat' dir='ltr'><em>missioni.</em></span> 
     </span>
    </p>

    <p class='ocr_par' dir='ltr' id='par_1_4' title="bbox 337 941 1973 1697">
     <span class='ocr_line' id='line_1_9' title="bbox 425 941 1971 1001; baseline -0.001 -12"><span class='ocrx_word' id='word_1_71' title='bbox 425 960 466 1001; x_wconf 87' lang='lat'><strong>3.</strong></span> <span class='ocrx_word' id='word_1_72' title='bbox 532 944 714 989; x_wconf 89' lang='lat' dir='ltr'><strong>Habbia</strong></span> <span class='ocrx_word' id='word_1_73' title='bbox 735 959 845 989; x_wconf 90' lang='lat' dir='ltr'><strong>cura</strong></span> <span class='ocrx_word' id='word_1_74' title='bbox 865 945 983 989; x_wconf 92' lang='lat' dir='ltr'><strong>delle</strong></span> <span class='ocrx_word' id='word_1_75' title='bbox 1004 958 1107 988; x_wconf 88' lang='lat' dir='ltr'><strong>case</strong></span> <span class='ocrx_word' id='word_1_76' title='bbox 1128 943 1175 986; x_wconf 92' lang='lat' dir='ltr'><strong>di</strong></span> <span class='ocrx_word' id='word_1_77' title='bbox 1197 942 1476 1000; x_wconf 84' lang='lat' dir='ltr'>probatione,</span> <span class='ocrx_word' id='word_1_78' title='bbox 1498 941 1819 999; x_wconf 85' lang='lat' dir='ltr'><strong>specialmente</strong></span> <span class='ocrx_word' id='word_1_79' title='bbox 1839 942 1886 986; x_wconf 91' lang='lat' dir='ltr'><strong>in</strong></span> <span class='ocrx_word' id='word_1_80' title='bbox 1903 950 1971 987; x_wconf 88' lang='lat' dir='ltr'><strong>tre</strong></span> 
     </span>
     <span class='ocr_line' id='line_1_10' title="bbox 337 1019 1967 1077; baseline -0.002 -10"><span class='ocrx_word' id='word_1_81' title='bbox 337 1037 457 1067; x_wconf 89' lang='lat' dir='ltr'><strong>cose.</strong></span> <span class='ocrx_word' id='word_1_82' title='bbox 484 1024 603 1076; x_wconf 88' lang='lat' dir='ltr'><strong>Vna,</strong></span> <span class='ocrx_word' id='word_1_83' title='bbox 628 1023 748 1067; x_wconf 92' lang='lat' dir='ltr'><strong>doue</strong></span> <span class='ocrx_word' id='word_1_84' title='bbox 769 1022 808 1065; x_wconf 88' lang='lat' dir='ltr'><strong>si</strong></span> <span class='ocrx_word' id='word_1_85' title='bbox 828 1021 1056 1065; x_wconf 88' lang='lat' dir='ltr'><strong>habbiano</strong></span> <span class='ocrx_word' id='word_1_86' title='bbox 1078 1035 1103 1064; x_wconf 92' lang='lat' dir='ltr'><strong>a</strong></span> <span class='ocrx_word' id='word_1_87' title='bbox 1124 1027 1316 1065; x_wconf 82' lang='lat' dir='ltr'><strong>mettere</strong></span> <span class='ocrx_word' id='word_1_88' title='bbox 1342 1019 1388 1062; x_wconf 93' lang='lat' dir='ltr'><strong>in</strong></span> <span class='ocrx_word' id='word_1_89' title='bbox 1417 1019 1526 1077; x_wconf 86' lang='lat' dir='ltr'><strong>ogni</strong></span> <span class='ocrx_word' id='word_1_90' title='bbox 1547 1019 1793 1076; x_wconf 89' lang='lat' dir='ltr'><strong>prouintia.</strong></span> <span class='ocrx_word' id='word_1_91' title='bbox 1819 1020 1967 1074; x_wconf 92' lang='lat' dir='ltr'><strong>Altra,</strong></span> 
     </span>
     <span class='ocr_line' id='line_1_11' title="bbox 337 1098 1972 1155; baseline -0.002 -11"><span class='ocrx_word' id='word_1_92' title='bbox 337 1100 384 1144; x_wconf 93' lang='lat' dir='ltr'><strong>in</strong></span> <span class='ocrx_word' id='word_1_93' title='bbox 399 1102 483 1144; x_wconf 90' lang='lat' dir='ltr'><strong>che</strong></span> <span class='ocrx_word' id='word_1_94' title='bbox 499 1100 634 1143; x_wconf 90' lang='lat' dir='ltr'><strong>modo</strong></span> <span class='ocrx_word' id='word_1_95' title='bbox 651 1099 689 1143; x_wconf 90' lang='lat' dir='ltr'><strong>si</strong></span> <span class='ocrx_word' id='word_1_96' title='bbox 705 1098 931 1143; x_wconf 89' lang='lat' dir='ltr'><strong>debbiano</strong></span> <span class='ocrx_word' id='word_1_97' title='bbox 948 1098 992 1141; x_wconf 91' lang='lat' dir='ltr'><strong>di</strong></span> <span class='ocrx_word' id='word_1_98' title='bbox 1010 1104 1266 1142; x_wconf 88' lang='lat' dir='ltr'><strong>sustentare</strong></span> <span class='ocrx_word' id='word_1_99' title='bbox 1283 1098 1568 1155; x_wconf 90' lang='lat' dir='ltr'><strong>(presuposto</strong></span> <span class='ocrx_word' id='word_1_100' title='bbox 1584 1098 1685 1150; x_wconf 89' lang='lat' dir='ltr'><strong>che,</strong></span> <span class='ocrx_word' id='word_1_101' title='bbox 1704 1111 1783 1154; x_wconf 90' lang='lat' dir='ltr'><strong>per</strong></span> <span class='ocrx_word' id='word_1_102' title='bbox 1800 1104 1972 1152; x_wconf 91' lang='lat' dir='ltr'><strong>quanto</strong></span> 
     </span>
     <span class='ocr_line' id='line_1_12' title="bbox 338 1173 1967 1232; baseline -0.001 -11"><span class='ocrx_word' id='word_1_103' title='bbox 338 1178 375 1221; x_wconf 92' lang='lat' dir='ltr'><strong>si</strong></span> <span class='ocrx_word' id='word_1_104' title='bbox 391 1177 642 1222; x_wconf 87' lang='lat' dir='ltr'><strong>estendono</strong></span> <span class='ocrx_word' id='word_1_105' title='bbox 657 1177 700 1220; x_wconf 92' lang='grc'><strong>16</strong></span> <span class='ocrx_word' id='word_1_106' title='bbox 717 1177 842 1220; x_wconf 88' lang='lat' dir='ltr'><strong>forze</strong></span> <span class='ocrx_word' id='word_1_107' title='bbox 858 1176 930 1220; x_wconf 91' lang='lat' dir='ltr'><strong>del</strong></span> <span class='ocrx_word' id='word_1_108' title='bbox 952 1175 1161 1232; x_wconf 88' lang='lat' dir='ltr'><strong>collegio,</strong></span> <span class='ocrx_word' id='word_1_109' title='bbox 1179 1175 1298 1218; x_wconf 91' lang='lat' dir='ltr'><strong>doue</strong></span> <span class='ocrx_word' id='word_1_110' title='bbox 1314 1176 1415 1219; x_wconf 78' lang='lat' dir='ltr'><strong>sara</strong></span> <span class='ocrx_word' id='word_1_111' title='bbox 1430 1175 1474 1218; x_wconf 96' lang='grc'><strong>16</strong></span> <span class='ocrx_word' id='word_1_112' title='bbox 1491 1188 1596 1218; x_wconf 90' lang='grc'>6656</span> <span class='ocrx_word' id='word_1_113' title='bbox 1617 1174 1663 1217; x_wconf 82' lang='grc'><strong>(11</strong></span> <span class='ocrx_word' id='word_1_114' title='bbox 1685 1173 1967 1231; x_wconf 85' lang='lat' dir='ltr'><strong>probatione,</strong></span> 
     </span>
     <span class='ocr_line' id='line_1_13' title="bbox 339 1251 1968 1312; baseline -0.003 -13"><span class='ocrx_word' id='word_1_115' title='bbox 339 1255 570 1312; x_wconf 89' lang='lat' dir='ltr'><strong>spendano</strong></span> <span class='ocrx_word' id='word_1_116' title='bbox 590 1254 664 1299; x_wconf 91' lang='lat' dir='ltr'><strong>del</strong></span> <span class='ocrx_word' id='word_1_117' title='bbox 685 1267 785 1307; x_wconf 87' lang='lat' dir='ltr'><strong>suo;</strong></span> <span class='ocrx_word' id='word_1_118' title='bbox 810 1268 890 1310; x_wconf 88' lang='lat' dir='ltr'><strong>per</strong></span> <span class='ocrx_word' id='word_1_119' title='bbox 910 1253 1060 1308; x_wconf 90' lang='lat' dir='ltr'><strong>quello</strong></span> <span class='ocrx_word' id='word_1_120' title='bbox 1080 1254 1166 1297; x_wconf 92' lang='lat' dir='ltr'><strong>che</strong></span> <span class='ocrx_word' id='word_1_121' title='bbox 1195 1254 1421 1305; x_wconf 81' lang='grc'>1116116616,</span> <span class='ocrx_word' id='word_1_122' title='bbox 1446 1251 1484 1295; x_wconf 94' lang='grc'><strong>51</strong></span> <span class='ocrx_word' id='word_1_123' title='bbox 1506 1252 1622 1296; x_wconf 88' lang='lat' dir='ltr'><strong>deue</strong></span> <span class='ocrx_word' id='word_1_124' title='bbox 1644 1253 1713 1295; x_wconf 88' lang='lat' dir='ltr'><strong>far</strong></span> <span class='ocrx_word' id='word_1_125' title='bbox 1734 1251 1968 1295; x_wconf 90' lang='lat' dir='ltr'><strong>contribu-</strong></span> 
     </span>
     <span class='ocr_line' id='line_1_14' title="bbox 339 1326 1970 1387; baseline -0.001 -12"><span class='ocrx_word' id='word_1_126' title='bbox 339 1331 461 1375; x_wconf 90' lang='lat' dir='ltr'><strong>tione</strong></span> <span class='ocrx_word' id='word_1_127' title='bbox 477 1331 583 1375; x_wconf 81' lang='lat' dir='ltr'><strong>dani</strong></span> <span class='ocrx_word' id='word_1_128' title='bbox 599 1330 699 1375; x_wconf 89' lang='lat' dir='ltr'><strong>altri</strong></span> <span class='ocrx_word' id='word_1_129' title='bbox 714 1329 874 1387; x_wconf 88' lang='lat' dir='ltr'><strong>luoghi</strong></span> <span class='ocrx_word' id='word_1_130' title='bbox 890 1330 1006 1374; x_wconf 89' lang='lat' dir='ltr'><strong>della</strong></span> <span class='ocrx_word' id='word_1_131' title='bbox 1022 1329 1271 1387; x_wconf 90' lang='lat' dir='ltr'><strong>prouincia,</strong></span> <span class='ocrx_word' id='word_1_132' title='bbox 1290 1343 1375 1373; x_wconf 92' lang='lat' dir='ltr'><strong>con</strong></span> <span class='ocrx_word' id='word_1_133' title='bbox 1393 1328 1682 1386; x_wconf 90' lang='lat' dir='ltr'><strong>proportione</strong></span> <span class='ocrx_word' id='word_1_134' title='bbox 1698 1328 1881 1386; x_wconf 88' lang='lat' dir='ltr'><strong>debita).</strong></span> <span class='ocrx_word' id='word_1_135' title='bbox 1905 1326 1970 1373; x_wconf 89' lang='lat' dir='ltr'><strong>La</strong></span> 
     </span>
     <span class='ocr_line' id='line_1_15' title="bbox 341 1405 1972 1463; baseline -0.002 -11"><span class='ocrx_word' id='word_1_136' title='bbox 341 1415 486 1461; x_wconf 90' lang='lat' dir='ltr'><strong>terza,</strong></span> <span class='ocrx_word' id='word_1_137' title='bbox 517 1410 601 1452; x_wconf 89' lang='lat' dir='ltr'><strong>che</strong></span> <span class='ocrx_word' id='word_1_138' title='bbox 632 1408 671 1452; x_wconf 91' lang='lat' dir='ltr'><strong>si</strong></span> <span class='ocrx_word' id='word_1_139' title='bbox 703 1407 944 1451; x_wconf 89' lang='lat' dir='ltr'><strong>introduca</strong></span> <span class='ocrx_word' id='word_1_140' title='bbox 974 1406 1005 1450; x_wconf 89' lang='lat' dir='ltr'><strong>il</strong></span> <span class='ocrx_word' id='word_1_141' title='bbox 1041 1407 1176 1450; x_wconf 91' lang='lat' dir='ltr'><strong>modo</strong></span> <span class='ocrx_word' id='word_1_142' title='bbox 1211 1407 1328 1452; x_wconf 89' lang='lat' dir='ltr'><strong>della</strong></span> <span class='ocrx_word' id='word_1_143' title='bbox 1358 1405 1623 1463; x_wconf 85' lang='lat' dir='ltr'><strong>probatione</strong></span> <span class='ocrx_word' id='word_1_144' title='bbox 1653 1405 1699 1449; x_wconf 93' lang='lat' dir='ltr'><strong>di</strong></span> <span class='ocrx_word' id='word_1_145' title='bbox 1728 1407 1892 1459; x_wconf 91' lang='lat' dir='ltr'><strong>Roma,</strong></span> <span class='ocrx_word' id='word_1_146' title='bbox 1925 1406 1972 1449; x_wconf 92' lang='lat' dir='ltr'><strong>in</strong></span> 
     </span>
     <span class='ocr_line' id='line_1_16' title="bbox 342 1482 1973 1542; baseline -0.002 -13"><span class='ocrx_word' id='word_1_147' title='bbox 342 1492 512 1542; x_wconf 88' lang='lat' dir='ltr'><strong>quanto</strong></span> <span class='ocrx_word' id='word_1_148' title='bbox 533 1485 571 1528; x_wconf 89' lang='lat' dir='ltr'><strong>si</strong></span> <span class='ocrx_word' id='word_1_149' title='bbox 592 1486 720 1542; x_wconf 81' lang='lat' dir='ltr'><strong>potra</strong></span> <span class='ocrx_word' id='word_1_150' title='bbox 741 1486 1046 1529; x_wconf 89' lang='lat' dir='ltr'><strong>buonamente</strong></span> <span class='ocrx_word' id='word_1_151' title='bbox 1062 1518 1072 1538; x_wconf 94' lang='lat'>,</span> <span class='ocrx_word' id='word_1_152' title='bbox 1097 1483 1144 1527; x_wconf 93' lang='lat' dir='ltr'><strong>in</strong></span> <span class='ocrx_word' id='word_1_153' title='bbox 1177 1484 1325 1540; x_wconf 90' lang='lat' dir='ltr'><strong>quelle</strong></span> <span class='ocrx_word' id='word_1_154' title='bbox 1353 1482 1544 1541; x_wconf 86' lang='lat' dir='ltr'><strong>regioni.</strong></span> <span class='ocrx_word' id='word_1_155' title='bbox 1575 1483 1709 1527; x_wconf 81' lang='lat' dir='ltr'><strong>Oltra</strong></span> <span class='ocrx_word' id='word_1_156' title='bbox 1730 1487 1899 1540; x_wconf 79' lang='lat' dir='ltr'><strong>queste,</strong></span> <span class='ocrx_word' id='word_1_157' title='bbox 1923 1484 1973 1527; x_wconf 88' lang='lat' dir='ltr'><strong>in</strong></span> 
     </span>
     <span class='ocr_line' id='line_1_17' title="bbox 340 1561 1973 1620; baseline -0.001 -15"><span class='ocrx_word' id='word_1_158' title='bbox 340 1563 454 1620; x_wconf 82' lang='lat' dir='ltr'><strong>ogni</strong></span> <span class='ocrx_word' id='word_1_159' title='bbox 470 1563 653 1619; x_wconf 84' lang='lat' dir='ltr'><strong>collegio</strong></span> <span class='ocrx_word' id='word_1_160' title='bbox 673 1562 785 1605; x_wconf 84' lang='lat' dir='ltr'><strong>doue</strong></span> <span class='ocrx_word' id='word_1_161' title='bbox 805 1576 914 1604; x_wconf 84' lang='lat' dir='ltr'><strong>sono</strong></span> <span class='ocrx_word' id='word_1_162' title='bbox 935 1562 1100 1604; x_wconf 80' lang='lat' dir='ltr'><strong>nouitii</strong></span> <span class='ocrx_word' id='word_1_163' title='bbox 1121 1561 1294 1615; x_wconf 84' lang='lat' dir='ltr'><strong>alcuni,</strong></span> <span class='ocrx_word' id='word_1_164' title='bbox 1317 1561 1531 1604; x_wconf 83' lang='lat' dir='ltr'><strong>conuiene</strong></span> <span class='ocrx_word' id='word_1_165' title='bbox 1563 1564 1689 1604; x_wconf 82' lang='lat' dir='ltr'><strong>tener</strong></span> <span class='ocrx_word' id='word_1_166' title='bbox 1720 1561 1812 1604; x_wconf 85' lang='lat' dir='ltr'><strong>loco</strong></span> <span class='ocrx_word' id='word_1_167' title='bbox 1842 1566 1973 1617; x_wconf 82' lang='lat' dir='ltr'><strong>sepa-</strong></span> 
     </span>
     <span class='ocr_line' id='line_1_18' title="bbox 341 1638 1593 1697; baseline 0 -15"><span class='ocrx_word' id='word_1_168' title='bbox 341 1643 441 1682; x_wconf 82' lang='lat' dir='ltr'><strong>rato</strong></span> <span class='ocrx_word' id='word_1_169' title='bbox 455 1644 542 1696; x_wconf 81' lang='lat' dir='ltr'><strong>per</strong></span> <span class='ocrx_word' id='word_1_170' title='bbox 564 1639 659 1682; x_wconf 79' lang='lat' dir='ltr'><strong>loro</strong></span> <span class='ocrx_word' id='word_1_171' title='bbox 674 1643 715 1682; x_wconf 81' lang='lat' dir='ltr'><strong>et</strong></span> <span class='ocrx_word' id='word_1_172' title='bbox 734 1653 796 1682; x_wconf 79' lang='lat' dir='ltr'><strong>vn</strong></span> <span class='ocrx_word' id='word_1_173' title='bbox 805 1639 1011 1697; x_wconf 79' lang='lat' dir='ltr'><strong>prefecto</strong></span> <span class='ocrx_word' id='word_1_174' title='bbox 1032 1638 1109 1682; x_wconf 82' lang='lat' dir='ltr'><strong>che</strong></span> <span class='ocrx_word' id='word_1_175' title='bbox 1130 1638 1291 1682; x_wconf 84' lang='lat' dir='ltr'><em>habbia</em></span> <span class='ocrx_word' id='word_1_176' title='bbox 1308 1653 1422 1681; x_wconf 82' lang='lat' dir='ltr'><strong>cura</strong></span> <span class='ocrx_word' id='word_1_177' title='bbox 1438 1638 1593 1682; x_wconf 84' lang='lat' dir='ltr'><strong>d’essi.</strong></span> 
     </span>
    </p>

    <p class='ocr_par' dir='ltr' id='par_1_5' title="bbox 339 1715 1977 2387">
     <span class='ocr_line' id='line_1_19' title="bbox 427 1715 1973 1771; baseline -0.002 -10"><span class='ocrx_word' id='word_1_178' title='bbox 427 1729 470 1771; x_wconf 88' lang='lat'><strong>4.</strong></span> <span class='ocrx_word' id='word_1_179' title='bbox 536 1716 716 1761; x_wconf 91' lang='lat' dir='ltr'><strong>Habbia</strong></span> <span class='ocrx_word' id='word_1_180' title='bbox 736 1716 870 1760; x_wconf 89' lang='lat' dir='ltr'><strong>etiam</strong></span> <span class='ocrx_word' id='word_1_181' title='bbox 893 1731 1001 1760; x_wconf 88' lang='lat' dir='ltr'><strong>cura</strong></span> <span class='ocrx_word' id='word_1_182' title='bbox 1022 1717 1140 1762; x_wconf 89' lang='lat' dir='ltr'><strong>delle</strong></span> <span class='ocrx_word' id='word_1_183' title='bbox 1160 1731 1265 1761; x_wconf 89' lang='lat' dir='ltr'><strong>case</strong></span> <span class='ocrx_word' id='word_1_184' title='bbox 1286 1715 1331 1760; x_wconf 91' lang='lat' dir='ltr'><strong>di</strong></span> <span class='ocrx_word' id='word_1_185' title='bbox 1352 1715 1612 1770; x_wconf 90' lang='lat' dir='ltr'><strong>conuittori,</strong></span> <span class='ocrx_word' id='word_1_186' title='bbox 1633 1715 1773 1768; x_wconf 83' lang='lat' dir='ltr'><strong>accio,</strong></span> <span class='ocrx_word' id='word_1_187' title='bbox 1794 1715 1913 1760; x_wconf 90' lang='lat' dir='ltr'><strong>doue</strong></span> <span class='ocrx_word' id='word_1_188' title='bbox 1935 1715 1973 1759; x_wconf 91' lang='lat' dir='ltr'><strong>si</strong></span> 
     </span>
     <span class='ocr_line' id='line_1_20' title="bbox 340 1792 1973 1850; baseline -0.001 -13"><span class='ocrx_word' id='word_1_189' title='bbox 340 1800 576 1837; x_wconf 90' lang='lat' dir='ltr'><strong>accettano</strong></span> <span class='ocrx_word' id='word_1_190' title='bbox 596 1808 677 1850; x_wconf 91' lang='lat' dir='ltr'><strong>per</strong></span> <span class='ocrx_word' id='word_1_191' title='bbox 697 1793 729 1836; x_wconf 92' lang='grc'><strong>11</strong></span> <span class='ocrx_word' id='word_1_192' title='bbox 750 1794 839 1838; x_wconf 90' lang='lat' dir='ltr'><strong>ben</strong></span> <span class='ocrx_word' id='word_1_193' title='bbox 861 1793 1132 1846; x_wconf 90' lang='lat' dir='ltr'><strong>uniuersale,</strong></span> <span class='ocrx_word' id='word_1_194' title='bbox 1152 1793 1191 1837; x_wconf 88' lang='lat' dir='ltr'><strong>si</strong></span> <span class='ocrx_word' id='word_1_195' title='bbox 1208 1792 1427 1850; x_wconf 90' lang='lat' dir='ltr'><strong>tenghino</strong></span> <span class='ocrx_word' id='word_1_196' title='bbox 1444 1806 1533 1837; x_wconf 89' lang='lat' dir='ltr'><strong>con</strong></span> <span class='ocrx_word' id='word_1_197' title='bbox 1550 1799 1719 1849; x_wconf 85' lang='lat' dir='ltr'><strong>quanto</strong></span> <span class='ocrx_word' id='word_1_198' title='bbox 1736 1792 1814 1849; x_wconf 79' lang='lat' dir='ltr'><strong>piu</strong></span> <span class='ocrx_word' id='word_1_199' title='bbox 1832 1793 1973 1836; x_wconf 85' lang='lat' dir='ltr'><strong>frutto</strong></span> 
     </span>
     <span class='ocr_line' id='line_1_21' title="bbox 339 1868 1971 1927; baseline -0.001 -13"><span class='ocrx_word' id='word_1_200' title='bbox 339 1871 436 1914; x_wconf 90' lang='lat' dir='ltr'><strong>loro</strong></span> <span class='ocrx_word' id='word_1_201' title='bbox 465 1876 511 1913; x_wconf 88' lang='lat' dir='ltr'><strong>et</strong></span> <span class='ocrx_word' id='word_1_202' title='bbox 544 1884 706 1913; x_wconf 90' lang='lat' dir='ltr'><strong>manco</strong></span> <span class='ocrx_word' id='word_1_203' title='bbox 746 1884 970 1927; x_wconf 85' lang='lat' dir='ltr'><strong>grauezza</strong></span> <span class='ocrx_word' id='word_1_204' title='bbox 1006 1870 1124 1915; x_wconf 89' lang='lat' dir='ltr'><strong>della</strong></span> <span class='ocrx_word' id='word_1_205' title='bbox 1155 1869 1438 1927; x_wconf 88' lang='lat' dir='ltr'><strong>Compagnia</strong></span> <span class='ocrx_word' id='word_1_206' title='bbox 1468 1869 1507 1913; x_wconf 92' lang='lat' dir='ltr'><strong>si</strong></span> <span class='ocrx_word' id='word_1_207' title='bbox 1545 1884 1699 1926; x_wconf 89' lang='lat' dir='ltr'><strong>possa,</strong></span> <span class='ocrx_word' id='word_1_208' title='bbox 1735 1877 1780 1915; x_wconf 92' lang='lat' dir='ltr'><strong>et</strong></span> <span class='ocrx_word' id='word_1_209' title='bbox 1813 1868 1971 1915; x_wconf 89' lang='lat' dir='ltr'><strong>uedasi</strong></span> 
     </span>
     <span class='ocr_line' id='line_1_22' title="bbox 341 1945 1971 2004; baseline -0.001 -14"><span class='ocrx_word' id='word_1_210' title='bbox 341 1945 660 2003; x_wconf 88' lang='lat' dir='ltr'><strong>specialmente</strong></span> <span class='ocrx_word' id='word_1_211' title='bbox 681 1961 731 1991; x_wconf 93' lang='lat' dir='ltr'><strong>se</strong></span> <span class='ocrx_word' id='word_1_212' title='bbox 757 1945 795 1990; x_wconf 89' lang='grc'><strong>51</strong></span> <span class='ocrx_word' id='word_1_213' title='bbox 823 1948 1042 2003; x_wconf 90' lang='lat' dir='ltr'><strong>potrebbe</strong></span> <span class='ocrx_word' id='word_1_214' title='bbox 1075 1954 1229 1991; x_wconf 90' lang='lat' dir='ltr'><strong>trouar</strong></span> <span class='ocrx_word' id='word_1_215' title='bbox 1254 1947 1391 1991; x_wconf 92' lang='lat' dir='ltr'><strong>modo</strong></span> <span class='ocrx_word' id='word_1_216' title='bbox 1419 1960 1549 1991; x_wconf 90' lang='lat' dir='ltr'><strong>come</strong></span> <span class='ocrx_word' id='word_1_217' title='bbox 1576 1961 1657 2004; x_wconf 92' lang='lat' dir='ltr'><strong>per</strong></span> <span class='ocrx_word' id='word_1_218' title='bbox 1690 1946 1821 1990; x_wconf 90' lang='lat' dir='ltr'><strong>amici</strong></span> <span class='ocrx_word' id='word_1_219' title='bbox 1851 1947 1971 1990; x_wconf 90' lang='lat' dir='ltr'><strong>fora-</strong></span> 
     </span>
     <span class='ocr_line' id='line_1_23' title="bbox 342 2022 1974 2080; baseline -0.001 -13"><span class='ocrx_word' id='word_1_220' title='bbox 342 2022 467 2068; x_wconf 89' lang='lat' dir='ltr'><strong>stieri</strong></span> <span class='ocrx_word' id='word_1_221' title='bbox 488 2022 727 2079; x_wconf 87' lang='lat' dir='ltr'><strong>sottoposti</strong></span> <span class='ocrx_word' id='word_1_222' title='bbox 748 2023 832 2067; x_wconf 89' lang='lat' dir='ltr'><strong>alla</strong></span> <span class='ocrx_word' id='word_1_223' title='bbox 855 2023 1112 2067; x_wconf 90' lang='lat' dir='ltr'><strong>uisitatione</strong></span> <span class='ocrx_word' id='word_1_224' title='bbox 1128 2030 1174 2067; x_wconf 92' lang='lat' dir='ltr'><strong>et</strong></span> <span class='ocrx_word' id='word_1_225' title='bbox 1189 2023 1430 2069; x_wconf 88' lang='lat' dir='ltr'><strong>direttione</strong></span> <span class='ocrx_word' id='word_1_226' title='bbox 1451 2024 1569 2069; x_wconf 90' lang='lat' dir='ltr'><strong>della</strong></span> <span class='ocrx_word' id='word_1_227' title='bbox 1584 2023 1868 2080; x_wconf 84' lang='lat' dir='ltr'><strong>Compagnia</strong></span> <span class='ocrx_word' id='word_1_228' title='bbox 1890 2037 1974 2080; x_wconf 93' lang='lat' dir='ltr'><strong>po—</strong></span> 
     </span>
     <span class='ocr_line' id='line_1_24' title="bbox 343 2099 1976 2158; baseline 0 -15"><span class='ocrx_word' id='word_1_229' title='bbox 343 2099 512 2145; x_wconf 89' lang='lat' dir='ltr'><strong>tessino</strong></span> <span class='ocrx_word' id='word_1_230' title='bbox 535 2099 701 2143; x_wconf 90' lang='lat' dir='ltr'><strong>tenersi</strong></span> <span class='ocrx_word' id='word_1_231' title='bbox 723 2099 860 2156; x_wconf 88' lang='lat' dir='ltr'><strong>quelli</strong></span> <span class='ocrx_word' id='word_1_232' title='bbox 881 2100 1083 2158; x_wconf 85' lang='lat' dir='ltr'><strong>collegii,</strong></span> <span class='ocrx_word' id='word_1_233' title='bbox 1109 2115 1137 2144; x_wconf 95' lang='lat' dir='ltr'><strong>o</strong></span> <span class='ocrx_word' id='word_1_234' title='bbox 1168 2103 1253 2146; x_wconf 94' lang='lat' dir='ltr'><strong>che</strong></span> <span class='ocrx_word' id='word_1_235' title='bbox 1280 2102 1461 2146; x_wconf 91' lang='lat' dir='ltr'><strong>almeno</strong></span> <span class='ocrx_word' id='word_1_236' title='bbox 1488 2101 1532 2145; x_wconf 90' lang='lat' dir='ltr'><strong>la</strong></span> <span class='ocrx_word' id='word_1_237' title='bbox 1559 2115 1669 2144; x_wconf 91' lang='lat' dir='ltr'><strong>cura</strong></span> <span class='ocrx_word' id='word_1_238' title='bbox 1696 2101 1770 2144; x_wconf 89' lang='lat' dir='ltr'><strong>del</strong></span> <span class='ocrx_word' id='word_1_239' title='bbox 1798 2107 1976 2156; x_wconf 89' lang='lat' dir='ltr'><strong>tempo-</strong></span> 
     </span>
     <span class='ocr_line' id='line_1_25' title="bbox 345 2177 1977 2236; baseline 0.001 -17"><span class='ocrx_word' id='word_1_240' title='bbox 345 2177 436 2220; x_wconf 91' lang='lat' dir='ltr'><strong>rale</strong></span> <span class='ocrx_word' id='word_1_241' title='bbox 464 2177 507 2220; x_wconf 90' lang='lat' dir='ltr'><strong>la</strong></span> <span class='ocrx_word' id='word_1_242' title='bbox 535 2177 703 2221; x_wconf 90' lang='lat' dir='ltr'><strong>tenessi</strong></span> <span class='ocrx_word' id='word_1_243' title='bbox 730 2177 865 2221; x_wconf 88' lang='lat' dir='ltr'><strong>alcun</strong></span> <span class='ocrx_word' id='word_1_244' title='bbox 892 2178 954 2220; x_wconf 91' lang='lat' dir='ltr'><strong>tal</strong></span> <span class='ocrx_word' id='word_1_245' title='bbox 982 2178 1146 2231; x_wconf 86' lang='lat' dir='ltr'><strong>amico,</strong></span> <span class='ocrx_word' id='word_1_246' title='bbox 1171 2178 1385 2223; x_wconf 89' lang='lat' dir='ltr'><strong>restando</strong></span> <span class='ocrx_word' id='word_1_247' title='bbox 1416 2193 1502 2236; x_wconf 94' lang='lat' dir='ltr'><strong>pur</strong></span> <span class='ocrx_word' id='word_1_248' title='bbox 1534 2178 1591 2222; x_wconf 94' lang='lat' dir='ltr'><strong>ad</strong></span> <span class='ocrx_word' id='word_1_249' title='bbox 1623 2177 1873 2221; x_wconf 88' lang='lat' dir='ltr'><strong>ubidientia</strong></span> <span class='ocrx_word' id='word_1_250' title='bbox 1903 2177 1977 2220; x_wconf 88' lang='lat' dir='ltr'><strong>del</strong></span> 
     </span>
     <span class='ocr_line' id='line_1_26' title="bbox 345 2253 1972 2310; baseline -0.001 -13"><span class='ocrx_word' id='word_1_251' title='bbox 345 2253 577 2310; x_wconf 85' lang='lat' dir='ltr'><strong>superiore</strong></span> <span class='ocrx_word' id='word_1_252' title='bbox 598 2255 683 2297; x_wconf 92' lang='lat' dir='ltr'><strong>che</strong></span> <span class='ocrx_word' id='word_1_253' title='bbox 703 2254 747 2298; x_wconf 92' lang='grc'>16</span> <span class='ocrx_word' id='word_1_254' title='bbox 767 2255 1052 2310; x_wconf 86' lang='lat' dir='ltr'><strong>Compagnia</strong></span> <span class='ocrx_word' id='word_1_255' title='bbox 1074 2255 1255 2300; x_wconf 88' lang='lat' dir='ltr'><strong>metessi</strong></span> <span class='ocrx_word' id='word_1_256' title='bbox 1269 2289 1279 2309; x_wconf 85' lang='lat'>‚</span> <span class='ocrx_word' id='word_1_257' title='bbox 1305 2270 1435 2300; x_wconf 90' lang='lat' dir='ltr'><strong>come</strong></span> <span class='ocrx_word' id='word_1_258' title='bbox 1463 2255 1502 2299; x_wconf 92' lang='grc'><strong>51</strong></span> <span class='ocrx_word' id='word_1_259' title='bbox 1523 2255 1682 2299; x_wconf 83' lang='lat' dir='ltr'><strong>ordino</strong></span> <span class='ocrx_word' id='word_1_260' title='bbox 1705 2255 1751 2298; x_wconf 92' lang='lat' dir='ltr'><strong>in</strong></span> <span class='ocrx_word' id='word_1_261' title='bbox 1774 2256 1972 2310; x_wconf 89' lang='lat' dir='ltr'><strong>Tornay.</strong></span> 
     </span>
     <span class='ocr_line' id='line_1_27' title="bbox 346 2330 1977 2387; baseline -0.001 -14"><span class='ocrx_word' id='word_1_262' title='bbox 346 2332 402 2373; x_wconf 91' lang='lat' dir='ltr'><strong>Et</strong></span> <span class='ocrx_word' id='word_1_263' title='bbox 423 2330 469 2373; x_wconf 91' lang='lat' dir='ltr'><strong>in</strong></span> <span class='ocrx_word' id='word_1_264' title='bbox 492 2330 734 2387; x_wconf 86' lang='lat' dir='ltr'><strong>particular</strong></span> <span class='ocrx_word' id='word_1_265' title='bbox 754 2330 793 2373; x_wconf 91' lang='lat' dir='ltr'><strong>si</strong></span> <span class='ocrx_word' id='word_1_266' title='bbox 813 2331 930 2374; x_wconf 91' lang='lat' dir='ltr'><strong>ueda</strong></span> <span class='ocrx_word' id='word_1_267' title='bbox 951 2346 1000 2376; x_wconf 90' lang='lat' dir='ltr'><strong>se</strong></span> <span class='ocrx_word' id='word_1_268' title='bbox 1021 2332 1243 2376; x_wconf 90' lang='lat' dir='ltr'><strong>conuiene</strong></span> <span class='ocrx_word' id='word_1_269' title='bbox 1265 2339 1462 2377; x_wconf 89' lang='lat' dir='ltr'><strong>accettar</strong></span> <span class='ocrx_word' id='word_1_270' title='bbox 1482 2331 1726 2376; x_wconf 87' lang='lat' dir='ltr'><strong>conuittori</strong></span> <span class='ocrx_word' id='word_1_271' title='bbox 1747 2331 1794 2374; x_wconf 92' lang='lat' dir='ltr'><strong>in</strong></span> <span class='ocrx_word' id='word_1_272' title='bbox 1816 2332 1977 2374; x_wconf 93' lang='lat' dir='ltr'><strong>Mona-</strong></span> 
     </span>
    </p>
   </div>
   <div class='ocr_carea' id='block_1_3' title="bbox 346 2406 1975 2527">
    <p class='ocr_par' dir='ltr' id='par_1_6' title="bbox 346 2406 1975 2527">
     <span class='ocr_line' id='line_1_28' title="bbox 346 2406 1975 2467; baseline 0 -17"><span class='ocrx_word' id='word_1_273' title='bbox 346 2407 469 2460; x_wconf 93' lang='lat' dir='ltr'><strong>chio,</strong></span> <span class='ocrx_word' id='word_1_274' title='bbox 502 2414 548 2452; x_wconf 93' lang='lat' dir='ltr'><strong>et</strong></span> <span class='ocrx_word' id='word_1_275' title='bbox 579 2407 626 2450; x_wconf 90' lang='lat' dir='ltr'><strong>di</strong></span> <span class='ocrx_word' id='word_1_276' title='bbox 655 2407 780 2451; x_wconf 91' lang='lat' dir='ltr'><strong>ridur</strong></span> <span class='ocrx_word' id='word_1_277' title='bbox 810 2408 853 2452; x_wconf 93' lang='grc'><strong>16</strong></span> <span class='ocrx_word' id='word_1_278' title='bbox 884 2422 987 2452; x_wconf 92' lang='grc'>6656</span> <span class='ocrx_word' id='word_1_279' title='bbox 1019 2409 1063 2452; x_wconf 82' lang='grc'><strong>(11</strong></span> <span class='ocrx_word' id='word_1_280' title='bbox 1094 2409 1342 2454; x_wconf 90' lang='lat' dir='ltr'><strong>conuittori</strong></span> <span class='ocrx_word' id='word_1_281' title='bbox 1372 2411 1429 2455; x_wconf 94' lang='lat' dir='ltr'><strong>de</strong></span> <span class='ocrx_word' id='word_1_282' title='bbox 1459 2409 1736 2467; x_wconf 87' lang='lat' dir='ltr'><strong>Ingolstadio</strong></span> <span class='ocrx_word' id='word_1_283' title='bbox 1767 2423 1794 2451; x_wconf 92' lang='lat' dir='ltr'><strong>a</strong></span> <span class='ocrx_word' id='word_1_284' title='bbox 1824 2406 1975 2452; x_wconf 91' lang='lat' dir='ltr'><strong>debita</strong></span> 
     </span>
     <span class='ocr_line' id='line_1_29' title="bbox 348 2484 504 2527; baseline 0 -1"><span class='ocrx_word' id='word_1_285' title='bbox 348 2484 504 2527; x_wconf 87' lang='lat' dir='ltr'><strong>forma.</strong></span> 
     </span>
    </p>
   </div>
   <div class='ocr_carea' id='block_1_4' title="bbox 353 2583 634 2590">
    <p class='ocr_par' dir='ltr' id='par_1_7' title="bbox 353 2583 634 2590">
     <span class='ocr_line' id='line_1_30' title="bbox 353 2583 634 2590; baseline 0 958"><span class='ocrx_word' id='word_1_286' title='bbox 353 2583 634 2590; x_wconf 95' lang='lat' dir='ltr'><strong> </strong></span> 
     </span>
    </p>
   </div>
   <div class='ocr_carea' id='block_1_5' title="bbox 344 2636 1976 3041">
    <p class='ocr_par' dir='ltr' id='par_1_8' title="bbox 344 2636 1976 2979">
     <span class='ocr_line' id='line_1_31' title="bbox 344 2636 1974 2688; baseline 0.002 -15"><span class='ocrx_word' id='word_1_287' title='bbox 344 2636 411 2673; x_wconf 82' lang='lat' dir='ltr'><strong>fol.</strong></span> <span class='ocrx_word' id='word_1_288' title='bbox 432 2646 516 2684; x_wconf 88' lang='lat'>210,</span> <span class='ocrx_word' id='word_1_289' title='bbox 535 2646 621 2674; x_wconf 87' lang='lat'>211.</span> <span class='ocrx_word' id='word_1_290' title='bbox 644 2638 753 2674; x_wconf 90' lang='lat' dir='ltr'><strong>Haec</strong></span> <span class='ocrx_word' id='word_1_291' title='bbox 770 2638 974 2675; x_wconf 90' lang='lat' dir='ltr'><strong>instructio</strong></span> <span class='ocrx_word' id='word_1_292' title='bbox 993 2652 1068 2676; x_wconf 90' lang='lat' dir='ltr'><strong>una</strong></span> <span class='ocrx_word' id='word_1_293' title='bbox 1086 2652 1174 2677; x_wconf 91' lang='lat' dir='ltr'><strong>cum</strong></span> <span class='ocrx_word' id='word_1_294' title='bbox 1198 2641 1316 2688; x_wconf 85' lang='lat' dir='ltr'><strong>priori</strong></span> <span class='ocrx_word' id='word_1_295' title='bbox 1338 2642 1396 2687; x_wconf 90' lang='lat' dir='ltr'><strong>(n.</strong></span> <span class='ocrx_word' id='word_1_296' title='bbox 1426 2640 1512 2686; x_wconf 86' lang='lat'>351)</span> <span class='ocrx_word' id='word_1_297' title='bbox 1535 2640 1666 2676; x_wconf 84' lang='lat' dir='ltr'><strong>Natali</strong></span> <span class='ocrx_word' id='word_1_298' title='bbox 1690 2639 1830 2676; x_wconf 87' lang='lat' dir='ltr'><strong>tradita</strong></span> <span class='ocrx_word' id='word_1_299' title='bbox 1854 2639 1928 2678; x_wconf 85' lang='lat' dir='ltr'><strong>fuit</strong></span> <span class='ocrx_word' id='word_1_300' title='bbox 1952 2653 1974 2677; x_wconf 90' lang='lat' dir='ltr'><strong>a</strong></span> 
     </span>
     <span class='ocr_line' id='line_1_32' title="bbox 346 2696 1974 2746; baseline 0.002 -14"><span class='ocrx_word' id='word_1_301' title='bbox 346 2696 388 2732; x_wconf 88' lang='lat' dir='ltr'><strong>S.</strong></span> <span class='ocrx_word' id='word_1_302' title='bbox 407 2696 613 2733; x_wconf 89' lang='lat' dir='ltr'><strong>Francisco</strong></span> <span class='ocrx_word' id='word_1_303' title='bbox 627 2697 676 2733; x_wconf 92' lang='lat' dir='ltr'><strong>de</strong></span> <span class='ocrx_word' id='word_1_304' title='bbox 690 2696 816 2744; x_wconf 90' lang='lat' dir='ltr'><strong>Borja,</strong></span> <span class='ocrx_word' id='word_1_305' title='bbox 834 2705 857 2742; x_wconf 95' lang='lat'><strong>7</strong></span> <span class='ocrx_word' id='word_1_306' title='bbox 875 2698 1076 2735; x_wconf 88' lang='lat' dir='ltr'><strong>Februarii</strong></span> <span class='ocrx_word' id='word_1_307' title='bbox 1090 2711 1191 2736; x_wconf 91' lang='lat' dir='ltr'><strong>anno</strong></span> <span class='ocrx_word' id='word_1_308' title='bbox 1213 2701 1318 2746; x_wconf 86' lang='lat'>1566.</span> <span class='ocrx_word' id='word_1_309' title='bbox 1343 2699 1444 2736; x_wconf 85' lang='lat' dir='ltr'><strong>Vide</strong></span> <span class='ocrx_word' id='word_1_310' title='bbox 1462 2699 1566 2735; x_wconf 87' lang='lat' dir='ltr'><strong>dieta</strong></span> <span class='ocrx_word' id='word_1_311' title='bbox 1584 2698 1624 2735; x_wconf 90' lang='lat' dir='ltr'><strong>in</strong></span> <span class='ocrx_word' id='word_1_312' title='bbox 1641 2699 1891 2746; x_wconf 88' lang='lat' dir='ltr'><strong>praecedenti</strong></span> <span class='ocrx_word' id='word_1_313' title='bbox 1909 2700 1974 2736; x_wconf 91' lang='lat' dir='ltr'><strong>do-</strong></span> 
     </span>
     <span class='ocr_line' id='line_1_33' title="bbox 346 2757 1975 2806; baseline 0.002 -15"><span class='ocrx_word' id='word_1_314' title='bbox 346 2761 542 2802; x_wconf 88' lang='lat' dir='ltr'><strong>cumento,</strong></span> <span class='ocrx_word' id='word_1_315' title='bbox 569 2761 700 2793; x_wconf 90' lang='lat' dir='ltr'><strong>annot.</strong></span> <span class='ocrx_word' id='word_1_316' title='bbox 730 2765 745 2792; x_wconf 90' lang='lat'>1</span> <span class='ocrx_word' id='word_1_317' title='bbox 773 2761 813 2792; x_wconf 90' lang='lat' dir='ltr'><strong>et</strong></span> <span class='ocrx_word' id='word_1_318' title='bbox 836 2765 875 2792; x_wconf 90' lang='lat'><strong>2.</strong></span> <span class='ocrx_word' id='word_1_319' title='bbox 904 2759 1148 2806; x_wconf 85' lang='lat' dir='ltr'><strong>Exemplum,</strong></span> <span class='ocrx_word' id='word_1_320' title='bbox 1176 2759 1279 2796; x_wconf 90' lang='lat' dir='ltr'><strong>unde</strong></span> <span class='ocrx_word' id='word_1_321' title='bbox 1302 2760 1399 2796; x_wconf 90' lang='lat' dir='ltr'><strong>haec</strong></span> <span class='ocrx_word' id='word_1_322' title='bbox 1416 2757 1623 2795; x_wconf 87' lang='lat' dir='ltr'><strong>instructio</strong></span> <span class='ocrx_word' id='word_1_323' title='bbox 1643 2758 1875 2805; x_wconf 89' lang='lat' dir='ltr'><strong>transcripta</strong></span> <span class='ocrx_word' id='word_1_324' title='bbox 1899 2765 1975 2806; x_wconf 89' lang='lat' dir='ltr'><strong>est,</strong></span> 
     </span>
     <span class='ocr_line' id='line_1_34' title="bbox 347 2814 1974 2866; baseline 0.003 -17"><span class='ocrx_word' id='word_1_325' title='bbox 347 2825 463 2850; x_wconf 87' lang='lat' dir='ltr'><strong>manu</strong></span> <span class='ocrx_word' id='word_1_326' title='bbox 481 2814 628 2850; x_wconf 90' lang='lat' dir='ltr'><strong>librarii</strong></span> <span class='ocrx_word' id='word_1_327' title='bbox 643 2820 857 2862; x_wconf 84' lang='lat' dir='ltr'><strong>exaratum,</strong></span> <span class='ocrx_word' id='word_1_328' title='bbox 873 2821 913 2852; x_wconf 90' lang='lat' dir='ltr'><strong>et</strong></span> <span class='ocrx_word' id='word_1_329' title='bbox 925 2828 948 2852; x_wconf 91' lang='lat' dir='ltr'><strong>a</strong></span> <span class='ocrx_word' id='word_1_330' title='bbox 961 2817 1009 2853; x_wconf 89' lang='lat' dir='ltr'><strong>P.</strong></span> <span class='ocrx_word' id='word_1_331' title='bbox 1032 2818 1200 2855; x_wconf 91' lang='lat' dir='ltr'><strong>Polanco</strong></span> <span class='ocrx_word' id='word_1_332' title='bbox 1218 2818 1374 2866; x_wconf 87' lang='lat' dir='ltr'><strong>saepius</strong></span> <span class='ocrx_word' id='word_1_333' title='bbox 1392 2816 1640 2854; x_wconf 86' lang='lat' dir='ltr'><strong>emendatum</strong></span> <span class='ocrx_word' id='word_1_334' title='bbox 1659 2822 1699 2853; x_wconf 88' lang='lat' dir='ltr'><strong>et</strong></span> <span class='ocrx_word' id='word_1_335' title='bbox 1717 2822 1873 2853; x_wconf 89' lang='lat' dir='ltr'><strong>auctum</strong></span> <span class='ocrx_word' id='word_1_336' title='bbox 1887 2818 1974 2855; x_wconf 86' lang='lat' dir='ltr'><strong>fuit.</strong></span> 
     </span>
     <span class='ocr_line' id='line_1_35' title="bbox 347 2874 1976 2925; baseline 0.003 -16"><span class='ocrx_word' id='word_1_337' title='bbox 347 2874 459 2920; x_wconf 80' lang='lat' dir='ltr'><strong>Quae</strong></span> <span class='ocrx_word' id='word_1_338' title='bbox 477 2879 607 2910; x_wconf 88' lang='lat' dir='ltr'><strong>autem</strong></span> <span class='ocrx_word' id='word_1_339' title='bbox 631 2875 822 2911; x_wconf 90' lang='lat' dir='ltr'><strong>Polancus</strong></span> <span class='ocrx_word' id='word_1_340' title='bbox 848 2876 1001 2923; x_wconf 90' lang='lat' dir='ltr'><strong>propria</strong></span> <span class='ocrx_word' id='word_1_341' title='bbox 1026 2889 1141 2913; x_wconf 90' lang='lat' dir='ltr'><strong>manu</strong></span> <span class='ocrx_word' id='word_1_342' title='bbox 1165 2877 1335 2925; x_wconf 84' lang='lat' dir='ltr'><strong>scripsit,</strong></span> <span class='ocrx_word' id='word_1_343' title='bbox 1360 2875 1502 2913; x_wconf 86' lang='lat' dir='ltr'><strong>italicis</strong></span> <span class='ocrx_word' id='word_1_344' title='bbox 1526 2876 1816 2912; x_wconf 88' lang='lat' dir='ltr'><strong>characteribus</strong></span> <span class='ocrx_word' id='word_1_345' title='bbox 1840 2877 1976 2914; x_wconf 86' lang='lat' dir='ltr'><strong>distin-</strong></span> 
     </span>
     <span class='ocr_line' id='line_1_36' title="bbox 346 2943 524 2979; baseline 0 -11"><span class='ocrx_word' id='word_1_346' title='bbox 346 2943 524 2979; x_wconf 81' lang='lat' dir='ltr'><strong>guimus.</strong></span> 
     </span>
    </p>

    <p class='ocr_par' dir='ltr' id='par_1_9' title="bbox 418 2992 1974 3041">
     <span class='ocr_line' id='line_1_37' title="bbox 418 2992 1974 3041; baseline 0.003 -14"><span class='ocrx_word' id='word_1_347' title='bbox 418 2994 427 3014; x_wconf 93' lang='lat'>¹</span> <span class='ocrx_word' id='word_1_348' title='bbox 478 2992 539 3028; x_wconf 89' lang='lat' dir='ltr'><strong>De</strong></span> <span class='ocrx_word' id='word_1_349' title='bbox 556 2997 752 3029; x_wconf 88' lang='lat' dir='ltr'><strong>conventu</strong></span> <span class='ocrx_word' id='word_1_350' title='bbox 770 2999 987 3039; x_wconf 86' lang='lat' dir='ltr'><strong>augustano</strong></span> <span class='ocrx_word' id='word_1_351' title='bbox 1005 3006 1131 3031; x_wconf 87' lang='lat' dir='ltr'><strong>sermo</strong></span> <span class='ocrx_word' id='word_1_352' title='bbox 1149 3002 1228 3033; x_wconf 89' lang='lat' dir='ltr'><strong>est.</strong></span> <span class='ocrx_word' id='word_1_353' title='bbox 1252 2995 1353 3032; x_wconf 92' lang='lat' dir='ltr'><strong>Vide</strong></span> <span class='ocrx_word' id='word_1_354' title='bbox 1375 2994 1480 3031; x_wconf 87' lang='lat' dir='ltr'><strong>dicta</strong></span> <span class='ocrx_word' id='word_1_355' title='bbox 1505 2994 1545 3030; x_wconf 88' lang='lat' dir='ltr'><strong>in</strong></span> <span class='ocrx_word' id='word_1_356' title='bbox 1562 2994 1814 3041; x_wconf 88' lang='lat' dir='ltr'><strong>praecedenti</strong></span> <span class='ocrx_word' id='word_1_357' title='bbox 1832 2995 1974 3032; x_wconf 89' lang='lat' dir='ltr'><strong>instru-</strong></span> 
     </span>
    </p>
   </div>
   <div class='ocr_carea' id='block_1_6' title="bbox 341 3049 1971 3156">
    <p class='ocr_par' dir='ltr' id='par_1_10' title="bbox 341 3049 1971 3156">
     <span class='ocr_line' id='line_1_38' title="bbox 341 3049 1971 3101; baseline 0.003 -16"><span class='ocrx_word' id='word_1_358' title='bbox 341 3049 490 3095; x_wconf 82' lang='lat' dir='ltr'><strong>ctione3</strong></span> <span class='ocrx_word' id='word_1_359' title='bbox 522 3056 562 3086; x_wconf 89' lang='lat' dir='ltr'><strong>et</strong></span> <span class='ocrx_word' id='word_1_360' title='bbox 590 3051 640 3086; x_wconf 86' lang='lat' dir='ltr'><strong>cf.</strong></span> <span class='ocrx_word' id='word_1_361' title='bbox 672 3052 874 3099; x_wconf 78' lang='lat' dir='ltr'>JANSSEN,</span> <span class='ocrx_word' id='word_1_362' title='bbox 909 3053 1130 3091; x_wconf 79' lang='lat' dir='ltr'><strong>Geschichte</strong></span> <span class='ocrx_word' id='word_1_363' title='bbox 1160 3056 1227 3091; x_wconf 85' lang='lat' dir='ltr'><strong>des</strong></span> <span class='ocrx_word' id='word_1_364' title='bbox 1253 3055 1460 3092; x_wconf 76' lang='lat' dir='ltr'><strong>deutschen</strong></span> <span class='ocrx_word' id='word_1_365' title='bbox 1487 3054 1642 3100; x_wconf 84' lang='lat' dir='ltr'><strong>Volkes,</strong></span> <span class='ocrx_word' id='word_1_366' title='bbox 1674 3059 1702 3089; x_wconf 92' lang='lat' dir='ltr'><strong>t.</strong></span> <span class='ocrx_word' id='word_1_367' title='bbox 1735 3054 1804 3101; x_wconf 92' lang='lat' dir='ltr'><strong>IV,</strong></span> <span class='ocrx_word' id='word_1_368' title='bbox 1836 3054 1904 3090; x_wconf 89' lang='lat' dir='ltr'><strong>lib.</strong></span> <span class='ocrx_word' id='word_1_369' title='bbox 1939 3055 1971 3099; x_wconf 91' lang='lat' dir='ltr'><strong>I,</strong></span> 
     </span>
     <span class='ocr_line' id='line_1_39' title="bbox 345 3118 535 3156; baseline 0.016 -12"><span class='ocrx_word' id='word_1_370' title='bbox 345 3119 430 3156; x_wconf 90' lang='lat' dir='ltr'><strong>cap.</strong></span> <span class='ocrx_word' id='word_1_371' title='bbox 450 3118 535 3148; x_wconf 83' lang='lat' dir='ltr'>xvl.</span> 
     </span>
    </p>
   </div>
  </div>
 </body>
</html>
