2228 3548
369 317 437 363 314
882 316 1022 352 EPIST.
1048 314 1093 350 P.
1121 314 1393 361 NADAL—452

319 421 394 464 del
416 416 707 461 monasterio.
733 418 790 460 Et
812 415 1088 461 aduertischi
1117 417 1175 460 V.
1210 417 1265 460 R.
1298 417 1371 460 all’
1402 416 1698 462 arciuescouo
1735 423 1781 462 et
1818 417 1860 460 al
1896 416 1958 460 si-

322 510 466 552 gnore
487 496 545 539 de
567 493 737 549 Rossis,
763 496 848 538 che
875 508 956 550 per
976 493 1020 537 la
1047 492 1300 550 speditione
1321 494 1440 538 della
1461 494 1596 548 bolla,
1620 493 1774 538 mandi
1800 494 1955 538 denari

322 571 580 616 sufficienti.
609 573 785 627 Questo
808 570 997 628 negotio
1029 571 1054 613 e
1082 571 1124 613 d’
1153 569 1446 627 importantia
1466 577 1512 615 et
1532 571 1684 628 degno
1712 571 1830 616 della
1850 585 1957 628 pre—

321 649 470 694 sentia
495 648 541 691 di
564 650 626 692 V.
659 650 740 701 R.;
766 662 856 701 ma,
889 661 1018 692 come
1045 646 1107 689 mi
1135 647 1234 691 dice
1265 648 1291 691 e
1320 654 1447 692 tanto
1474 647 1654 692 difficile
1675 647 1854 704 partirsi
1876 663 1958 705 per

322 727 482 771 adesso
505 727 562 770 da
583 725 780 779 Vienna,
803 724 957 768 mandi
986 724 1147 780 questo
1169 724 1363 782 capitolo
1389 732 1436 770 et
1462 724 1777 770 informatione
1803 725 1953 782 piena,

322 804 455 859 quale
477 803 507 845 li
528 804 702 859 parera,
728 817 754 846 a
776 804 911 846 Mtro.
938 801 1157 856 Henrico,
1181 801 1212 844 il
1242 803 1375 858 quale
1405 801 1546 846 faccia
1575 808 1736 858 questa
1761 802 1950 859 diligen-

322 881 400 934 tia,
427 888 473 926 et
495 880 666 937 negotij
693 886 814 924 tutto
837 886 1013 935 questo,
1039 887 1085 922 et
1106 879 1260 923 mandi
1276 880 1318 923 le
1335 879 1545 923 scritture
1567 879 1653 923 alla
1669 880 1722 923 R.
1744 881 1821 932 V.,
1841 881 1959 925 nelle

323 958 446 1015 quali
467 973 516 1002 se
538 958 679 1002 uedra
701 971 886 1000 mancat
908 957 1070 1000 alcuna
1099 971 1205 1000 cosa
1225 957 1272 1000 d'
1301 956 1596 1013 importanza,
1622 957 1698 1013 gle
1718 956 1761 1000 le
1791 955 1953 1000 riman-

321 1036 431 1079 dara
453 1035 579 1079 accio
600 1034 638 1079 si
660 1034 840 1079 emendi
865 1041 902 1088 a3
929 1041 974 1079 et
995 1033 1226 1091 parendoli
1250 1041 1343 1078 star
1364 1035 1497 1087 bene,
1518 1034 1560 1078 le
1581 1033 1735 1077 mandi
1757 1049 1784 1077 a
1804 1040 1958 1077 nostro

325 1113 474 1158 Padre
495 1127 521 1156 a
542 1114 701 1165 Roma,
727 1118 773 1156 et
794 1111 1070 1156 aduertischi
1092 1113 1148 1155 V.
1173 1113 1227 1155 R.
1259 1113 1344 1155 che
1366 1111 1413 1154 in
1435 1118 1562 1155 tanto
1583 1113 1668 1156 che
1686 1117 1847 1167 questo
1867 1125 1959 1154 non

324 1190 350 1233 ἑ
373 1190 606 1242 concluso,
632 1195 678 1233 et
699 1203 791 1232 non
812 1188 950 1231 habbi
973 1195 1178 1245 resposta
1199 1189 1256 1231 da
1273 1190 1431 1242 Roma,
1451 1203 1544 1232 non
1561 1187 1676 1232 sacci
1697 1188 1811 1231 altro
1833 1187 1908 1246 [in]
1937 1188 1960 1216 b

323 1267 552 1320 Trebona,
577 1265 623 1309 di
646 1266 813 1322 quello,
838 1266 923 1309 che
945 1264 1079 1308 insin’
1105 1265 1266 1308 adesso
1287 1266 1312 1309 e
1335 1266 1463 1318 fatto,
1488 1265 1586 1309 cioe
1613 1266 1699 1310 che
1726 1264 1812 1308 stia
1838 1265 1869 1307 li
1896 1279 1959 1308 un

324 1343 608 1400 predicatore
645 1349 691 1388 et
719 1343 883 1386 alcuno
911 1341 1016 1385 delli
1042 1341 1201 1395 nostri,
1233 1349 1341 1395 etc.,
1382 1357 1517 1386 senza
1554 1341 1719 1399 pigliar
1755 1355 1864 1385 cura
1884 1326 1961 1386 *de

322 1420 473 1465 anime
494 1435 692 1465 nessuna
713 1434 846 1476 sopra
867 1418 912 1462 di
939 1418 1031 1471 noi,
1057 1418 1306 1476 agiutando
1328 1422 1481 1462 tamen
1508 1418 1555 1462 in
1582 1419 1734 1476 quello
1764 1420 1849 1464 che
1877 1433 1959 1476 po-

323 1504 486 1542 tremo.
514 1498 644 1542 Oltre
666 1512 691 1541 a
713 1503 875 1553 questo
896 1495 1172 1540 aduertischi
1192 1499 1242 1540 s'e
1263 1496 1490 1553 possiamo
1513 1497 1607 1540 cosi
1625 1503 1779 1553 presto
1797 1496 1962 1553 pigliar

322 1589 434 1618 cura
456 1573 502 1617 di
524 1575 629 1631 quel
656 1573 851 1630 collegio
874 1574 972 1616 sine
994 1573 1261 1616 detrimento
1293 1574 1491 1616 aliorum
1519 1574 1829 1631 collegiorum,
1857 1587 1963 1630 per-

322 1652 409 1695 che
430 1651 572 1694 siamo
593 1650 822 1694 obedienti
844 1651 929 1693 alla
951 1649 1308 1707 congregatione
1324 1651 1552 1707 generale.
1581 1651 1629 1694 Io
1651 1664 1743 1693 non
1766 1657 1957 1694 trouaua

322 1729 462 1772 molta
484 1727 717 1781 difficulta,
743 1728 947 1770 almanco
968 1728 997 1769 l’
1024 1741 1142 1770 anno
1165 1729 1249 1771 che
1270 1726 1418 1780 viene,
1444 1734 1607 1771 metter
1627 1727 1671 1770 13
1686 1726 1760 1770 (1οἰ
1782 1726 1953 1780 mastri,

320 1806 489 1861 perche
510 1804 541 1847 il
562 1805 727 1861 polono
751 1805 939 1848 sarebbe
961 1803 991 1846 il
1016 1805 1100 1859 3.⁰,
1125 1810 1171 1847 et
1199 1810 1268 1848 tre
1295 1803 1451 1848 mastri
1479 1805 1672 1848 bastano
1701 1819 1782 1860 per
1809 1803 1958 1859 quella

321 1889 458 1935 terra,
478 1889 523 1925 et
545 1881 576 1924 il
597 1883 826 1926 medesmo
848 1882 1121 1926 Wenceslao
1146 1882 1156 1903 ¹
1174 1874 1327 1938 'potria
1348 1895 1499 1926 essere
1521 1887 1661 1925 rettor
1683 1887 1729 1925 et
1751 1879 1958 1936 predica-

322 1966 437 2013 tore,
462 1965 508 2003 et
531 1958 709 2002 fornirsi
730 1959 776 2001 di
798 1959 910 2003 altre
931 1972 1140 2015 persone3
1166 1973 1238 2002 ma
1259 1959 1426 2014 perche
1447 1959 1489 2002 le
1514 1972 1618 2001 cose
1640 1957 1678 2000 si
1700 1964 1887 2000 mutano
1910 1956 1956 1999 in

321 2051 437 2093 poco
458 2043 625 2092 tempo,
651 2042 696 2080 et
717 2036 760 2079 13
782 2037 835 2079 R.
862 2037 918 2079 V.
945 2042 1014 2078 sta
1030 2042 1257 2092 presente,
1275 2035 1416 2079 uedra
1432 2042 1594 2091 questo
1616 2034 1785 2092 meglio
1803 2033 1848 2077 di
1865 2048 1954 2079 me.

323 2114 390 2158 La
410 2113 539 2170 copia
560 2112 606 2156 di
627 2119 789 2169 questo
811 2112 1003 2169 capitolo
1024 2113 1190 2156 mando
1211 2127 1238 2156 a
1259 2119 1414 2156 nostro
1438 2112 1587 2156 Padre
1615 2112 1844 2169 generale.

391 2270 412 2290 a
462 2262 556 2297 Post
585 2261 743 2297 emendi
772 2260 872 2296 duae
895 2261 958 2296 vel
977 2265 1056 2296 tres
1080 2260 1234 2296 litterae
1251 2271 1340 2296 cum
1357 2260 1490 2296 charta
1514 2258 1678 2306 periisse
1702 2258 1959 2295 videntur.—

319 2323 341 2350 b
363 2321 599 2358 Particulam
616 2321 716 2356 hane
734 2319 987 2366 supplendam
1006 2319 1204 2367 duximus,
1222 2331 1336 2367 quae,
1357 2320 1420 2355 vel
1439 2319 1514 2355 alia
1532 2318 1685 2363 similis,
1714 2317 1959 2354 desideratur

319 2383 372 2418 ob
394 2382 551 2418 chartae
569 2380 794 2416 scissuram.

392 2520 403 2540 ¹
455 2517 713 2553 Wenceslaus
731 2515 939 2552 Sturmius.
