2228 3548
902 309 910 316 Ι
960 259 1002 296 15
1028 251 1131 295 Man
1158 249 1249 297 1568
1803 260 1873 298 595
1948 272 1950 274 v

275 354 305 399 ὲ
327 355 518 412 parlato,
535 361 590 400 et
610 354 649 398 si
671 361 889 399 contenta
909 353 957 398 di
978 353 1065 406 cio,
1090 354 1272 399 benche
1293 360 1467 411 quanto
1489 367 1652 398 manco
1668 353 1707 398 si
1724 355 1924 407 mutata,

283 433 420 477 credo
439 431 471 475 li
492 433 684 477 sarebbe
706 431 784 489 piu
805 438 956 490 grato,
981 432 1172 476 caeteris
1186 431 1399 488 paribus.

376 523 418 565 3.
483 509 650 566 Questi
681 508 831 567 giorni
854 496 887 554 ’ὲ
918 515 1036 553 stato
1065 515 1224 552 nostro
1245 509 1410 562 Padre,
1440 522 1528 552 con
1557 509 1639 551 un'
1663 509 1779 551 altro
1809 509 1928 552 della

283 587 591 644 Compagnia,
615 587 690 630 dal
711 602 843 644 papa;
875 593 921 632 et
949 585 988 630 si
1016 587 1182 639 sforzo,
1213 586 1371 630 auanti
1390 585 1438 629 di
1458 599 1583 630 esser
1604 586 1693 630 ben
1723 600 1850 638 sano,
1882 584 1928 629 di

284 665 419 718 farlo,
444 665 612 721 perche
634 665 683 710 S.
711 665 808 710 Sta.
834 665 878 707 lo
899 663 1185 716 desideraua,
1216 677 1297 719 per
1326 670 1488 707 trattar
1514 662 1561 706 di
1591 669 1716 707 certa
1743 676 1851 706 cosa
1871 663 1930 706 de

284 741 581 798 importanza.
616 743 674 785 Et
705 742 861 798 doppo
894 743 980 785 che
1011 740 1057 784 di
1089 740 1241 798 quella
1274 740 1312 784 si
1333 741 1488 794 tratti),
1512 739 1544 783 li
1566 755 1681 805 sono
1703 748 1822 785 state
1843 741 1932 784 do-

286 819 500 864 mandate
522 819 688 864 alcune
709 818 858 876 gratie
880 833 962 875 per
982 818 1115 861 fuora
1136 818 1255 862 della
1277 817 1562 874 Compagnia
1582 825 1629 861 et
1658 833 1739 875 per
1759 818 1928 874 quella,

286 897 330 941 le
350 896 474 952 quali
496 911 716 941 concesse
737 895 1108 953 gratiosamente.
1134 896 1223 938 Fra
1244 893 1273 937 l’
1302 895 1415 938 altre
1437 895 1461 939 ὲ
1490 902 1608 939 stata
1637 910 1743 948 una,
1775 897 1862 940 che
1883 895 1931 938 in

283 973 654 1031 ogni‘prouincia
674 973 795 1018 della
815 971 1063 1018 Germania
1084 971 1255 1028 potessi
1277 979 1436 1015 nostro
1462 973 1608 1016 Padre
1637 973 1826 1029 general
1848 973 1931 1016 de-

289 1058 425 1108 putar
447 1057 514 1095 tre
536 1065 564 1093 o
585 1057 769 1108 quattro
791 1065 872 1107 per
893 1050 1132 1093 absoluere
1149 1048 1288 1107 quelli
1305 1050 1390 1092 che
1408 1062 1632 1093 mancano
1650 1057 1807 1093 contra
1827 1050 1933 1106 quel

288 1141 414 1180 caso,
450 1127 672 1172 riseruato
706 1129 756 1171 in
787 1127 908 1171 bulla
940 1140 1071 1170 coene
1101 1126 1309 1178 Domini,
1342 1126 1461 1171 della
1491 1126 1789 1182 usurpatione
1817 1127 1935 1171 della

293 1204 552 1248 iurisdition
583 1204 906 1249 ecclesiastica.
942 1205 1082 1249 Volse
1115 1205 1277 1256 anche,
1312 1205 1397 1247 che
1429 1218 1522 1247 non
1559 1204 1774 1248 obstante
1810 1204 1936 1249 detta

292 1282 432 1335 bolla,
456 1282 654 1326 usasimo
676 1289 831 1327 nostra
852 1282 1019 1326 facolta
1044 1283 1129 1325 che
1151 1280 1296 1338 prima
1323 1282 1598 1334 haueuamo,
1622 1280 1668 1324 di
1697 1282 1937 1326 absoluere

295 1358 343 1402 in
365 1358 458 1403 casi
479 1359 536 1402 de
558 1358 750 1403 heresia.
776 1358 831 1403 Ci
854 1360 915 1402 ha
936 1372 1154 1403 concesso
1176 1360 1323 1402 anche
1345 1365 1464 1403 tutte
1484 1351 1537 1402 le'
1548 1358 1836 1415 indulgentie
1858 1373 1938 1415 per

293 1436 337 1480 le
359 1450 553 1492 persone
574 1435 620 1479 di
643 1443 796 1480 nostra
817 1435 1119 1493 Compagnia,
1144 1438 1231 1480 che
1251 1450 1366 1480 sono
1393 1449 1611 1481 concesse
1639 1435 1713 1479 alli
1738 1435 1939 1493 religiosi

293 1513 588 1567 mendicanti,
613 1514 748 1569 quale
768 1527 882 1557 sono
898 1514 1038 1556 molte
1064 1523 1111 1557 et
1138 1512 1318 1570 grandi;
1349 1520 1397 1557 et
1425 1527 1487 1556 un
1519 1513 1565 1557 di
1597 1513 1634 1557 si
1658 1514 1876 1557 mandata
1897 1513 1941 1557 la

297 1597 422 1643 nota,
446 1591 614 1648 perche
642 1591 757 1634 oltra
792 1589 839 1633 di
877 1591 1030 1646 quello
1060 1591 1146 1635 che
1183 1591 1232 1633 fu
1270 1604 1489 1635 concesso
1517 1605 1543 1634 a
1570 1591 1685 1645 loro,
1716 1593 1871 1634 hanno
1898 1591 1942 1634 la

299 1667 624 1725 participacion
647 1668 705 1712 de
733 1668 846 1711 altre
875 1666 1085 1724 religioni
1114 1666 1379 1721 monastice,
1411 1675 1500 1712 etc.
1532 1668 1587 1712 Ci
1615 1682 1835 1712 concesse
1858 1683 1943 1712 an-

297 1748 388 1790 che
409 1746 453 1789 la
475 1745 755 1789 ratificaciori
775 1745 832 1788 de
855 1744 962 1788 tutti
984 1744 1014 1787 li
1036 1744 1252 1788 contratti
1272 1745 1414 1789 nostri
1435 1746 1566 1803 (oltra
1583 1746 1615 1788 l'
1634 1746 1872 1790 absoluere
1893 1746 1942 1788 d'

303 1822 416 1880 ogni
438 1837 632 1867 censura
653 1822 846 1878 incorsa)
870 1837 950 1879 per
970 1836 1065 1865 non
1087 1823 1230 1865 hauer
1250 1830 1432 1866 seruato
1455 1824 1497 1868 le
1525 1823 1752 1868 solennita
1776 1824 1864 1867 che
1886 1822 1944 1867 de

305 1900 405 1945 iure
432 1914 480 1944 se
509 1899 755 1943 ricercano.
798 1898 853 1943 Ci
891 1900 1071 1943 haueua
1107 1898 1243 1943 etiam
1280 1914 1499 1945 concesso
1527 1915 1642 1958 poco
1670 1900 1852 1944 innanzi
1883 1915 1945 1943 un

305 1981 427 2020 motu
449 1977 641 2033 proprio
668 1976 959 2033 importante,
985 1991 1066 2032 per
1094 1983 1222 2032 poter
1249 1975 1419 2021 alienar
1447 1978 1622 2039 alcune
1633 1991 1757 2032 cose,
1788 1988 1833 2021 et
1864 1975 1945 2021 far'

305 2053 336 2097 li
358 2053 553 2098 contrati
575 2068 712 2097 senza
729 2059 854 2098 certe
876 2052 1133 2097 ceremonie
1150 2059 1195 2098 et
1212 2053 1452 2107 solennita,
1474 2061 1603 2099 usate
1620 2055 1737 2098 nelle
1760 2054 1946 2110 religio-

303 2130 352 2174 ni
390 2132 418 2174 ¹.
453 2132 558 2174 Non
590 2129 652 2173 mi
684 2131 926 2175 estendero
959 2130 1006 2172 in
1038 2130 1169 2183 altro,
1210 2132 1465 2176 hauendosi
1502 2116 1579 2188 gia
1611 2132 1722 2174 satta
1753 2131 1948 2188 risposta

303 2209 392 2252 alle
425 2208 587 2251 lettere
625 2207 671 2250 di
710 2209 767 2251 V.
809 2209 864 2251 R.
906 2207 996 2252 Gia
1033 2207 1262 2251 crediamo
1299 2210 1446 2252 anche
1483 2223 1678 2252 saranno
1701 2207 1889 2252 arriuati
1916 2207 1949 2251 il

311 2287 364 2329 P.
391 2287 449 2328 D.
476 2286 649 2328 Acosta
675 2291 721 2328 et
751 2286 803 2328 P.
837 2285 1059 2337 Xauier’,
1101 2285 1268 2341 perche
1304 2265 1546 2330 habbiamo
1584 2288 1758 2330 hauuto
1788 2286 1950 2330 lettere

309 2362 409 2405 loro
429 2361 475 2404 di
498 2362 728 2418 Augusta.
755 2361 883 2405 Tutti
905 2361 948 2404 ci
971 2361 1365 2406 raccomandiamo
1386 2364 1527 2406 molto
1549 2364 1667 2408 nelle
1688 2362 1879 2406 orationi
1904 2369 1950 2407 et

314 2438 514 2495 sacrifitij
539 2438 584 2481 di
607 2439 665 2483 V.
691 2440 747 2483 R.
778 2446 824 2483 et
853 2439 967 2491 loro,
1002 2438 1193 2483 insieme
1225 2439 1298 2482 col
1329 2441 1382 2485 P.
1420 2440 1680 2497 Claysonio.
1706 2439 1765 2484 Di
1789 2441 1948 2498 Roma,

315 2516 346 2559 li
375 2526 423 2571 15
448 2516 494 2559 di
517 2515 707 2573 Maggio
735 2517 860 2571 1568.
886 2518 957 2561 De
980 2517 1037 2560 V.
1071 2517 1125 2559 R.
1157 2530 1292 2561 seruo
1320 2516 1368 2561 in
1396 2519 1492 2570 X.⁰,
1524 2532 1603 2574 per
1634 2516 1952 2562 commissione

309 2593 371 2637 de
393 2600 549 2636 nostro
572 2594 719 2638 Padre
739 2593 985 2650 preposito,

1092 2670 1121 2727 ἦ·
1146 2672 1336 2728 ]οΑΝΝΕ
1366 2686 1430 2717 DE
1463 2674 1710 2716 POLANCO.
1746 2671 1775 2728 †

403 2747 651 2802 Inscriptio
668 2748 718 2790 in
741 2752 910 2804 quarta
924 2749 1124 2805 pagina:
1146 2746 1176 2805 †
1199 2748 1258 2791 Al
1281 2749 1421 2792 molto
1438 2749 1547 2792 Rdo.
1574 2748 1622 2791 in
1644 2750 1764 2804 Xpo.
1786 2748 1952 2801 Padre,

306 2823 340 2866 il
366 2825 420 2867 P.
446 2825 560 2867 Mr0.
589 2823 859 2869 Hieronimo
894 2826 1074 2878 Natale,
1110 2823 1344 2870 visitatore
1376 2826 1495 2871 nelle
1517 2824 1752 2882 prouincie
1774 2824 1820 2867 di
1843 2825 1957 2868 Ale-

389 2950 399 2970 ¹
451 2948 510 2983 Ita
526 2953 681 2983 constat
704 2948 744 2984 in
767 2949 910 2986 litteris
927 2949 1152 2997 apostolicis
1179 2949 1498 2998 Innumerabiles
1507 2950 1695 2998 fructus.
1719 2948 1820 2985 Vide
1838 2948 1959 2996 epist.

315 3014 402 3051 517,
423 3018 461 3042 n.
479 3006 516 3042 8.

392 3067 407 3087 2
458 3062 558 3101 Vide
576 3065 692 3112 epist.
711 3075 795 3112 520.
