<?xml version="1.0" encoding="UTF-8"?>
<!DOCTYPE html PUBLIC "-//W3C//DTD XHTML 1.0 Transitional//EN"
    "http://www.w3.org/TR/xhtml1/DTD/xhtml1-transitional.dtd">
<html xmlns="http://www.w3.org/1999/xhtml" xml:lang="en" lang="en">
 <head>
  <title>
</title>
<meta http-equiv="Content-Type" content="text/html;charset=utf-8" />
  <meta name='ocr-system' content='tesseract 3.04.00' />
  <meta name='ocr-capabilities' content='ocr_page ocr_carea ocr_par ocr_line ocrx_word'/>
</head>
<body>
  <div class='ocr_page' id='page_1' title='image "./epistolaephieron03nadauoft_0266.png"; bbox 0 0 2228 3548; ppageno 0'>
   <div class='ocr_carea' id='block_1_1' title="bbox 1919 0 2228 91">
    <p class='ocr_par' dir='ltr' id='par_1_1' title="bbox 1919 0 2228 91">
     <span class='ocr_line' id='line_1_1' title="bbox 1919 0 2228 91; baseline 0 3457"><span class='ocrx_word' id='word_1_1' title='bbox 1919 0 2228 91; x_wconf 95' lang='lat' dir='ltr'> </span> 
     </span>
    </p>
   </div>
   <div class='ocr_carea' id='block_1_2' title="bbox 380 273 1403 319">
    <p class='ocr_par' dir='ltr' id='par_1_2' title="bbox 380 273 1403 319">
     <span class='ocr_line' id='line_1_2' title="bbox 380 273 1403 319; baseline -0.009 -2"><span class='ocrx_word' id='word_1_2' title='bbox 380 281 449 317; x_wconf 89' lang='lat'>228</span> <span class='ocrx_word' id='word_1_3' title='bbox 890 277 1029 312; x_wconf 75' lang='lat' dir='ltr'>Emsr.</span> <span class='ocrx_word' id='word_1_4' title='bbox 1058 275 1103 310; x_wconf 91' lang='lat' dir='ltr'>P.</span> <span class='ocrx_word' id='word_1_5' title='bbox 1130 273 1403 319; x_wconf 74' lang='lat' dir='ltr'><strong>NADAL—427</strong></span> 
     </span>
    </p>
   </div>
   <div class='ocr_carea' id='block_1_3' title="bbox 300 373 1965 2741">
    <p class='ocr_par' dir='ltr' id='par_1_3' title="bbox 321 373 1965 667">
     <span class='ocr_line' id='line_1_3' title="bbox 328 373 1965 432; baseline -0.003 -8"><span class='ocrx_word' id='word_1_6' title='bbox 328 380 534 432; x_wconf 82' lang='lat' dir='ltr'>ClaudiO,</span> <span class='ocrx_word' id='word_1_7' title='bbox 561 393 653 422; x_wconf 91' lang='lat' dir='ltr'>uno</span> <span class='ocrx_word' id='word_1_8' title='bbox 674 378 731 422; x_wconf 90' lang='lat' dir='ltr'>de</span> <span class='ocrx_word' id='word_1_9' title='bbox 759 389 826 431; x_wconf 85' lang='lat'>14,</span> <span class='ocrx_word' id='word_1_10' title='bbox 847 378 933 420; x_wconf 88' lang='lat' dir='ltr'>che</span> <span class='ocrx_word' id='word_1_11' title='bbox 960 375 997 419; x_wconf 88' lang='lat' dir='ltr'>si</span> <span class='ocrx_word' id='word_1_12' title='bbox 1029 374 1256 418; x_wconf 91' lang='lat' dir='ltr'>mandano</span> <span class='ocrx_word' id='word_1_13' title='bbox 1282 373 1330 416; x_wconf 93' lang='lat' dir='ltr'>in</span> <span class='ocrx_word' id='word_1_14' title='bbox 1367 373 1572 419; x_wconf 88' lang='lat' dir='ltr'><strong>Francia.</strong></span> <span class='ocrx_word' id='word_1_15' title='bbox 1613 376 1745 418; x_wconf 91' lang='lat' dir='ltr'>Buon</span> <span class='ocrx_word' id='word_1_16' title='bbox 1782 374 1965 419; x_wconf 87' lang='lat' dir='ltr'>ricordo</span> 
     </span>
     <span class='ocr_line' id='line_1_4' title="bbox 324 450 1958 515; baseline -0.003 -14"><span class='ocrx_word' id='word_1_17' title='bbox 324 472 430 515; x_wconf 90' lang='lat' dir='ltr'>pare</span> <span class='ocrx_word' id='word_1_18' title='bbox 452 456 601 512; x_wconf 87' lang='lat' dir='ltr'>quello</span> <span class='ocrx_word' id='word_1_19' title='bbox 618 455 663 498; x_wconf 91' lang='lat' dir='ltr'>di</span> <span class='ocrx_word' id='word_1_20' title='bbox 685 456 741 499; x_wconf 93' lang='lat' dir='ltr'>V.</span> <span class='ocrx_word' id='word_1_21' title='bbox 768 456 822 498; x_wconf 88' lang='lat' dir='ltr'>R.</span> <span class='ocrx_word' id='word_1_22' title='bbox 848 454 1029 497; x_wconf 88' lang='lat' dir='ltr'>intorno</span> <span class='ocrx_word' id='word_1_23' title='bbox 1046 451 1119 496; x_wconf 90' lang='lat' dir='ltr'>alli</span> <span class='ocrx_word' id='word_1_24' title='bbox 1136 450 1298 494; x_wconf 85' lang='lat' dir='ltr'><strong>scritti:</strong></span> <span class='ocrx_word' id='word_1_25' title='bbox 1320 452 1405 495; x_wconf 89' lang='lat' dir='ltr'>che</span> <span class='ocrx_word' id='word_1_26' title='bbox 1426 450 1464 494; x_wconf 91' lang='lat' dir='ltr'>si</span> <span class='ocrx_word' id='word_1_27' title='bbox 1481 465 1684 508; x_wconf 90' lang='lat' dir='ltr'>propona</span> <span class='ocrx_word' id='word_1_28' title='bbox 1705 451 1779 496; x_wconf 89' lang='lat' dir='ltr'>alli</span> <span class='ocrx_word' id='word_1_29' title='bbox 1796 452 1958 509; x_wconf 70' lang='lat' dir='ltr'>nouitij</span> 
     </span>
     <span class='ocr_line' id='line_1_5' title="bbox 322 527 1954 586; baseline -0.001 -10"><span class='ocrx_word' id='word_1_30' title='bbox 322 535 351 577; x_wconf 88' lang='grc'>11</span> <span class='ocrx_word' id='word_1_31' title='bbox 375 547 567 577; x_wconf 73' lang='lat' dir='ltr'>sai-anno</span> <span class='ocrx_word' id='word_1_32' title='bbox 590 531 703 583; x_wconf 89' lang='lat' dir='ltr'>tolti‚</span> <span class='ocrx_word' id='word_1_33' title='bbox 729 545 776 574; x_wconf 91' lang='lat' dir='ltr'>se</span> <span class='ocrx_word' id='word_1_34' title='bbox 799 546 878 586; x_wconf 90' lang='lat' dir='ltr'>per</span> <span class='ocrx_word' id='word_1_35' title='bbox 899 544 981 573; x_wconf 90' lang='lat' dir='ltr'>sua</span> <span class='ocrx_word' id='word_1_36' title='bbox 1002 529 1133 584; x_wconf 93' lang='lat' dir='ltr'>colpa</span> <span class='ocrx_word' id='word_1_37' title='bbox 1154 542 1246 572; x_wconf 92' lang='lat' dir='ltr'>non</span> <span class='ocrx_word' id='word_1_38' title='bbox 1273 527 1639 584; x_wconf 84' lang='lat' dir='ltr'>perseuerassino</span> <span class='ocrx_word' id='word_1_39' title='bbox 1666 529 1785 573; x_wconf 91' lang='lat' dir='ltr'>nella</span> <span class='ocrx_word' id='word_1_40' title='bbox 1812 529 1954 574; x_wconf 89' lang='lat' dir='ltr'>Com-</span> 
     </span>
     <span class='ocr_line' id='line_1_6' title="bbox 321 605 1369 667; baseline -0.006 -13"><span class='ocrx_word' id='word_1_41' title='bbox 321 609 502 667; x_wconf 83' lang='lat' dir='ltr'>pagnia,</span> <span class='ocrx_word' id='word_1_42' title='bbox 527 609 557 651; x_wconf 92' lang='lat' dir='ltr'>il</span> <span class='ocrx_word' id='word_1_43' title='bbox 578 610 664 651; x_wconf 92' lang='lat' dir='ltr'>che</span> <span class='ocrx_word' id='word_1_44' title='bbox 684 609 828 651; x_wconf 83' lang='lat' dir='ltr'>anche</span> <span class='ocrx_word' id='word_1_45' title='bbox 851 608 876 650; x_wconf 78' lang='lat' dir='ltr'>e</span> <span class='ocrx_word' id='word_1_46' title='bbox 897 607 1128 650; x_wconf 84' lang='lat' dir='ltr'>conforme</span> <span class='ocrx_word' id='word_1_47' title='bbox 1151 605 1192 648; x_wconf 90' lang='lat' dir='ltr'>al</span> <span class='ocrx_word' id='word_1_48' title='bbox 1213 605 1369 649; x_wconf 90' lang='lat' dir='ltr'>douer.</span> 
     </span>
    </p>

    <p class='ocr_par' dir='ltr' id='par_1_4' title="bbox 306 681 1959 2199">
     <span class='ocr_line' id='line_1_7' title="bbox 409 681 1953 740; baseline -0.001 -11"><span class='ocrx_word' id='word_1_49' title='bbox 409 698 450 740; x_wconf 90' lang='lat'>7.</span> <span class='ocrx_word' id='word_1_50' title='bbox 516 686 549 728; x_wconf 92' lang='lat' dir='ltr'>Il</span> <span class='ocrx_word' id='word_1_51' title='bbox 574 686 624 728; x_wconf 82' lang='lat' dir='ltr'><strong>P.</strong></span> <span class='ocrx_word' id='word_1_52' title='bbox 652 683 883 729; x_wconf 89' lang='lat' dir='ltr'>Scorichio</span> <span class='ocrx_word' id='word_1_53' title='bbox 911 682 1062 726; x_wconf 82' lang='lat' dir='ltr'>arriuo</span> <span class='ocrx_word' id='word_1_54' title='bbox 1090 697 1116 725; x_wconf 90' lang='lat' dir='ltr'>a</span> <span class='ocrx_word' id='word_1_55' title='bbox 1138 683 1282 725; x_wconf 91' lang='lat' dir='ltr'>Roma</span> <span class='ocrx_word' id='word_1_56' title='bbox 1303 681 1350 724; x_wconf 93' lang='lat' dir='ltr'>in</span> <span class='ocrx_word' id='word_1_57' title='bbox 1372 688 1524 738; x_wconf 83' lang='lat' dir='ltr'>tempo</span> <span class='ocrx_word' id='word_1_58' title='bbox 1552 681 1598 725; x_wconf 90' lang='lat' dir='ltr'>di</span> <span class='ocrx_word' id='word_1_59' title='bbox 1625 683 1787 739; x_wconf 84' lang='lat' dir='ltr'>grandi</span> <span class='ocrx_word' id='word_1_60' title='bbox 1814 683 1953 737; x_wconf 78' lang='lat' dir='ltr'>caldi,</span> 
     </span>
     <span class='ocr_line' id='line_1_8' title="bbox 319 752 1952 812; baseline -0.001 -4"><span class='ocrx_word' id='word_1_61' title='bbox 319 771 363 809; x_wconf 90' lang='lat' dir='ltr'>et</span> <span class='ocrx_word' id='word_1_62' title='bbox 385 763 478 807; x_wconf 90' lang='lat' dir='ltr'>cosi</span> <span class='ocrx_word' id='word_1_63' title='bbox 501 763 549 804; x_wconf 87' lang='lat' dir='ltr'>fu</span> <span class='ocrx_word' id='word_1_64' title='bbox 572 761 783 804; x_wconf 91' lang='lat' dir='ltr'>mandato</span> <span class='ocrx_word' id='word_1_65' title='bbox 805 761 850 803; x_wconf 92' lang='lat' dir='ltr'>in</span> <span class='ocrx_word' id='word_1_66' title='bbox 874 762 909 803; x_wconf 86' lang='lat' dir='ltr'><strong>F</strong></span> <span class='ocrx_word' id='word_1_67' title='bbox 912 759 1091 812; x_wconf 86' lang='lat' dir='ltr'>rascati,</span> <span class='ocrx_word' id='word_1_68' title='bbox 1116 752 1238 802; x_wconf 87' lang='lat' dir='ltr'>doue</span> <span class='ocrx_word' id='word_1_69' title='bbox 1259 760 1380 802; x_wconf 78' lang='lat' dir='ltr'>stara</span> <span class='ocrx_word' id='word_1_70' title='bbox 1404 758 1554 803; x_wconf 89' lang='lat' dir='ltr'>insino</span> <span class='ocrx_word' id='word_1_71' title='bbox 1576 774 1603 803; x_wconf 92' lang='lat' dir='ltr'>a</span> <span class='ocrx_word' id='word_1_72' title='bbox 1624 766 1751 803; x_wconf 91' lang='lat' dir='ltr'>tanto</span> <span class='ocrx_word' id='word_1_73' title='bbox 1772 762 1857 806; x_wconf 90' lang='lat' dir='ltr'>che</span> <span class='ocrx_word' id='word_1_74' title='bbox 1877 776 1952 807; x_wconf 90' lang='lat' dir='ltr'>re·-</span> 
     </span>
     <span class='ocr_line' id='line_1_9' title="bbox 320 837 1955 894; baseline -0.001 -11"><span class='ocrx_word' id='word_1_75' title='bbox 320 839 497 885; x_wconf 83' lang='lat' dir='ltr'>freschi.</span> <span class='ocrx_word' id='word_1_76' title='bbox 526 838 722 894; x_wconf 78' lang='lat' dir='ltr'>Quando</span> <span class='ocrx_word' id='word_1_77' title='bbox 745 837 781 881; x_wconf 90' lang='lat' dir='ltr'>si</span> <span class='ocrx_word' id='word_1_78' title='bbox 804 851 1022 881; x_wconf 90' lang='lat' dir='ltr'>menorno</span> <span class='ocrx_word' id='word_1_79' title='bbox 1044 837 1086 880; x_wconf 86' lang='lat' dir='ltr'>al</span> <span class='ocrx_word' id='word_1_80' title='bbox 1103 837 1166 879; x_wconf 92' lang='lat' dir='ltr'>fin</span> <span class='ocrx_word' id='word_1_81' title='bbox 1188 837 1232 879; x_wconf 90' lang='lat' dir='ltr'>d&#39;</span> <span class='ocrx_word' id='word_1_82' title='bbox 1253 837 1433 892; x_wconf 86' lang='lat' dir='ltr'>Agosto</span> <span class='ocrx_word' id='word_1_83' title='bbox 1455 837 1498 880; x_wconf 94' lang='lat' dir='ltr'>al</span> <span class='ocrx_word' id='word_1_84' title='bbox 1518 851 1634 893; x_wconf 88' lang='lat' dir='ltr'>papa</span> <span class='ocrx_word' id='word_1_85' title='bbox 1649 837 1792 891; x_wconf 90' lang='lat' dir='ltr'>molti,</span> <span class='ocrx_word' id='word_1_86' title='bbox 1813 839 1898 884; x_wconf 89' lang='lat' dir='ltr'>che</span> <span class='ocrx_word' id='word_1_87' title='bbox 1913 837 1955 881; x_wconf 79' lang='lat' dir='ltr'>si</span> 
     </span>
     <span class='ocr_line' id='line_1_10' title="bbox 316 913 1959 970; baseline -0.001 -10"><span class='ocrx_word' id='word_1_88' title='bbox 316 917 601 960; x_wconf 88' lang='lat' dir='ltr'>mandauano</span> <span class='ocrx_word' id='word_1_89' title='bbox 621 915 668 958; x_wconf 90' lang='lat' dir='ltr'>in</span> <span class='ocrx_word' id='word_1_90' title='bbox 690 914 935 959; x_wconf 81' lang='lat' dir='ltr'>Germania</span> <span class='ocrx_word' id='word_1_91' title='bbox 956 920 1002 958; x_wconf 88' lang='lat' dir='ltr'>et</span> <span class='ocrx_word' id='word_1_92' title='bbox 1025 913 1214 957; x_wconf 86' lang='lat' dir='ltr'>Francia</span> <span class='ocrx_word' id='word_1_93' title='bbox 1230 920 1276 957; x_wconf 91' lang='lat' dir='ltr'>et</span> <span class='ocrx_word' id='word_1_94' title='bbox 1293 914 1406 957; x_wconf 90' lang='lat' dir='ltr'>altre</span> <span class='ocrx_word' id='word_1_95' title='bbox 1423 913 1555 970; x_wconf 89' lang='lat' dir='ltr'>parti,</span> <span class='ocrx_word' id='word_1_96' title='bbox 1575 914 1634 957; x_wconf 91' lang='lat' dir='ltr'>da</span> <span class='ocrx_word' id='word_1_97' title='bbox 1655 928 1704 957; x_wconf 91' lang='lat' dir='ltr'>se</span> <span class='ocrx_word' id='word_1_98' title='bbox 1721 913 1758 957; x_wconf 88' lang='lat' dir='ltr'>si</span> <span class='ocrx_word' id='word_1_99' title='bbox 1775 914 1959 960; x_wconf 78' lang='lat' dir='ltr'>ricordo</span> 
     </span>
     <span class='ocr_line' id='line_1_11' title="bbox 315 989 1956 1056; baseline -0.001 -19"><span class='ocrx_word' id='word_1_100' title='bbox 315 995 432 1038; x_wconf 88' lang='lat' dir='ltr'>della</span> <span class='ocrx_word' id='word_1_101' title='bbox 453 993 678 1036; x_wconf 88' lang='lat' dir='ltr'>domanda</span> <span class='ocrx_word' id='word_1_102' title='bbox 699 992 771 1034; x_wconf 88' lang='lat' dir='ltr'>del</span> <span class='ocrx_word' id='word_1_103' title='bbox 798 1004 996 1035; x_wconf 86' lang='lat' dir='ltr'>vescouo</span> <span class='ocrx_word' id='word_1_104' title='bbox 1025 991 1082 1034; x_wconf 91' lang='lat' dir='ltr'>de</span> <span class='ocrx_word' id='word_1_105' title='bbox 1111 989 1347 1034; x_wconf 87' lang='lat' dir='ltr'>Olomutio</span> <span class='ocrx_word' id='word_1_106' title='bbox 1382 992 1410 1043; x_wconf 90' lang='lat'>¹,</span> <span class='ocrx_word' id='word_1_107' title='bbox 1442 989 1635 1056; x_wconf 84' lang='lat' dir='ltr'>dicendo</span> <span class='ocrx_word' id='word_1_108' title='bbox 1672 992 1758 1036; x_wconf 92' lang='lat' dir='ltr'>che</span> <span class='ocrx_word' id='word_1_109' title='bbox 1787 991 1956 1036; x_wconf 87' lang='lat' dir='ltr'>uoleua</span> 
     </span>
     <span class='ocr_line' id='line_1_12' title="bbox 314 1068 1954 1125; baseline -0.001 -11"><span class='ocrx_word' id='word_1_110' title='bbox 314 1073 381 1114; x_wconf 90' lang='lat' dir='ltr'>far</span> <span class='ocrx_word' id='word_1_111' title='bbox 402 1085 464 1113; x_wconf 92' lang='lat' dir='ltr'>un</span> <span class='ocrx_word' id='word_1_112' title='bbox 486 1068 694 1125; x_wconf 84' lang='lat' dir='ltr'>collegio,</span> <span class='ocrx_word' id='word_1_113' title='bbox 721 1076 766 1113; x_wconf 90' lang='lat' dir='ltr'>et</span> <span class='ocrx_word' id='word_1_114' title='bbox 788 1070 873 1113; x_wconf 89' lang='lat' dir='ltr'>che</span> <span class='ocrx_word' id='word_1_115' title='bbox 894 1083 971 1111; x_wconf 88' lang='lat' dir='ltr'>era</span> <span class='ocrx_word' id='word_1_116' title='bbox 991 1081 1184 1124; x_wconf 86' lang='lat' dir='ltr'>persona</span> <span class='ocrx_word' id='word_1_117' title='bbox 1204 1068 1263 1110; x_wconf 93' lang='lat' dir='ltr'>da</span> <span class='ocrx_word' id='word_1_118' title='bbox 1285 1068 1418 1121; x_wconf 87' lang='lat' dir='ltr'>bene,</span> <span class='ocrx_word' id='word_1_119' title='bbox 1443 1074 1552 1121; x_wconf 89' lang='lat' dir='ltr'>etc.;</span> <span class='ocrx_word' id='word_1_120' title='bbox 1578 1074 1623 1112; x_wconf 90' lang='lat' dir='ltr'>et</span> <span class='ocrx_word' id='word_1_121' title='bbox 1652 1075 1954 1125; x_wconf 82' lang='lat' dir='ltr'>quantunque</span> 
     </span>
     <span class='ocr_line' id='line_1_13' title="bbox 313 1143 1949 1197; baseline 0 -6"><span class='ocrx_word' id='word_1_122' title='bbox 313 1163 402 1191; x_wconf 92' lang='lat' dir='ltr'>non</span> <span class='ocrx_word' id='word_1_123' title='bbox 427 1147 468 1190; x_wconf 91' lang='lat' dir='ltr'>ci</span> <span class='ocrx_word' id='word_1_124' title='bbox 489 1147 710 1190; x_wconf 82' lang='lat' dir='ltr'>comando</span> <span class='ocrx_word' id='word_1_125' title='bbox 737 1146 907 1197; x_wconf 89' lang='lat' dir='ltr'>niente,</span> <span class='ocrx_word' id='word_1_126' title='bbox 939 1144 1056 1189; x_wconf 86' lang='lat' dir='ltr'>assai</span> <span class='ocrx_word' id='word_1_127' title='bbox 1084 1144 1265 1188; x_wconf 81' lang='lat' dir='ltr'>insinuo</span> <span class='ocrx_word' id='word_1_128' title='bbox 1292 1146 1377 1188; x_wconf 91' lang='lat' dir='ltr'>che</span> <span class='ocrx_word' id='word_1_129' title='bbox 1400 1146 1582 1188; x_wconf 90' lang='lat' dir='ltr'>haueua</span> <span class='ocrx_word' id='word_1_130' title='bbox 1608 1143 1902 1190; x_wconf 85' lang='lat' dir='ltr'>inclinatione</span> <span class='ocrx_word' id='word_1_131' title='bbox 1922 1161 1949 1191; x_wconf 87' lang='lat' dir='ltr'>a</span> 
     </span>
     <span class='ocr_line' id='line_1_14' title="bbox 310 1221 1953 1281; baseline 0 -13"><span class='ocrx_word' id='word_1_132' title='bbox 310 1224 564 1281; x_wconf 86' lang='lat' dir='ltr'>compiacer</span> <span class='ocrx_word' id='word_1_133' title='bbox 579 1223 627 1266; x_wconf 91' lang='lat' dir='ltr'>in</span> <span class='ocrx_word' id='word_1_134' title='bbox 648 1224 753 1278; x_wconf 90' lang='lat' dir='ltr'>quel</span> <span class='ocrx_word' id='word_1_135' title='bbox 774 1224 860 1267; x_wconf 83' lang='lat' dir='ltr'>che</span> <span class='ocrx_word' id='word_1_136' title='bbox 882 1222 919 1265; x_wconf 91' lang='lat' dir='ltr'>si</span> <span class='ocrx_word' id='word_1_137' title='bbox 936 1221 1103 1278; x_wconf 87' lang='lat' dir='ltr'>potessi</span> <span class='ocrx_word' id='word_1_138' title='bbox 1122 1223 1163 1265; x_wconf 93' lang='lat' dir='ltr'>al</span> <span class='ocrx_word' id='word_1_139' title='bbox 1184 1236 1399 1266; x_wconf 89' lang='lat' dir='ltr'>vescouo.</span> <span class='ocrx_word' id='word_1_140' title='bbox 1421 1222 1599 1277; x_wconf 82' lang='lat' dir='ltr'>Questo</span> <span class='ocrx_word' id='word_1_141' title='bbox 1616 1237 1696 1278; x_wconf 86' lang='lat' dir='ltr'>per</span> <span class='ocrx_word' id='word_1_142' title='bbox 1712 1221 1855 1266; x_wconf 88' lang='lat' dir='ltr'>auiso.</span> <span class='ocrx_word' id='word_1_143' title='bbox 1875 1224 1953 1268; x_wconf 88' lang='lat' dir='ltr'>De</span> 
     </span>
     <span class='ocr_line' id='line_1_15' title="bbox 314 1298 1953 1363; baseline -0.001 -18"><span class='ocrx_word' id='word_1_144' title='bbox 314 1304 448 1346; x_wconf 87' lang='lat' dir='ltr'>Mtro.</span> <span class='ocrx_word' id='word_1_145' title='bbox 474 1300 724 1344; x_wconf 91' lang='lat' dir='ltr'>Domenico</span> <span class='ocrx_word' id='word_1_146' title='bbox 741 1301 774 1354; x_wconf 81' lang='lat'>²,</span> <span class='ocrx_word' id='word_1_147' title='bbox 800 1306 942 1343; x_wconf 87' lang='lat' dir='ltr'>rettor</span> <span class='ocrx_word' id='word_1_148' title='bbox 962 1299 1008 1342; x_wconf 92' lang='lat' dir='ltr'>di</span> <span class='ocrx_word' id='word_1_149' title='bbox 1031 1298 1289 1352; x_wconf 92' lang='lat' dir='ltr'>Monachio,</span> <span class='ocrx_word' id='word_1_150' title='bbox 1315 1300 1373 1342; x_wconf 93' lang='lat' dir='ltr'>V.</span> <span class='ocrx_word' id='word_1_151' title='bbox 1400 1300 1454 1342; x_wconf 91' lang='lat' dir='ltr'>R.</span> <span class='ocrx_word' id='word_1_152' title='bbox 1475 1298 1618 1342; x_wconf 89' lang='lat' dir='ltr'>faccia</span> <span class='ocrx_word' id='word_1_153' title='bbox 1634 1313 1762 1342; x_wconf 90' lang='lat' dir='ltr'>come</span> <span class='ocrx_word' id='word_1_154' title='bbox 1778 1299 1953 1363; x_wconf 82' lang='lat' dir='ltr'>meglio</span> 
     </span>
     <span class='ocr_line' id='line_1_16' title="bbox 312 1375 1951 1435; baseline 0 -14"><span class='ocrx_word' id='word_1_155' title='bbox 312 1379 342 1421; x_wconf 91' lang='lat' dir='ltr'>li</span> <span class='ocrx_word' id='word_1_156' title='bbox 363 1380 536 1435; x_wconf 80' lang='lat' dir='ltr'>parera,</span> <span class='ocrx_word' id='word_1_157' title='bbox 576 1379 758 1433; x_wconf 80' lang='lat' dir='ltr'>perche,</span> <span class='ocrx_word' id='word_1_158' title='bbox 794 1377 943 1420; x_wconf 89' lang='lat' dir='ltr'>siben</span> <span class='ocrx_word' id='word_1_159' title='bbox 971 1376 1036 1420; x_wconf 85' lang='lat' dir='ltr'>sia</span> <span class='ocrx_word' id='word_1_160' title='bbox 1065 1375 1182 1419; x_wconf 85' lang='lat' dir='ltr'>assai</span> <span class='ocrx_word' id='word_1_161' title='bbox 1218 1375 1474 1419; x_wconf 88' lang='lat' dir='ltr'>necessario</span> <span class='ocrx_word' id='word_1_162' title='bbox 1511 1391 1591 1432; x_wconf 90' lang='lat' dir='ltr'>per</span> <span class='ocrx_word' id='word_1_163' title='bbox 1618 1376 1824 1429; x_wconf 89' lang='lat' dir='ltr'>Francia,</span> <span class='ocrx_word' id='word_1_164' title='bbox 1854 1378 1951 1433; x_wconf 78' lang='lat' dir='ltr'>puo</span> 
     </span>
     <span class='ocr_line' id='line_1_17' title="bbox 312 1452 1949 1509; baseline -0.001 -11"><span class='ocrx_word' id='word_1_165' title='bbox 312 1469 461 1499; x_wconf 77' lang='lat' dir='ltr'>essere</span> <span class='ocrx_word' id='word_1_166' title='bbox 483 1469 574 1497; x_wconf 91' lang='lat' dir='ltr'>non</span> <span class='ocrx_word' id='word_1_167' title='bbox 596 1469 757 1497; x_wconf 88' lang='lat' dir='ltr'>manco</span> <span class='ocrx_word' id='word_1_168' title='bbox 776 1453 1033 1497; x_wconf 87' lang='lat' dir='ltr'>necessario</span> <span class='ocrx_word' id='word_1_169' title='bbox 1056 1467 1134 1509; x_wconf 90' lang='lat' dir='ltr'>per</span> <span class='ocrx_word' id='word_1_170' title='bbox 1155 1452 1419 1498; x_wconf 87' lang='lat' dir='ltr'>Germania.</span> <span class='ocrx_word' id='word_1_171' title='bbox 1446 1452 1510 1497; x_wconf 91' lang='lat' dir='ltr'>Mi</span> <span class='ocrx_word' id='word_1_172' title='bbox 1532 1454 1590 1495; x_wconf 90' lang='lat' dir='ltr'>ha</span> <span class='ocrx_word' id='word_1_173' title='bbox 1611 1452 1881 1509; x_wconf 89' lang='lat' dir='ltr'>dispiaciuto</span> <span class='ocrx_word' id='word_1_174' title='bbox 1903 1455 1949 1498; x_wconf 87' lang='lat' dir='ltr'>la</span> 
     </span>
     <span class='ocr_line' id='line_1_18' title="bbox 311 1521 1945 1586; baseline 0 -12"><span class='ocrx_word' id='word_1_175' title='bbox 311 1532 389 1575; x_wconf 88' lang='lat' dir='ltr'>lite</span> <span class='ocrx_word' id='word_1_176' title='bbox 426 1531 472 1574; x_wconf 86' lang='lat' dir='ltr'>di</span> <span class='ocrx_word' id='word_1_177' title='bbox 508 1532 744 1575; x_wconf 90' lang='lat' dir='ltr'>Leonardo</span> <span class='ocrx_word' id='word_1_178' title='bbox 777 1533 790 1552; x_wconf 84' lang='lat'>³</span> <span class='ocrx_word' id='word_1_179' title='bbox 831 1531 1036 1582; x_wconf 90' lang='lat' dir='ltr'>tudesco‚</span> <span class='ocrx_word' id='word_1_180' title='bbox 1069 1537 1114 1574; x_wconf 92' lang='lat' dir='ltr'>et</span> <span class='ocrx_word' id='word_1_181' title='bbox 1134 1529 1360 1574; x_wconf 92' lang='lat' dir='ltr'>conuieue</span> <span class='ocrx_word' id='word_1_182' title='bbox 1397 1544 1613 1586; x_wconf 80' lang='lat' dir='ltr'>procurat</span> <span class='ocrx_word' id='word_1_183' title='bbox 1650 1521 1782 1583; x_wconf 87' lang='lat' dir='ltr'>cessi,</span> <span class='ocrx_word' id='word_1_184' title='bbox 1817 1537 1863 1574; x_wconf 91' lang='lat' dir='ltr'>et</span> <span class='ocrx_word' id='word_1_185' title='bbox 1883 1531 1945 1575; x_wconf 92' lang='lat' dir='ltr'>mi</span> 
     </span>
     <span class='ocr_line' id='line_1_19' title="bbox 311 1606 1950 1664; baseline 0.001 -13"><span class='ocrx_word' id='word_1_186' title='bbox 311 1607 471 1652; x_wconf 90' lang='lat' dir='ltr'>rimeto</span> <span class='ocrx_word' id='word_1_187' title='bbox 494 1609 568 1653; x_wconf 87' lang='lat' dir='ltr'>nel</span> <span class='ocrx_word' id='word_1_188' title='bbox 588 1609 722 1651; x_wconf 87' lang='lat' dir='ltr'>modo</span> <span class='ocrx_word' id='word_1_189' title='bbox 745 1623 770 1651; x_wconf 92' lang='lat' dir='ltr'>a</span> <span class='ocrx_word' id='word_1_190' title='bbox 792 1610 849 1651; x_wconf 94' lang='lat' dir='ltr'>V.</span> <span class='ocrx_word' id='word_1_191' title='bbox 876 1610 950 1660; x_wconf 91' lang='lat' dir='ltr'><strong>R.;</strong></span> <span class='ocrx_word' id='word_1_192' title='bbox 990 1615 1036 1651; x_wconf 89' lang='lat' dir='ltr'>et</span> <span class='ocrx_word' id='word_1_193' title='bbox 1072 1621 1153 1664; x_wconf 90' lang='lat' dir='ltr'>per</span> <span class='ocrx_word' id='word_1_194' title='bbox 1168 1607 1199 1649; x_wconf 94' lang='lat' dir='ltr'>l&#39;</span> <span class='ocrx_word' id='word_1_195' title='bbox 1218 1606 1405 1651; x_wconf 90' lang='lat' dir='ltr'>auenire</span> <span class='ocrx_word' id='word_1_196' title='bbox 1426 1606 1464 1650; x_wconf 92' lang='lat' dir='ltr'>si</span> <span class='ocrx_word' id='word_1_197' title='bbox 1481 1607 1556 1649; x_wconf 88' lang='lat' dir='ltr'>dia</span> <span class='ocrx_word' id='word_1_198' title='bbox 1591 1606 1750 1651; x_wconf 88' lang='lat' dir='ltr'>ordine</span> <span class='ocrx_word' id='word_1_199' title='bbox 1771 1609 1856 1652; x_wconf 94' lang='lat' dir='ltr'>che</span> <span class='ocrx_word' id='word_1_200' title='bbox 1876 1607 1950 1652; x_wconf 73' lang='lat' dir='ltr'>liti.</span> 
     </span>
     <span class='ocr_line' id='line_1_20' title="bbox 310 1683 1947 1740; baseline 0.001 -12"><span class='ocrx_word' id='word_1_201' title='bbox 310 1685 442 1728; x_wconf 86' lang='lat' dir='ltr'>simili</span> <span class='ocrx_word' id='word_1_202' title='bbox 480 1699 565 1728; x_wconf 91' lang='lat' dir='ltr'>con</span> <span class='ocrx_word' id='word_1_203' title='bbox 594 1692 720 1728; x_wconf 88' lang='lat' dir='ltr'>tanto</span> <span class='ocrx_word' id='word_1_204' title='bbox 748 1699 863 1740; x_wconf 89' lang='lat' dir='ltr'>poca</span> <span class='ocrx_word' id='word_1_205' title='bbox 896 1683 1199 1728; x_wconf 88' lang='lat' dir='ltr'>edifficatione</span> <span class='ocrx_word' id='word_1_206' title='bbox 1227 1698 1322 1727; x_wconf 91' lang='lat' dir='ltr'>non</span> <span class='ocrx_word' id='word_1_207' title='bbox 1350 1683 1388 1726; x_wconf 92' lang='lat' dir='ltr'>si</span> <span class='ocrx_word' id='word_1_208' title='bbox 1419 1683 1594 1740; x_wconf 85' lang='lat' dir='ltr'>piglino</span> <span class='ocrx_word' id='word_1_209' title='bbox 1621 1690 1657 1726; x_wconf 48' lang='lat' dir='ltr'>a·</span> <span class='ocrx_word' id='word_1_210' title='bbox 1685 1685 1725 1726; x_wconf 90' lang='lat' dir='ltr'>Y</span> <span class='ocrx_word' id='word_1_211' title='bbox 1754 1698 1812 1728; x_wconf 92' lang='lat' dir='ltr'>en</span> <span class='ocrx_word' id='word_1_212' title='bbox 1843 1691 1947 1730; x_wconf 80' lang='lat' dir='ltr'>esta.</span> 
     </span>
     <span class='ocr_line' id='line_1_21' title="bbox 310 1761 1942 1818; baseline 0.001 -14"><span class='ocrx_word' id='word_1_213' title='bbox 310 1764 428 1818; x_wconf 78' lang='lat' dir='ltr'>haga</span> <span class='ocrx_word' id='word_1_214' title='bbox 450 1763 493 1805; x_wconf 93' lang='lat' dir='ltr'>lo</span> <span class='ocrx_word' id='word_1_215' title='bbox 515 1776 604 1817; x_wconf 91' lang='lat' dir='ltr'>que</span> <span class='ocrx_word' id='word_1_216' title='bbox 624 1763 666 1806; x_wconf 91' lang='grc'>10</span> <span class='ocrx_word' id='word_1_217' title='bbox 703 1762 944 1818; x_wconf 82' lang='lat' dir='ltr'>pareciere.</span> <span class='ocrx_word' id='word_1_218' title='bbox 987 1763 1034 1806; x_wconf 90' lang='lat' dir='ltr'>S&#39;</span> <span class='ocrx_word' id='word_1_219' title='bbox 1067 1762 1092 1804; x_wconf 83' lang='lat' dir='ltr'>e</span> <span class='ocrx_word' id='word_1_220' title='bbox 1114 1761 1234 1804; x_wconf 89' lang='lat' dir='ltr'>uista</span> <span class='ocrx_word' id='word_1_221' title='bbox 1261 1761 1410 1816; x_wconf 84' lang='lat' dir='ltr'>quella</span> <span class='ocrx_word' id='word_1_222' title='bbox 1436 1761 1598 1805; x_wconf 86' lang='lat' dir='ltr'>lettera</span> <span class='ocrx_word' id='word_1_223' title='bbox 1625 1761 1699 1804; x_wconf 88' lang='lat' dir='ltr'>del</span> <span class='ocrx_word' id='word_1_224' title='bbox 1727 1763 1861 1805; x_wconf 90' lang='lat' dir='ltr'>Mtro.</span> <span class='ocrx_word' id='word_1_225' title='bbox 1893 1762 1942 1805; x_wconf 87' lang='lat' dir='ltr'>di·</span> 
     </span>
     <span class='ocr_line' id='line_1_22' title="bbox 309 1837 1944 1894; baseline -0.002 -13"><span class='ocrx_word' id='word_1_226' title='bbox 309 1852 413 1881; x_wconf 90' lang='lat' dir='ltr'>casa</span> <span class='ocrx_word' id='word_1_227' title='bbox 433 1839 550 1883; x_wconf 91' lang='lat' dir='ltr'>delle</span> <span class='ocrx_word' id='word_1_228' title='bbox 571 1838 743 1894; x_wconf 83' lang='lat' dir='ltr'>regine,</span> <span class='ocrx_word' id='word_1_229' title='bbox 769 1845 814 1881; x_wconf 89' lang='lat' dir='ltr'>et</span> <span class='ocrx_word' id='word_1_230' title='bbox 836 1839 1113 1892; x_wconf 86' lang='lat' dir='ltr'>finalmente,</span> <span class='ocrx_word' id='word_1_231' title='bbox 1139 1837 1402 1881; x_wconf 90' lang='lat' dir='ltr'>trouandosi</span> <span class='ocrx_word' id='word_1_232' title='bbox 1425 1839 1482 1882; x_wconf 93' lang='lat' dir='ltr'>V.</span> <span class='ocrx_word' id='word_1_233' title='bbox 1509 1839 1563 1880; x_wconf 90' lang='lat' dir='ltr'>R.</span> <span class='ocrx_word' id='word_1_234' title='bbox 1590 1837 1710 1890; x_wconf 82' lang='lat' dir='ltr'>dila,</span> <span class='ocrx_word' id='word_1_235' title='bbox 1731 1845 1777 1882; x_wconf 88' lang='lat' dir='ltr'>et</span> <span class='ocrx_word' id='word_1_236' title='bbox 1793 1840 1944 1882; x_wconf 84' lang='lat' dir='ltr'>anche</span> 
     </span>
     <span class='ocr_line' id='line_1_23' title="bbox 308 1914 1941 1971; baseline 0.001 -14"><span class='ocrx_word' id='word_1_237' title='bbox 308 1915 339 1957; x_wconf 90' lang='lat' dir='ltr'>il</span> <span class='ocrx_word' id='word_1_238' title='bbox 363 1918 413 1958; x_wconf 89' lang='grc' dir='ltr'>Ρ.</span> <span class='ocrx_word' id='word_1_239' title='bbox 437 1915 622 1959; x_wconf 90' lang='lat' dir='ltr'>Canisio</span> <span class='ocrx_word' id='word_1_240' title='bbox 645 1922 690 1958; x_wconf 89' lang='lat' dir='ltr'>et</span> <span class='ocrx_word' id='word_1_241' title='bbox 716 1916 886 1970; x_wconf 71' lang='lat' dir='ltr'>lanoy,</span> <span class='ocrx_word' id='word_1_242' title='bbox 912 1916 1176 1971; x_wconf 85' lang='lat' dir='ltr'>prouedano</span> <span class='ocrx_word' id='word_1_243' title='bbox 1194 1929 1323 1959; x_wconf 90' lang='lat' dir='ltr'>come</span> <span class='ocrx_word' id='word_1_244' title='bbox 1344 1914 1512 1971; x_wconf 84' lang='lat' dir='ltr'>meglio</span> <span class='ocrx_word' id='word_1_245' title='bbox 1534 1914 1563 1956; x_wconf 89' lang='grc'>11</span> <span class='ocrx_word' id='word_1_246' title='bbox 1587 1917 1746 1971; x_wconf 82' lang='lat' dir='ltr'>patera</span> <span class='ocrx_word' id='word_1_247' title='bbox 1768 1916 1818 1958; x_wconf 75' lang='lat' dir='ltr'>ln</span> <span class='ocrx_word' id='word_1_248' title='bbox 1838 1917 1941 1958; x_wconf 80' lang='lat' dir='ltr'>Do-</span> 
     </span>
     <span class='ocr_line' id='line_1_24' title="bbox 307 1991 1943 2048; baseline 0.001 -14"><span class='ocrx_word' id='word_1_249' title='bbox 307 1993 446 2035; x_wconf 79' lang='lat' dir='ltr'>mino,</span> <span class='ocrx_word' id='word_1_250' title='bbox 472 1993 542 2036; x_wconf 80' lang='lat' dir='ltr'>Ne</span> <span class='ocrx_word' id='word_1_251' title='bbox 563 1993 677 2035; x_wconf 91' lang='lat' dir='ltr'>altro</span> <span class='ocrx_word' id='word_1_252' title='bbox 699 2006 881 2036; x_wconf 88' lang='lat' dir='ltr'>occorre</span> <span class='ocrx_word' id='word_1_253' title='bbox 909 1992 978 2034; x_wconf 89' lang='lat' dir='ltr'>dir</span> <span class='ocrx_word' id='word_1_254' title='bbox 999 1993 1046 2035; x_wconf 89' lang='lat' dir='ltr'>in</span> <span class='ocrx_word' id='word_1_255' title='bbox 1075 1992 1285 2048; x_wconf 88' lang='lat' dir='ltr'>risposta.</span> <span class='ocrx_word' id='word_1_256' title='bbox 1317 1991 1444 2035; x_wconf 87' lang='lat' dir='ltr'>Tutti</span> <span class='ocrx_word' id='word_1_257' title='bbox 1473 1991 1515 2035; x_wconf 92' lang='lat' dir='ltr'>ci</span> <span class='ocrx_word' id='word_1_258' title='bbox 1542 1992 1943 2036; x_wconf 90' lang='lat' dir='ltr'>raccomandiamo</span> 
     </span>
     <span class='ocr_line' id='line_1_25' title="bbox 306 2067 1937 2125; baseline 0.001 -14"><span class='ocrx_word' id='word_1_259' title='bbox 306 2069 445 2112; x_wconf 91' lang='lat' dir='ltr'>molto</span> <span class='ocrx_word' id='word_1_260' title='bbox 467 2069 583 2112; x_wconf 89' lang='lat' dir='ltr'>nelle</span> <span class='ocrx_word' id='word_1_261' title='bbox 605 2067 794 2111; x_wconf 90' lang='lat' dir='ltr'>orationi</span> <span class='ocrx_word' id='word_1_262' title='bbox 816 2075 861 2111; x_wconf 89' lang='lat' dir='ltr'>et</span> <span class='ocrx_word' id='word_1_263' title='bbox 887 2068 1093 2125; x_wconf 87' lang='lat' dir='ltr'>sacrificij</span> <span class='ocrx_word' id='word_1_264' title='bbox 1119 2068 1166 2111; x_wconf 91' lang='lat' dir='ltr'>di</span> <span class='ocrx_word' id='word_1_265' title='bbox 1189 2070 1246 2112; x_wconf 88' lang='lat' dir='ltr'><strong>V.</strong></span> <span class='ocrx_word' id='word_1_266' title='bbox 1279 2070 1355 2121; x_wconf 86' lang='lat' dir='ltr'><strong>R.‚</strong></span> <span class='ocrx_word' id='word_1_267' title='bbox 1380 2075 1471 2113; x_wconf 90' lang='lat' dir='ltr'>etc.</span> <span class='ocrx_word' id='word_1_268' title='bbox 1501 2067 1561 2112; x_wconf 93' lang='lat' dir='ltr'>Di</span> <span class='ocrx_word' id='word_1_269' title='bbox 1589 2069 1748 2121; x_wconf 90' lang='lat' dir='ltr'>Roma,</span> <span class='ocrx_word' id='word_1_270' title='bbox 1780 2068 1812 2111; x_wconf 93' lang='lat' dir='ltr'>li</span> <span class='ocrx_word' id='word_1_271' title='bbox 1843 2082 1868 2124; x_wconf 87' lang='lat'><strong>3</strong></span> <span class='ocrx_word' id='word_1_272' title='bbox 1890 2069 1937 2112; x_wconf 91' lang='lat' dir='ltr'>di</span> 
     </span>
     <span class='ocr_line' id='line_1_26' title="bbox 307 2131 1620 2199; baseline -0.002 -10"><span class='ocrx_word' id='word_1_273' title='bbox 307 2146 562 2190; x_wconf 88' lang='lat' dir='ltr'>Settembre</span> <span class='ocrx_word' id='word_1_274' title='bbox 591 2145 716 2199; x_wconf 82' lang='lat'><strong>1566.</strong></span> <span class='ocrx_word' id='word_1_275' title='bbox 1615 2131 1620 2138; x_wconf 46' lang='lat'>⁵</span> 
     </span>
    </p>

    <p class='ocr_par' dir='ltr' id='par_1_5' title="bbox 300 2221 1942 2741">
     <span class='ocr_line' id='line_1_27' title="bbox 394 2221 1942 2279; baseline 0.002 -15"><span class='ocrx_word' id='word_1_276' title='bbox 394 2223 433 2265; x_wconf 83' lang='lat'><strong>8.</strong></span> <span class='ocrx_word' id='word_1_277' title='bbox 500 2221 660 2266; x_wconf 91' lang='lat' dir='ltr'>Scriue</span> <span class='ocrx_word' id='word_1_278' title='bbox 687 2223 744 2265; x_wconf 91' lang='lat' dir='ltr'>V.</span> <span class='ocrx_word' id='word_1_279' title='bbox 787 2223 839 2264; x_wconf 91' lang='lat' dir='ltr'>R.</span> <span class='ocrx_word' id='word_1_280' title='bbox 866 2224 950 2267; x_wconf 91' lang='lat' dir='ltr'>che</span> <span class='ocrx_word' id='word_1_281' title='bbox 985 2223 1016 2265; x_wconf 91' lang='lat' dir='ltr'>li</span> <span class='ocrx_word' id='word_1_282' title='bbox 1053 2222 1198 2266; x_wconf 80' lang='lat' dir='ltr'>nostri</span> <span class='ocrx_word' id='word_1_283' title='bbox 1223 2223 1281 2266; x_wconf 91' lang='lat' dir='ltr'>de</span> <span class='ocrx_word' id='word_1_284' title='bbox 1318 2222 1598 2278; x_wconf 81' lang='lat' dir='ltr'>Ingolstadio</span> <span class='ocrx_word' id='word_1_285' title='bbox 1635 2229 1838 2279; x_wconf 79' lang='lat' dir='ltr'>tengono</span> <span class='ocrx_word' id='word_1_286' title='bbox 1869 2230 1942 2267; x_wconf 87' lang='lat' dir='ltr'>tre</span> 
     </span>
     <span class='ocr_line' id='line_1_28' title="bbox 302 2298 1933 2356; baseline 0.001 -15"><span class='ocrx_word' id='word_1_287' title='bbox 302 2298 477 2341; x_wconf 89' lang='lat' dir='ltr'>lettioni</span> <span class='ocrx_word' id='word_1_288' title='bbox 513 2299 628 2342; x_wconf 90' lang='lat' dir='ltr'>delle</span> <span class='ocrx_word' id='word_1_289' title='bbox 671 2298 755 2341; x_wconf 88' lang='lat' dir='ltr'>arti</span> <span class='ocrx_word' id='word_1_290' title='bbox 783 2300 885 2341; x_wconf 82' lang='lat' dir='ltr'>nell’</span> <span class='ocrx_word' id='word_1_291' title='bbox 926 2300 1190 2353; x_wconf 84' lang='lat' dir='ltr'>vniuersita‚</span> <span class='ocrx_word' id='word_1_292' title='bbox 1223 2300 1321 2343; x_wconf 79' lang='lat' dir='ltr'>cioe</span> <span class='ocrx_word' id='word_1_293' title='bbox 1348 2299 1394 2342; x_wconf 89' lang='lat' dir='ltr'>di</span> <span class='ocrx_word' id='word_1_294' title='bbox 1421 2299 1585 2356; x_wconf 85' lang='lat' dir='ltr'>logica,</span> <span class='ocrx_word' id='word_1_295' title='bbox 1621 2299 1792 2356; x_wconf 88' lang='lat' dir='ltr'>phisica</span> <span class='ocrx_word' id='word_1_296' title='bbox 1820 2307 1866 2345; x_wconf 92' lang='lat' dir='ltr'>et</span> <span class='ocrx_word' id='word_1_297' title='bbox 1887 2300 1933 2343; x_wconf 90' lang='lat' dir='ltr'>di</span> 
     </span>
     <span class='ocr_line' id='line_1_29' title="bbox 303 2374 1930 2433; baseline 0.002 -16"><span class='ocrx_word' id='word_1_298' title='bbox 303 2375 464 2419; x_wconf 90' lang='lat' dir='ltr'>anima.</span> <span class='ocrx_word' id='word_1_299' title='bbox 491 2374 620 2418; x_wconf 89' lang='lat' dir='ltr'>Tutti</span> <span class='ocrx_word' id='word_1_300' title='bbox 641 2374 840 2430; x_wconf 78' lang='lat' dir='ltr'>sapi-amo</span> <span class='ocrx_word' id='word_1_301' title='bbox 863 2384 1032 2430; x_wconf 85' lang='lat' dir='ltr'>quanto</span> <span class='ocrx_word' id='word_1_302' title='bbox 1055 2377 1355 2420; x_wconf 83' lang='lat' dir='ltr'>raccomando</span> <span class='ocrx_word' id='word_1_303' title='bbox 1372 2377 1415 2419; x_wconf 92' lang='lat' dir='ltr'>la</span> <span class='ocrx_word' id='word_1_304' title='bbox 1435 2376 1771 2433; x_wconf 84' lang='lat' dir='ltr'>congregacion</span> <span class='ocrx_word' id='word_1_305' title='bbox 1788 2391 1930 2433; x_wconf 83' lang='lat' dir='ltr'>gene·-</span> 
     </span>
     <span class='ocr_line' id='line_1_30' title="bbox 303 2451 1928 2510; baseline 0.002 -17"><span class='ocrx_word' id='word_1_306' title='bbox 303 2452 367 2494; x_wconf 91' lang='lat' dir='ltr'>ral</span> <span class='ocrx_word' id='word_1_307' title='bbox 389 2452 418 2494; x_wconf 91' lang='lat' dir='ltr'>il</span> <span class='ocrx_word' id='word_1_308' title='bbox 441 2466 532 2495; x_wconf 91' lang='lat' dir='ltr'>non</span> <span class='ocrx_word' id='word_1_309' title='bbox 553 2451 716 2508; x_wconf 86' lang='lat' dir='ltr'>pigliar</span> <span class='ocrx_word' id='word_1_310' title='bbox 743 2452 867 2494; x_wconf 91' lang='lat' dir='ltr'>molti</span> <span class='ocrx_word' id='word_1_311' title='bbox 895 2453 1082 2509; x_wconf 84' lang='lat' dir='ltr'>oblighi‚</span> <span class='ocrx_word' id='word_1_312' title='bbox 1107 2453 1381 2510; x_wconf 89' lang='lat' dir='ltr'>imponendo</span> <span class='ocrx_word' id='word_1_313' title='bbox 1402 2452 1541 2496; x_wconf 92' lang='lat' dir='ltr'>nuoui</span> <span class='ocrx_word' id='word_1_314' title='bbox 1565 2452 1661 2509; x_wconf 88' lang='lat' dir='ltr'>pesi</span> <span class='ocrx_word' id='word_1_315' title='bbox 1682 2454 1768 2496; x_wconf 89' lang='lat' dir='ltr'>alla</span> <span class='ocrx_word' id='word_1_316' title='bbox 1789 2453 1928 2497; x_wconf 91' lang='lat' dir='ltr'>Com-</span> 
     </span>
     <span class='ocr_line' id='line_1_31' title="bbox 302 2528 1934 2586; baseline 0.002 -15"><span class='ocrx_word' id='word_1_317' title='bbox 302 2528 469 2584; x_wconf 83' lang='lat' dir='ltr'>pagnia</span> <span class='ocrx_word' id='word_1_318' title='bbox 490 2529 523 2571; x_wconf 76' lang='lat'><strong>⁴.</strong></span> <span class='ocrx_word' id='word_1_319' title='bbox 550 2528 704 2571; x_wconf 88' lang='lat' dir='ltr'>Potria</span> <span class='ocrx_word' id='word_1_320' title='bbox 726 2529 782 2571; x_wconf 93' lang='lat' dir='ltr'>V.</span> <span class='ocrx_word' id='word_1_321' title='bbox 810 2530 860 2571; x_wconf 91' lang='lat' dir='ltr'><strong>R.</strong></span> <span class='ocrx_word' id='word_1_322' title='bbox 884 2529 1058 2574; x_wconf 87' lang='lat' dir='ltr'>auisare</span> <span class='ocrx_word' id='word_1_323' title='bbox 1079 2531 1196 2573; x_wconf 91' lang='lat' dir='ltr'>delle</span> <span class='ocrx_word' id='word_1_324' title='bbox 1217 2529 1393 2586; x_wconf 84' lang='lat' dir='ltr'>ragioni</span> <span class='ocrx_word' id='word_1_325' title='bbox 1409 2532 1494 2574; x_wconf 92' lang='lat' dir='ltr'>che</span> <span class='ocrx_word' id='word_1_326' title='bbox 1516 2532 1575 2572; x_wconf 91' lang='lat' dir='ltr'>ha</span> <span class='ocrx_word' id='word_1_327' title='bbox 1596 2530 1668 2573; x_wconf 87' lang='lat' dir='ltr'>all’</span> <span class='ocrx_word' id='word_1_328' title='bbox 1693 2544 1783 2573; x_wconf 89' lang='lat' dir='ltr'>una</span> <span class='ocrx_word' id='word_1_329' title='bbox 1799 2538 1934 2586; x_wconf 88' lang='lat' dir='ltr'>parte</span> 
     </span>
     <span class='ocr_line' id='line_1_32' title="bbox 303 2605 1930 2662; baseline 0.002 -14"><span class='ocrx_word' id='word_1_330' title='bbox 303 2611 347 2648; x_wconf 90' lang='lat' dir='ltr'>et</span> <span class='ocrx_word' id='word_1_331' title='bbox 368 2606 440 2648; x_wconf 81' lang='lat' dir='ltr'>all&#39;</span> <span class='ocrx_word' id='word_1_332' title='bbox 467 2605 594 2658; x_wconf 82' lang='lat' dir='ltr'>altra3</span> <span class='ocrx_word' id='word_1_333' title='bbox 619 2612 665 2648; x_wconf 88' lang='lat' dir='ltr'>et</span> <span class='ocrx_word' id='word_1_334' title='bbox 686 2619 734 2647; x_wconf 89' lang='lat' dir='ltr'>se</span> <span class='ocrx_word' id='word_1_335' title='bbox 757 2607 900 2649; x_wconf 89' lang='lat' dir='ltr'>anche</span> <span class='ocrx_word' id='word_1_336' title='bbox 922 2607 1054 2650; x_wconf 89' lang='lat' dir='ltr'>alcun</span> <span class='ocrx_word' id='word_1_337' title='bbox 1081 2622 1236 2651; x_wconf 86' lang='lat' dir='ltr'>mezzo</span> <span class='ocrx_word' id='word_1_338' title='bbox 1258 2606 1438 2650; x_wconf 89' lang='lat' dir='ltr'>uedessi</span> <span class='ocrx_word' id='word_1_339' title='bbox 1459 2606 1505 2649; x_wconf 92' lang='lat' dir='ltr'>di</span> <span class='ocrx_word' id='word_1_340' title='bbox 1526 2613 1654 2662; x_wconf 89' lang='lat' dir='ltr'>poter</span> <span class='ocrx_word' id='word_1_341' title='bbox 1682 2607 1876 2651; x_wconf 88' lang='lat' dir='ltr'>scaricar</span> <span class='ocrx_word' id='word_1_342' title='bbox 1896 2607 1930 2651; x_wconf 90' lang='lat' dir='ltr'>il</span> 
     </span>
     <span class='ocr_line' id='line_1_33' title="bbox 300 2681 1929 2741; baseline 0.002 -18"><span class='ocrx_word' id='word_1_343' title='bbox 300 2682 492 2738; x_wconf 81' lang='lat' dir='ltr'>collegio</span> <span class='ocrx_word' id='word_1_344' title='bbox 513 2682 570 2726; x_wconf 91' lang='lat' dir='ltr'>de</span> <span class='ocrx_word' id='word_1_345' title='bbox 592 2681 871 2738; x_wconf 84' lang='lat' dir='ltr'>Ingolstadio</span> <span class='ocrx_word' id='word_1_346' title='bbox 893 2683 949 2724; x_wconf 91' lang='lat' dir='ltr'>de</span> <span class='ocrx_word' id='word_1_347' title='bbox 970 2691 1096 2738; x_wconf 84' lang='lat' dir='ltr'>parte</span> <span class='ocrx_word' id='word_1_348' title='bbox 1117 2684 1162 2726; x_wconf 91' lang='lat' dir='ltr'>di</span> <span class='ocrx_word' id='word_1_349' title='bbox 1185 2691 1346 2739; x_wconf 91' lang='lat' dir='ltr'>questo</span> <span class='ocrx_word' id='word_1_350' title='bbox 1362 2697 1472 2740; x_wconf 90' lang='lat' dir='ltr'>peso</span> <span class='ocrx_word' id='word_1_351' title='bbox 1498 2683 1534 2726; x_wconf 77' lang='lat'><strong>¹³.</strong></span> <span class='ocrx_word' id='word_1_352' title='bbox 1562 2685 1672 2726; x_wconf 85' lang='lat' dir='ltr'>Esto</span> <span class='ocrx_word' id='word_1_353' title='bbox 1690 2683 1796 2740; x_wconf 90' lang='lat' dir='ltr'>pido</span> <span class='ocrx_word' id='word_1_354' title='bbox 1818 2699 1929 2741; x_wconf 89' lang='lat' dir='ltr'>muy</span> 
     </span>
    </p>
   </div>
   <div class='ocr_carea' id='block_1_4' title="bbox 303 2762 563 2770">
    <p class='ocr_par' dir='ltr' id='par_1_6' title="bbox 303 2762 563 2770">
     <span class='ocr_line' id='line_1_34' title="bbox 303 2762 563 2770; baseline 0 0"><span class='ocrx_word' id='word_1_355' title='bbox 303 2762 563 2770; x_wconf 95' lang='lat' dir='ltr'> </span> 
     </span>
    </p>
   </div>
   <div class='ocr_carea' id='block_1_5' title="bbox 299 2799 1935 2904">
    <p class='ocr_par' dir='ltr' id='par_1_7' title="bbox 299 2799 1935 2904">
     <span class='ocr_line' id='line_1_35' title="bbox 371 2799 1935 2848; baseline 0.003 -14"><span class='ocrx_word' id='word_1_356' title='bbox 371 2807 391 2827; x_wconf 78' lang='lat' dir='ltr'>a</span> <span class='ocrx_word' id='word_1_357' title='bbox 431 2799 452 2834; x_wconf 91' lang='lat'>8</span> <span class='ocrx_word' id='word_1_358' title='bbox 482 2800 603 2835; x_wconf 88' lang='lat' dir='ltr'>verba</span> <span class='ocrx_word' id='word_1_359' title='bbox 632 2810 727 2846; x_wconf 86' lang='lat' dir='ltr'>seqq</span> <span class='ocrx_word' id='word_1_360' title='bbox 769 2799 934 2844; x_wconf 85' lang='lat' dir='ltr'>Borgiae</span> <span class='ocrx_word' id='word_1_361' title='bbox 961 2811 1078 2836; x_wconf 87' lang='lat' dir='ltr'>manu</span> <span class='ocrx_word' id='word_1_362' title='bbox 1095 2800 1227 2836; x_wconf 89' lang='lat' dir='ltr'>addita</span> <span class='ocrx_word' id='word_1_363' title='bbox 1244 2801 1423 2837; x_wconf 83' lang='lat' dir='ltr'>sunt.-b</span> <span class='ocrx_word' id='word_1_364' title='bbox 1460 2809 1481 2846; x_wconf 88' lang='lat'>5</span> <span class='ocrx_word' id='word_1_365' title='bbox 1506 2801 1626 2836; x_wconf 88' lang='lat' dir='ltr'>verba</span> <span class='ocrx_word' id='word_1_366' title='bbox 1644 2812 1753 2848; x_wconf 89' lang='lat' dir='ltr'>seqq.</span> <span class='ocrx_word' id='word_1_367' title='bbox 1774 2800 1935 2848; x_wconf 69' lang='lat' dir='ltr'>propria</span> 
     </span>
     <span class='ocr_line' id='line_1_36' title="bbox 299 2858 746 2904; baseline 0 -12"><span class='ocrx_word' id='word_1_368' title='bbox 299 2869 413 2893; x_wconf 90' lang='lat' dir='ltr'>manu</span> <span class='ocrx_word' id='word_1_369' title='bbox 428 2858 577 2894; x_wconf 88' lang='lat' dir='ltr'>addidit</span> <span class='ocrx_word' id='word_1_370' title='bbox 590 2858 746 2904; x_wconf 85' lang='lat' dir='ltr'>Borgia.</span> 
     </span>
    </p>
   </div>
   <div class='ocr_carea' id='block_1_6' title="bbox 300 2928 564 2935">
    <p class='ocr_par' dir='ltr' id='par_1_8' title="bbox 300 2928 564 2935">
     <span class='ocr_line' id='line_1_37' title="bbox 300 2928 564 2935; baseline 0 613"><span class='ocrx_word' id='word_1_371' title='bbox 300 2928 564 2935; x_wconf 95' lang='lat' dir='ltr'> </span> 
     </span>
    </p>
   </div>
   <div class='ocr_carea' id='block_1_7' title="bbox 361 2957 1715 3131">
    <p class='ocr_par' dir='ltr' id='par_1_9' title="bbox 361 2957 1715 3131">
     <span class='ocr_line' id='line_1_38' title="bbox 370 2957 1686 3008; baseline 0.002 -13"><span class='ocrx_word' id='word_1_372' title='bbox 370 2961 377 2980; x_wconf 85' lang='lat'><strong>¹</strong></span> <span class='ocrx_word' id='word_1_373' title='bbox 430 2959 663 2995; x_wconf 87' lang='lat' dir='ltr'>Guilielmus</span> <span class='ocrx_word' id='word_1_374' title='bbox 687 2957 1000 3006; x_wconf 84' lang='lat' dir='ltr'>Prussinowsky.</span> <span class='ocrx_word' id='word_1_375' title='bbox 1304 2981 1307 2984; x_wconf 44' lang='lat'><strong>⁴</strong></span> <span class='ocrx_word' id='word_1_376' title='bbox 1399 2963 1414 2983; x_wconf 78' lang='lat'><em>2</em></span> <span class='ocrx_word' id='word_1_377' title='bbox 1465 2961 1686 3008; x_wconf 85' lang='lat' dir='ltr'>Menginus.</span> 
     </span>
     <span class='ocr_line' id='line_1_39' title="bbox 365 3017 1054 3065; baseline 0 -11"><span class='ocrx_word' id='word_1_378' title='bbox 365 3019 379 3037; x_wconf 76' lang='lat'>⁵</span> <span class='ocrx_word' id='word_1_379' title='bbox 429 3018 569 3054; x_wconf 85' lang='lat' dir='ltr'>Graiff.</span> <span class='ocrx_word' id='word_1_380' title='bbox 593 3018 694 3053; x_wconf 87' lang='lat' dir='ltr'>Vide</span> <span class='ocrx_word' id='word_1_381' title='bbox 713 3017 827 3064; x_wconf 88' lang='lat' dir='ltr'>epist.</span> <span class='ocrx_word' id='word_1_382' title='bbox 847 3028 929 3065; x_wconf 80' lang='lat'>422,</span> <span class='ocrx_word' id='word_1_383' title='bbox 951 3031 993 3054; x_wconf 91' lang='lat' dir='ltr'>n.</span> <span class='ocrx_word' id='word_1_384' title='bbox 1018 3030 1054 3064; x_wconf 90' lang='lat'><strong>9.</strong></span> 
     </span>
     <span class='ocr_line' id='line_1_40' title="bbox 361 3076 1715 3131; baseline 0.004 -20"><span class='ocrx_word' id='word_1_385' title='bbox 361 3078 376 3098; x_wconf 79' lang='lat'><strong>⁴</strong></span> <span class='ocrx_word' id='word_1_386' title='bbox 425 3077 525 3112; x_wconf 85' lang='lat' dir='ltr'>Vide</span> <span class='ocrx_word' id='word_1_387' title='bbox 542 3077 743 3113; x_wconf 89' lang='lat' dir='ltr'>decretum</span> <span class='ocrx_word' id='word_1_388' title='bbox 762 3076 783 3111; x_wconf 90' lang='lat'><em>8</em></span> <span class='ocrx_word' id='word_1_389' title='bbox 802 3078 1114 3123; x_wconf 82' lang='lat' dir='ltr'>congregationis</span> <span class='ocrx_word' id='word_1_390' title='bbox 1133 3079 1343 3131; x_wconf 79' lang='lat' dir='ltr'>secundae,</span> <span class='ocrx_word' id='word_1_391' title='bbox 1362 3085 1449 3127; x_wconf 93' lang='lat' dir='ltr'>post</span> <span class='ocrx_word' id='word_1_392' title='bbox 1469 3081 1715 3117; x_wconf 85' lang='lat' dir='ltr'>electionem.</span> 
     </span>
    </p>
   </div>
   <div class='ocr_carea' id='block_1_8' title="bbox 2218 2863 2228 3177">
    <p class='ocr_par' dir='ltr' id='par_1_10' title="bbox 2218 2863 2228 3177">
     <span class='ocr_line' id='line_1_41' title="bbox 2218 2863 2228 3177; textangle 90"><span class='ocrx_word' id='word_1_393' title='bbox 2218 3116 2228 3177; x_wconf 47' lang='lat' dir='ltr'>‹na—2</span> <span class='ocrx_word' id='word_1_394' title='bbox 2219 2987 2228 3107; x_wconf 60' lang='lat' dir='ltr'><strong>.-a.=.1.r-·</strong></span> <span class='ocrx_word' id='word_1_395' title='bbox 2224 2971 2228 2973; x_wconf 93' lang='lat'><strong>.</strong></span> <span class='ocrx_word' id='word_1_396' title='bbox 2221 2922 2228 2959; x_wconf 61' lang='grc'><em>.-,.,</em></span> <span class='ocrx_word' id='word_1_397' title='bbox 2226 2900 2228 2908; x_wconf 34' lang='grc' dir='ltr'><strong><em>Α</em></strong></span> <span class='ocrx_word' id='word_1_398' title='bbox 2224 2863 2225 2866; x_wconf 31' lang='grc' dir='ltr'><em>Α</em></span> 
     </span>
    </p>
   </div>
  </div>
 </body>
</html>
