2228 3548
331 274 403 319 614
849 272 989 308 prs'r.
1017 270 1061 306 P.
1087 255 1362 316 Naxon—527

287 375 425 418 fanno
454 373 518 430 gli
547 373 649 416 altri
678 372 862 429 collegii
891 372 1013 416 della
1045 371 1330 428 Compagnia
1361 371 1406 415 in
1439 373 1632 427 Franza3
1673 372 1939 430 imperoehe

285 453 403 495 della
432 450 718 507 reputatione
755 457 800 494 et
838 449 1096 493 stimatione
1134 448 1179 491 di
1218 456 1379 506 questo
1416 449 1462 493 di
1493 449 1682 507 Pariggi
1708 452 1858 507 pende
1886 451 1934 495 in

285 543 400 585 gran
423 535 550 584 parte
572 528 720 583 quella
744 526 790 569 di
812 526 966 582 quelli.
995 527 1052 570 V.
1086 527 1140 570 P.
1172 526 1304 583 sapra
1332 525 1502 583 meglio
1524 527 1614 570 ⁴dar
1650 526 1873 584 raggione
1905 543 1935 572 a

285 606 379 650 Sua
402 604 519 657 Sta„
544 619 593 648 se
615 618 695 661 per
723 611 846 649 sorte
874 603 911 647 si
939 603 1129 648 vennesi
1158 618 1185 647 a
1212 604 1389 661 parlare
1416 603 1463 647 di
1485 611 1663 660 questo.
1690 605 1748 647 Et
1784 612 1927 658 certo,

284 697 379 725 non
403 683 597 726 essendo
620 682 662 725 la
684 696 790 726 cosa
813 696 902 725 6011
923 688 1051 725 tanto
1068 681 1221 725 danno
1238 681 1355 725 della
1377 680 1684 738 Compagnia,
1704 695 1834 726 come
1856 697 1933 726 sa-

286 760 423 803 rebbe
447 774 496 804 se
518 774 604 815 pur
627 760 799 803 hauese
827 760 1001 812 effetto,
1027 758 1065 803 si
1094 759 1287 803 sarebbe
1314 759 1455 802 molto
1483 759 1541 802 da
1571 757 1859 803 considerare
1887 760 1934 803 di

285 851 376 879 non
399 836 619 893 impedire
642 836 671 879 il
697 837 838 880 frutto
860 836 956 880 6051
981 837 1156 893 grande
1177 850 1308 881 come
1331 836 1375 880 fa
1398 835 1476 892 qui
1503 836 1785 889 Maldonato,
1817 836 1940 881 doue

285 914 327 958 le
350 928 455 957 cose
479 928 595 957 sono
618 914 663 957 in
688 915 830 958 molto
852 914 1062 971 peggiori
1087 913 1267 958 termini
1285 915 1359 958 ch’
1378 913 1426 957 in
1443 913 1640 958 Fiandra
1657 928 1794 958 senza
1811 927 1939 957 com—

287 991 537 1047 paratione.
565 992 613 1035 Io
635 1006 779 1048 penso
800 1005 1046 1048 procurare
1068 1006 1148 1048 per
1169 1006 1326 1036 mezzo
1348 992 1405 1035 de
1427 993 1543 1036 Mro.
1571 991 1779 1034 Emondo
1807 990 1878 1034 ch’
1907 991 1938 1034 il

286 1083 335 1113 re
364 1068 742 1112 christianissimo
775 1070 784 1090 ¹
815 1068 966 1112 scriua
999 1069 1041 1111 al
1077 1083 1162 1112 suo
1190 1068 1520 1112 ambasciatore
1547 1067 1595 1111 in
1623 1069 1783 1121 Roma,
1810 1067 1941 1112 accio

287 1146 400 1190 aiuti
423 1153 587 1202 questo
609 1145 821 1203 negocio,
846 1146 1168 1203 bisogniando,
1193 1147 1390 1191 essendo
1418 1144 1634 1190 richiesto
1657 1145 1776 1190 dalla
1799 1147 1852 1189 P.
1873 1147 1932 1190 V.

379 1236 422 1277 4.
490 1223 650 1280 Hoggi
671 1225 824 1267 hanno
840 1222 1050 1267 rinouato
1072 1223 1103 1266 li
1125 1223 1219 1267 voti
1242 1223 1320 1279 qui
1341 1223 1373 1266 li
1396 1222 1555 1276 nostri,
1576 1230 1622 1268 et
1645 1237 1702 1266 vo
1724 1222 1935 1279 spedien-

288 1300 410 1343 domi
433 1307 605 1356 quanto
628 1315 763 1357 posso
785 1301 905 1345 nella
925 1300 1076 1354 visita,
1101 1315 1181 1357 per
1201 1314 1326 1344 esser
1347 1300 1490 1345 libero
1512 1316 1538 1345 a
1562 1300 1656 1344 fare
1677 1300 1828 1356 quello
1851 1301 1939 1358 che

289 1377 458 1434 meglio
479 1377 518 1421 si
540 1380 718 1434 puotra.
739 1377 929 1430 Dubito,
951 1379 1150 1422 secondo
1173 1385 1305 1422 stano
1326 1379 1369 1422 16
1391 1392 1515 1432 6056,
1534 1377 1580 1421 (11
1597 1384 1760 1434 puoter
1777 1378 1937 1421 andar'
1957 1366 1970 1378 ⁶

289 1455 336 1498 in
364 1455 600 1499 Verduno.
634 1457 756 1500 Pure
786 1470 834 1499 se
865 1456 908 1498 lo
937 1462 1267 1511 permeterano,
1293 1456 1464 1500 andaro
1497 1455 1704 1499 almaneo
1736 1470 1762 1498 a
1795 1454 1942 1499 Lione

291 1547 370 1589 per
408 1531 546 1577 esser’
585 1531 661 1588 piu
701 1546 892 1589 appreso
930 1548 955 1575 a
994 1535 1141 1589 saper’
1182 1533 1224 1576 la
1253 1533 1439 1577 volonta
1477 1533 1596 1576 della
1631 1534 1685 1576 P.
1723 1533 1782 1577 V.
1818 1531 1939 1576 cirea

290 1610 442 1666 quello
470 1611 556 1654 6116
583 1608 614 1652 11
643 1611 703 1653 110
734 1609 909 1662 scritto,
942 1610 1056 1663 6106,
1088 1625 1139 1655 56
1168 1611 1340 1655 hauero
1368 1611 1426 1655 de
1453 1611 1623 1655 andare
1651 1625 1677 1653 a
1713 1611 1858 1654 Roma
1894 1610 1937 1652 al

291 1694 446 1743 tempo
470 1688 554 1730 6116
576 1702 655 1743 per
676 1687 719 1730 13
741 1687 993 1743 penultima
1016 1702 1099 1731 sua
1120 1686 1180 1730 m’
1201 1689 1262 1731 ha
1292 1687 1570 1745 significato,
1601 1688 1687 1732 che
1715 1687 1739 1731 ὲ
1771 1686 1813 1730 31
1845 1686 1937 1731 fine

290 1763 337 1807 di
361 1764 636 1818 Settembre,
662 1778 689 1807 o
713 1778 820 1807 vero
844 1767 1073 1821 aspettaro
1096 1764 1142 1808 in
1165 1765 1359 1821 qualche
1381 1779 1474 1809 uno
1501 1765 1559 1810 de
1580 1763 1729 1820 questi
1751 1763 1932 1820 collegii

291 1856 317 1885 a
340 1843 424 1885 che
447 1842 489 1884 16
512 1855 618 1886 6056
638 1840 755 1885 511110
777 1841 855 1898 piu
876 1842 1028 1897 quiete
1056 1842 1102 1885 di
1130 1843 1236 1898 quel
1263 1843 1351 1887 che
1383 1857 1496 1886 sono
1532 1842 1579 1885 in
1610 1840 1818 1895 Francia,
1852 1855 1935 1896 per

291 1925 454 1975 puoter
477 1919 560 1962 far'
591 1918 878 1975 pienamente
900 1921 941 1962 la
964 1919 1113 1963 visita.
1147 1921 1280 1964 Altro
1307 1934 1399 1963 non
1430 1934 1633 1963 occorre.
1666 1917 1786 1963 Nelli
1814 1917 1933 1961 santi

292 1995 503 2039 sacrificii
524 2003 570 2040 et
592 1995 784 2040 orationi
807 1997 924 2040 della
948 1999 999 2040 P.
1033 1998 1091 2041 V.
1125 2005 1145 2025 a
1172 1997 1210 2041 51
1237 1995 1631 2041 raccomandiamo
1660 1995 1783 2049 tutti,
1813 2002 1859 2039 et
1887 1994 1934 2038 in

293 2072 431 2129 quelli
453 2073 559 2117 delli
584 2072 719 2117 Padri
742 2073 986 2127 assistenti,
1013 2075 1086 2119 del
1109 2077 1162 2118 P.
1190 2075 1407 2127 PolanCO,
1435 2075 1488 2118 Ρ.
1511 2073 1704 2126 Madrid,
1725 2079 1813 2118 ete.
1839 2074 1937 2116 Do-

292 2151 449 2193 minus
465 2150 526 2193 sit
542 2150 788 2193 nobiscum.
810 2152 880 2193 Da
900 2150 1104 2209 Pariggi,
1124 2151 1199 2195 alli
1217 2164 1273 2210 29
1289 2151 1335 2195 di
1357 2151 1547 2208 Giugno
1570 2151 1696 2206 1568.
1718 2152 1776 2194 D.
1799 2151 1853 2194 P.
1875 2151 1935 2194 V.

293 2241 431 2271 seruo
454 2242 510 2271 en
534 2228 638 2281 X.⁰,

1383 2312 1412 2370 ἦ·
1444 2313 1631 2358 NADAL.
1668 2311 1698 2369 †

384 2459 630 2516 Inscriptio
651 2459 702 2502 in
725 2464 893 2516 quarta
914 2462 1113 2518 pagina:
1133 2463 1266 2520 Jhus.
1299 2462 1359 2506 Al
1387 2462 1530 2505 molto
1559 2462 1674 2506 Rdo.
1709 2462 1761 2504 P.
1794 2460 1853 2504 N.
1885 2459 1932 2502 in

293 2535 497 2589 Christo,
536 2536 568 2579 11
607 2538 656 2580 Ρ.
695 2538 950 2582 Francesco
988 2538 1033 2581 di
1071 2538 1255 2596 Borgia,
1295 2538 1527 2596 preposito
1563 2538 1778 2596 generale
1815 2536 1931 2579 della

296 2613 581 2670 Compagnia
602 2613 646 2657 di
664 2615 792 2672 Jesu,
817 2621 904 2658 eto.
933 2617 1094 2660 Roma.
1120 2617 1228 2660 Alia
1250 2631 1410 2659 manu:
1431 2631 1476 2672 p.
1507 2631 1548 2660 e.
1585 2615 1617 2673 †'
1645 2615 1771 2658 Alia:
1809 2614 1931 2670 1568.

297 2690 351 2732 C.
380 2677 555 2747 Parigi.
577 2693 630 2734 P.
656 2692 833 2736 Natale.
862 2704 917 2750 29
940 2693 984 2735 di
1008 2692 1213 2751 Giugno.
1250 2694 1502 2751 Vestigium
1525 2693 1688 2750 sigilli.

368 2834 389 2854 a
427 2826 615 2874 Sequitur
630 2829 679 2864 de
698 2827 965 2866 obliteratum.

371 2932 380 2952 ¹
433 2933 596 2970 Carolus
614 2935 683 2980 IX,
702 2947 772 2971 rex
791 2934 956 2971 Galliae.
