2228 3548
449 324 508 351 xx
886 303 1141 347 PRooEMmM
1166 314 1308 342 TERTn
1331 312 1560 342 vommms

492 416 693 462 Vixdum
715 413 951 459 Coloniam
989 409 1114 455 venit
1151 408 1341 462 Natalis,
1364 409 1421 452 de
1459 407 1701 460 sociorum,
1726 406 1804 463 qui
1826 406 1874 450 in
1900 407 1937 450 F
1940 405 2052 450 risia

401 501 715 551 versabantur,
731 496 1001 552 magnisque
1018 492 1353 538 calamitatibus
1368 490 1590 549 oppressi,
1609 491 1732 535 domi
1747 491 1890 535 latere
1905 504 2044 548 coge-

402 586 585 635 bantur,
617 580 926 625 consolatione
956 576 1194 635 cogitavit.
1234 576 1311 620 Ad
1336 591 1385 619 se
1420 577 1474 620 P.
1514 575 1748 619 Andream
1771 574 2042 619 Boccatium

402 672 552 718 vocat,
573 672 619 708 et
640 663 839 708 remedia
855 668 1112 719 opportuna
1127 660 1265 704 rebus
1282 666 1374 703 tam
1391 658 1571 703 afflictis
1586 658 1771 702 adhibet
1792 658 1863 716 (42
1869 668 1893 714 5
1917 660 2042 716 427).

491 748 707 793 Coloniae
729 745 975 803 permansit
991 760 1018 789 a
1039 744 1112 810 die
1134 756 1193 798 24
1213 742 1450 788 Februarii
1472 744 1530 786 ad
1568 755 1593 786 2
1632 741 1819 799 Aprilis;
1855 756 1946 799 qua
1965 743 2045 787 die

403 833 664 889 Augustam
687 829 979 874 Trevirorum
1018 827 1148 885 petiit
1171 828 1289 885 (397,
1320 826 1441 883 431),
1474 841 1611 882 quam
1633 826 1662 869 6
1698 825 1870 883 Aprilis
1891 825 2049 884 attigit

404 915 535 972 (789).
556 916 710 959 Unum
728 927 929 957 mensem
944 919 991 956 et
1007 911 1199 968 amplius
1216 911 1262 954 in
1278 910 1355 954 illo
1372 909 1567 967 collegio
1584 910 1845 966 adjuvando
1864 909 2045 968 impen-

404 999 486 1052 dit,
512 998 647 1042 simul
673 999 730 1042 de
757 996 957 1053 negotiis
986 994 1306 1039 communibus
1333 994 1611 1039 Germaniae
1633 1008 1737 1038 cum
1769 993 1938 1051 Borgia
1965 1008 2052 1051 per

405 1082 617 1139 epistolas
638 1082 894 1126 conferens.
926 1081 1049 1125 Inter
1077 1078 1179 1132 alia,
1219 1079 1278 1123 de
1308 1077 1479 1121 vestitu
1501 1093 1527 1122 a
1563 1077 1699 1122 sociis
1726 1077 1771 1122 in
1796 1077 2052 1123 Germania

404 1166 627 1223 gestando
650 1165 882 1223 (432-434,
909 1175 1010 1221 790,
1037 1163 1156 1221 791),
1186 1163 1243 1206 de
1273 1162 1465 1206 formula
1486 1161 1531 1204 in
1562 1161 1768 1219 collegiis
1795 1161 2049 1206 fundandis

406 1249 675 1301 adhibenda,
701 1250 758 1291 de
776 1247 971 1304 collegio
992 1246 1298 1304 herbipolensi
1319 1247 1553 1291 rhenanae
1584 1244 1844 1303 provinciae
1868 1246 2043 1290 adscri-

407 1333 573 1386 bend03
599 1339 644 1376 et
665 1347 770 1375 cum
793 1330 998 1375 Oliverio
1020 1332 1252 1383 ManareO,
1278 1329 1355 1387 qui
1377 1344 1483 1374 eum
1507 1328 1739 1382 convenit,
1763 1329 1821 1373 de
1848 1329 2047 1387 collegio

404 1415 668 1460 virdunensi
685 1421 730 1459 et
751 1416 808 1459 de
828 1414 964 1459 variis
992 1413 1190 1471 negotiis
1225 1412 1488 1470 provinciae
1515 1413 1551 1457 F
1554 1412 1735 1458 tanciae
1762 1412 2045 1457 consultavit

407 1500 525 1556 (458,
550 1499 654 1553 466,
678 1500 782 1553 467,
807 1499 926 1556 470).
952 1498 1039 1542 His
1061 1497 1267 1555 expletis,
1293 1497 1367 1542 die
1383 1512 1411 1555 9
1435 1496 1543 1553 Maji
1569 1497 1803 1553 profectus
1819 1496 1906 1541 fuit
1923 1498 2043 1542 Leo-

407 1581 532 1625 dium
558 1582 794 1625 «hauendo
824 1581 900 1639 (ait
931 1580 1171 1634 Vinckius,
1203 1582 1433 1625 rhenanae
1455 1579 1718 1637 provinciae
1744 1580 2049 1638 praepositus)

408 1679 488 1722 per
507 1666 551 1708 la
571 1679 654 1709 sua
675 1664 901 1721 presentia
927 1671 973 1708 et
999 1664 1292 1708 essortationi
1319 1670 1365 1709 et
1392 1663 1636 1709 direttione
1663 1665 1804 1708 molto
1839 1664 2049 1708 adiutato

410 1755 455 1791 et
477 1749 710 1791 consolato
728 1755 890 1804 questo
912 1748 1135 1805 collegio»
1163 1748 1297 1806 (794).

498 1833 549 1874 In
571 1831 801 1887 provincia
823 1833 858 1875 F
862 1846 1106 1876 LANDRIAE
1126 1833 1270 1876 multo
1292 1831 1477 1889 longius
1498 1831 1766 1876 immoratus
1788 1832 1874 1876 fuit
1902 1833 2047 1878 Nata-

409 1914 482 1968 lis,
507 1929 599 1957 uno
626 1915 799 1960 scilicet
835 1930 954 1958 anno
983 1923 1029 1960 et
1066 1917 1201 1970 ultra;
1232 1931 1338 1960 nam
1360 1915 1581 1960 Leodium
1610 1930 1716 1960 curn
1745 1918 1800 1962 P.
1833 1917 2046 1971 Costero,

410 1996 670 2052 provinciae
678 1998 713 2040 F
717 1997 915 2041 landriae
932 1998 1154 2054 praeside,
1168 1998 1357 2043 veniens
1367 1997 1514 2043 medio
1525 1999 1619 2043 fere
1635 2013 1791 2043 mense
1799 2000 1920 2056 Majo
1936 2000 2049 2044 anni

419 2081 546 2135 1567,
571 2094 662 2123 non
685 2096 740 2125 ex
762 2081 837 2124 illa
864 2081 1098 2137 provincia
1125 2081 1334 2126 discessit
1355 2096 1502 2138 usque
1529 2082 1587 2125 ad
1621 2092 1671 2137 15
1695 2082 1820 2140 Junii
1843 2082 1950 2126 anni
1971 2097 2047 2128 se-

413 2163 610 2218 quentis.
636 2165 694 2206 Et
716 2164 858 2220 primo
887 2164 1069 2219 quidem
1098 2165 1351 2209 Lovanium
1390 2165 1512 2209 venit
1533 2171 1579 2209 et
1611 2166 1863 2219 Bruxellas,
1891 2165 1968 2210 ubi
1991 2179 2043 2211 21

415 2246 524 2301 Maji
545 2248 814 2291 versabatur
837 2248 954 2304 (464,
994 2248 1114 2305 485).
1139 2248 1544 2305 Audomaropolim
1566 2262 1749 2305 quoque
1777 2264 1826 2293 se
1854 2249 2053 2294 contulit

417 2329 550 2386 (496),
576 2336 627 2372 ut
654 2329 775 2373 illius
796 2331 975 2387 collegii
999 2332 1311 2376 fundationem
1333 2340 1638 2389 promoveret,
1663 2338 1710 2376 et
1732 2332 1952 2377 Leodium
1973 2348 2048 2378 re-

415 2411 559 2465 diens,
600 2413 657 2456 ad
694 2414 956 2469 Spadanum
985 2429 1066 2459 seu
1104 2416 1355 2472 Spaensem
1394 2417 1568 2460 fontem
1599 2430 1681 2472 per
1702 2416 1818 2459 duos
1845 2429 2046 2469 menses,

414 2494 586 2539 viribus
608 2496 761 2539 fractis
782 2497 1090 2541 restaurandis
1113 2513 1297 2554 operam
1319 2498 1445 2543 dedit
1461 2499 1580 2556 (473,
1610 2508 1714 2556 495,
1740 2499 1857 2555 518),
1882 2498 1929 2542 id
1955 2506 2046 2553 est,

416 2590 442 2619 a
477 2591 632 2622 mense
669 2578 808 2636 Junio
854 2593 998 2635 usque
1035 2581 1092 2623 ad
1135 2594 1184 2624 12
1222 2581 1443 2638 Augusti.
1492 2582 1663 2627 Eodem
1701 2588 1904 2639 tempore
1938 2596 2044 2626 cum

418 2660 472 2703 P.
497 2659 647 2704 Vinck
669 2663 725 2705 de
746 2663 883 2705 rebus
911 2663 1172 2718 provinciae
1201 2679 1227 2707 a
1253 2679 1303 2708 se
1339 2664 1570 2721 inspectae
1597 2664 1868 2719 collocutus,
1897 2665 2049 2709 noluit

417 2741 474 2784 de
497 2756 550 2786 ea
572 2743 820 2799 quidquam
849 2752 1065 2799 statuere,
1099 2761 1154 2790 eo
1182 2748 1305 2803 quod
1326 2748 1580 2791 secundum
1606 2748 1820 2804 «regulas
1842 2747 2049 2792 visitato-

418 2822 525 2876 ris»,
550 2839 576 2866 a
599 2826 767 2882 Borgia
788 2834 994 2872 recenter
1020 2830 1352 2887 promulgatas,
1383 2830 1589 2887 inspecta
1625 2829 1874 2887 provincia,
1908 2831 2054 2888 juris-

418 2904 663 2951 dictionem
685 2910 853 2952 nullam
882 2909 929 2952 in
950 2910 1072 2954 illam
1090 2911 1254 2956 retinet
1286 2912 1544 2956 «visitator»
1580 2912 1698 2970 (797,
1719 2913 1837 2971 798);
1863 2914 2055 2958 consilia

419 2993 573 3033 tamen
594 3004 678 3033 sua
700 2992 824 3034 Patri
841 2992 990 3036 Vinck
1012 3008 1105 3037 non
1126 2995 1389 3052 denegavit.
1407 2997 1510 3053 Jam
1539 2995 1678 3039 rebus
1706 2997 1742 3040 F
1744 2996 1947 3041 landriae
1976 3011 2066 3055 οτ-Δ

416 3069 629 3115 dinandis
651 3086 832 3129 operam
854 3089 1021 3120 navare
1043 3076 1189 3133 coepit
1219 3077 1266 3121 in
1288 3077 1481 3135 collegio
1501 3077 1740 3133 leodiensi,
1764 3079 1896 3135 cujus
1917 3078 2052 3124 insti-

2223 2078 2226 2087 ,
2209 1810 2228 2021 113n;;.mi;2:2
2210 1651 2228 1791 *zm-,iumss
