2228 3548
411 294 480 331 770
988 280 1127 314 EPIST.
1156 278 1200 313 P.
1229 277 1380 313 NADAL

365 393 536 436 nostro,
571 390 709 437 atque
737 381 846 424 alias
875 393 1057 435 quoque
1080 377 1462 432 consultauimus,
1488 378 1606 423 serio
1629 393 1683 423 ac
1705 386 1884 461 mature
1916 381 2012 426 sin-

365 445 472 500 gula
501 441 844 485 considerantes
873 454 964 481 una
992 452 1096 481 curn
1127 439 1261 481 Rm0.
1295 437 1500 495 principe
1532 445 1578 484 et
1610 438 1857 495 episcopo¹
1867 473 1877 492 ,
1912 441 2006 496 qui,

364 481 550 559 perinde
573 515 627 543 ac
651 513 750 551 nos,
777 497 1098 555 cupidissimus
1120 504 1189 540 est
1212 496 1460 553 spiritualis
1488 499 1744 554 profectus,
1769 505 1816 542 et
1837 500 2006 544 sollici-

364 562 521 605 tudine
545 561 678 615 plane
701 564 889 614 paterna
911 557 1149 600 nobiscum
1172 556 1401 601 iuuandae
1432 557 1651 602 ecclesiae
1681 564 1804 601 totus
1825 557 2006 603 incum-

363 621 444 672 bit,
471 634 618 674 neque
641 617 861 661 minorem
885 630 1066 683 quoque
1089 617 1303 659 affectum
1320 630 1430 672 erga
1448 616 1681 684 religionis
1699 624 1879 662 uestrae
1895 633 2005 674 pro-

362 679 579 736 positum,
605 692 741 744 quam
764 676 835 732 alij
861 676 920 732 pij
946 675 1173 732 principes
1195 682 1331 730 atque
1361 690 1468 728 nos,
1494 675 1629 732 gerit.
1656 677 1731 720 Ad
1753 678 1841 720 hoc
1862 677 2004 734 igitur

362 739 564 783 omnium
587 736 724 788 uotis,
756 742 800 780 et
818 734 1044 792 generalis
1073 734 1260 791 capituli
1277 735 1587 788 conclusione,
1613 737 1795 779 tandem
1813 737 2004 781 deueni-

362 813 479 849 mus,
501 797 624 854 quod
641 796 759 839 idem
777 794 1081 851 amplissimus
1098 793 1287 839 antistes
1304 802 1458 837 noster
1480 795 1814 851 comprobauit,
1837 803 1886 839 ut
1902 811 2002 840 earn

366 858 483 900 uiam
513 869 825 911 sequeremur,
858 869 993 909 quam
1023 855 1077 897 R.
1107 856 1158 896 Ρ.
1185 853 1509 909 prouincialis²
1535 869 1625 898 una
1653 869 1757 897 cum
1786 856 1845 899 D.
1874 857 2006 900 Lam·

362 919 508 968 berto,
525 916 678 971 elapsa
696 913 1064 980 quadragesima,
1085 912 1216 956 nobis
1234 913 1523 980 rogantibus,
1544 914 1847 968 adumbrauit;
1868 915 2008 959 nimi-

364 991 465 1018 rum
490 982 540 1017 ut
563 973 823 1030 quindecim
856 972 1061 1029 personis
1091 971 1469 1017 sustentationem
1497 973 1800 1018 necessariam
1830 981 1876 1018 et
1905 990 2010 1031 per-

364 1042 549 1091 petuam
573 1032 978 1084 constitueremus,
1005 1046 1121 1099 quae
1143 1032 1335 1074 domum
1365 1038 1411 1075 et
1440 1033 1658 1089 templum
1687 1034 1763 1076 uel
1790 1035 2006 1078 sacellum

363 1095 603 1146 haberent,
630 1093 676 1135 in
700 1092 864 1148 quibus
888 1091 1103 1135 exercitia
1125 1091 1375 1147 spiritualia
1397 1106 1521 1135 more
1543 1106 1626 1135 suo
1647 1100 1889 1149 peragant.
1915 1095 2007 1138 Ita—

364 1169 452 1210 que
470 1154 656 1196 domum
691 1150 1026 1194 concionatoris
1055 1149 1144 1193 iam
1175 1150 1508 1207 asignauimus‚
1533 1166 1724 1206 eamque
1750 1152 2003 1208 habebunt,

364 1215 510 1256 donec
543 1225 759 1255 successu
793 1210 1009 1266 temporis
1040 1209 1260 1252 habitatio
1292 1210 1571 1253 commodior
1605 1212 1837 1256 offeratur.
1865 1213 2003 1257 Tem-

364 1273 489 1329 plum
512 1285 618 1314 mox
641 1270 866 1324 dabimUS,
891 1271 939 1314 S.
967 1268 1143 1313 Nicolai
1165 1269 1353 1313 dictum.
1382 1270 1559 1314 Sacello
1582 1270 1711 1325 quasi
1732 1272 2001 1325 domestico,

365 1332 485 1387 quod
519 1333 576 1374 D.
611 1329 858 1374 Laurentio
889 1343 1071 1371 sacrum
1103 1335 1193 1381 est,
1221 1328 1353 1371 simul
1392 1329 1457 1371 uti
1494 1337 1722 1386 poterunt.
1758 1333 1848 1373 Pro
1877 1331 2003 1385 uictu

364 1391 542 1434 illorum
567 1397 612 1434 et
641 1389 799 1432 usibus
829 1388 941 1440 aliis,
976 1388 1071 1430 dari
1098 1387 1207 1443 ipsis
1229 1388 1488 1431 curabimus
1516 1389 1758 1444 quotannis
1779 1390 2006 1446 quinqua·

366 1450 492 1507 ginta
517 1450 647 1493 malt.
673 1447 883 1504 siliginis,
909 1447 1072 1503 uiginti
1096 1448 1220 1491 malt.
1241 1447 1417 1499 hordei,
1443 1447 1644 1503 quinque
1667 1449 1868 1504 plaustra
1889 1450 2002 1503 uini,

366 1516 411 1554 et
441 1509 758 1565 septingentos
786 1483 985 1551 florenos
1015 1506 1151 1549 huius
1187 1514 1419 1561 monetae;
1453 1514 1578 1552 certo
1607 1508 1836 1564 persuasi,
1870 1509 2004 1553 etiarn

367 1571 556 1612 Patrum
580 1567 806 1610 dictorum
832 1566 1014 1618 iudicio,
1042 1566 1320 1610 sufficienter
1340 1566 1411 1610 his
1434 1567 1665 1623 prouisum
1690 1575 1759 1610 tot
1780 1569 2002 1624 personis,

366 1636 416 1670 ut
440 1627 631 1683 amplius
654 1626 766 1668 nihil
789 1626 960 1681 possint
985 1627 1057 1668 uel
1081 1626 1276 1668 debeant
1298 1640 1450 1669 rerum
1481 1627 1795 1682 temporalium
1819 1635 1993 1683 petere.

367 1686 517 1743 Empti
541 1692 648 1729 sunt
670 1685 870 1740 insuper,
896 1684 1105 1728 ducentis
1127 1684 1292 1737 aureis,
1314 1685 1415 1727 libri
1433 1685 1637 1730 defuncti
1655 1687 2002 1740 concionatoris,

367 1746 442 1802 qui
465 1746 554 1789 il¹is
577 1745 711 1789 etiam
736 1746 996 1788 manebunt.
1024 1745 1161 1800 Quod
1178 1743 1266 1786 iam
1289 1759 1314 1787 a
1337 1746 1391 1788 T.
1420 1746 1472 1787 P.
1499 1745 1709 1801 petimus,
1734 1747 1821 1789 hoc
1843 1753 1928 1799 est,
1954 1753 2006 1789 ut

367 1804 608 1850 Societatis
630 1803 836 1847 homines
858 1811 1006 1847 certos
1029 1802 1249 1847 ecclesiae
1271 1812 1452 1848 nostrae
1469 1819 1591 1847 nunc
1614 1811 1659 1848 et
1681 1819 1858 1861 semper
1874 1805 2003 1849 dein-

369 1879 474 1921 ceps
507 1865 616 1907 dare
648 1862 780 1914 uelit,
812 1863 887 1916 qui
922 1862 1085 1905 summi
1123 1862 1277 1918 templi
1309 1863 1594 1916 concionem,
1627 1863 1865 1908 lectionem
1895 1865 2002 1910 item

368 1923 689 1979 theologicam,
715 1936 767 1964 ac
790 1922 980 1965 duarum
1003 1922 1263 1978 linguarum
1295 1922 1617 1977 professionem
1650 1923 1696 1965 in
1725 1923 1891 1968 scholis
1915 1939 2003 1972 vno-

367 1983 472 2026 stris
501 1997 605 2026 cum
633 1982 768 2025 laude
796 1981 1043 2037 suscipiant
1072 1989 1117 2024 et
1139 1981 1468 2025 administrent.
1495 1981 1775 2037 Linguarum
1799 1985 2000 2037 scholae,

369 2043 550 2098 quando
573 2041 799 2098 perfectae
822 2048 969 2092 erunt,
993 2041 1118 2083 iuxta
1141 2041 1331 2084 Patrum
1354 2041 1641 2094 sententiam,
1667 2043 1866 2098 quinque
1889 2044 2006 2088 clas-
2032 2055 2043 2067 ’

367 2116 440 2146 ses
468 2100 772 2151 constituent,
799 2114 988 2154 quarum
1022 2099 1176 2142 infima
1208 2099 1465 2144 rudimenta
1492 2101 1809 2156 grammatices
1839 2104 2002 2156 tradet,

365 2161 568 2204 secunda
590 2159 927 2215 etymologiam,
955 2159 1087 2203 tertia
1109 2159 1352 2215 syntaxim,
1379 2168 1541 2215 quarta
1569 2160 1740 2205 litteras
1762 2162 2005 2205 humanio-

366 2232 453 2271 res,
480 2219 702 2275 poeticam
727 2232 778 2260 ac
801 2232 994 2273 graecae
1016 2218 1202 2274 linguae
1225 2219 1464 2285 principia,
1496 2234 1706 2275 suprema
1733 2221 2004 2266 rhetoricam

365 2293 469 2321 cum
488 2278 689 2334 perfecta
707 2291 973 2332 graecarum
998 2277 1247 2322 litterarum
1271 2277 1572 2323 institutione.
1592 2279 1854 2324 Lectionem
1873 2283 2004 2325 theo—

365 2337 560 2394 logicam
583 2336 803 2379 eiusmodi
825 2350 925 2380 esse
947 2337 1195 2392 oportebit,
1222 2338 1400 2404 qualem
1429 2338 1686 2380 auditorum
1716 2346 1900 2395 captus,
1925 2341 2002 2396 qui

368 2396 463 2440 ueri
494 2394 787 2440 ecclesiastici
821 2396 959 2437 futuri
993 2403 1232 2463 putantur,
1265 2397 1478 2453 requiret.
1510 2397 1732 2453 Cupimus
1768 2406 2001 2454 praeterea

365 2455 563 2500 melioris
584 2454 692 2497 boni
728 2468 881 2505 cau,sa
902 2462 952 2496 ut
970 2455 1113 2509 primo
1138 2455 1330 2499 triennio
1348 2464 1425 2498 aut
1444 2457 1739 2510 quadriennio
1757 2458 1814 2501 V.
1837 2459 1890 2501 P.
1911 2473 2000 2502 nu-

365 2529 538 2558 merum
561 2515 744 2570 plenum
767 2526 858 2556 non
881 2514 1029 2556 mittat
1050 2529 1225 2567 eorum,
1251 2529 1364 2570 quos
1381 2515 1592 2568 diximus,
1613 2531 1670 2559 ne
1694 2517 1994 2570 aduersarios,

364 2574 410 2616 in
433 2588 625 2629 quorum
649 2571 795 2615 medio
819 2586 1068 2625 uersamur,
1089 2573 1277 2616 nimium
1299 2574 1542 2624 irritemus,
1562 2574 1755 2618 maxime
1773 2589 1876 2619 cum
1893 2578 1998 2620 nul-

364 2634 454 2675 lam
477 2648 568 2676 non
591 2646 746 2675 ansam
769 2631 888 2673 ultro
911 2633 1103 2676 subinde
1133 2641 1352 2688 quaerant
1373 2633 1644 2689 impediendi
1672 2634 1997 2679 catholicorum
2026 2677 2029 2679 Α

364 2699 572 2735 conatus.
600 2691 793 2741 Deinde,
819 2692 940 2756 quod
963 2699 1138 2734 certum
1160 2693 1408 2736 habeamus
1429 2692 1673 2749 magistros
1701 2708 1793 2736 non
1814 2695 1997 2738 habitu-

365 2765 437 2794 ros
459 2750 708 2806 discipulos
737 2748 911 2801 statim,
936 2750 1102 2804 quibus
1131 2758 1198 2795 tot
1219 2753 1386 2795 classes
1419 2751 1714 2795 constituant.
1744 2755 1997 2805 Postremo,

364 2824 467 2852 cum
502 2824 640 2853 unam
673 2807 982 2852 difficultatem
1022 2811 1168 2852 solum
1208 2811 1266 2853 ad
1303 2811 1553 2867 periculum
1585 2811 1844 2865 timeamus,
1880 2814 2002 2867 quod

365 2877 460 2911 tum
485 2876 682 2920 nostros,
708 2874 804 2910 tum
826 2867 1066 2912 Societatis
1088 2877 1267 2913 uestrae
1285 2870 1595 2914 sanctissimos
1612 2878 1802 2914 conatus
1820 2873 2001 2916 turbare

365 2935 545 2983 posset,
579 2928 691 2970 illud
719 2925 986 2983 prouinciali
1018 2935 1063 2970 et
1096 2930 1153 2971 D.
1187 2930 1429 2974 Lamberto
1460 2937 1637 2974 mature
1667 2930 2000 2986 proposuimus:

437 3063 444 3083 ¹
498 3062 704 3110 Marquard
723 3073 799 3099 von
817 3062 1033 3099 Hattstein.
1426 3067 1441 3088 ²
1494 3065 1688 3103 Antonius
1713 3065 1854 3103 Vinck.
