2228 3548
883 279 931 306 20
956 270 1126 307 Apnms
1155 270 1247 316 1567
1759 279 1831 317 445

235 373 404 417 alchun
426 373 563 417 modo
585 373 659 417 nel
681 373 815 429 quale
834 372 866 416 li
902 372 1132 418 fundatori
1163 372 1202 417 si
1223 372 1428 430 quietino
1460 381 1507 419 et
1538 372 1769 418 confidino
1790 375 1877 418 che

238 464 335 495 non
355 451 415 494 ha
430 450 488 494 da
503 464 730 505 mancare,
750 450 1036 507 predicatore
1056 450 1444 508 principalmente‚
1465 458 1512 496 et
1532 451 1597 508 gli
1614 450 1716 495 altri
1737 451 1877 508 officij

239 529 326 573 che
341 527 562 585 sogliamo
584 528 677 572 fare
698 527 805 572 nelli
832 527 1030 585 collegij,
1060 542 1153 571 non
1174 542 1283 585 pare
1309 529 1396 574 che
1422 528 1466 572 01
1493 528 1559 573 sia
1588 542 1807 585 speranza
1826 527 1875 572 di

240 605 406 649 fundar
425 603 634 662 collegio,
659 619 739 661 per
758 605 802 650 le
823 618 961 650 cause
982 606 1068 650 che
1087 605 1131 649 la
1153 607 1206 649 P.
1229 607 1287 651 V.
1313 606 1405 663 puo
1425 605 1729 650 considerare.
1756 606 1815 649 Et
1834 605 1876 649 si

239 696 353 727 sono
372 681 686 739 marauegliati
707 681 856 738 questi
878 689 947 726 tre
967 681 1250 739 prouinciali,
1269 685 1355 728 che
1370 682 1505 727 insin’
1525 683 1686 728 adesso
1702 682 1740 726 si
1757 695 1879 726 sono

239 758 405 804 trouati
426 774 453 803 a
474 767 634 816 queste
656 767 723 804 tre
746 759 1013 814 fundationi,
1039 761 1124 804 che
1143 760 1182 804 si
1203 775 1316 805 sono
1331 762 1443 805 fatte
1464 761 1584 817 dopo
1601 752 1762 817 questa
1782 759 1874 804 mia

235 836 392 881 vltima
412 844 598 891 venuta‚
623 839 708 882 che
730 836 857 881 siano
877 836 1035 882 venuti
1065 836 1096 880 li
1126 838 1354 882 fundatori
1382 838 1429 881 in
1457 838 1552 883 fare
1582 838 1625 882 le
1651 836 1873 881 dotationi

235 915 503 971 simpliciter
524 915 624 957 sine
645 914 910 958 conditione.
937 915 993 958 Et
1020 914 1094 958 chi
1121 914 1152 957 11
1174 916 1368 960 hauesse
1403 916 1530 959 detto
1556 916 1642 959 che
1668 914 1712 958 la
1732 914 1874 958 Com-

234 991 401 1056 pagnia
421 1005 512 1034 non
536 990 574 1034 si
602 992 693 1050 puo
714 990 933 1048 obligare,
958 991 1016 1035 110
1037 1005 1064 1035 3
1091 1005 1141 1036 se
1162 998 1322 1044 stessa‚
1349 1005 1455 1048 pare
1492 994 1577 1036 che
1608 991 1726 1035 saria
1753 998 1874 1035 stato

236 1068 468 1122 scandalo,
492 1074 538 1112 et
559 1067 606 1110 in
629 1067 791 1112 nisuna
811 1067 1011 1113 maniera
1032 1083 1140 1125 pare
1162 1068 1412 1113 haueriano
1433 1069 1591 1112 voluto
1618 1068 1788 1114 sentire
1810 1068 1872 1112 tal

236 1144 515 1189 fundatione.
547 1145 742 1198 Vtinam,
766 1144 928 1198 Padre,
955 1144 1043 1189 fusi
1064 1146 1108 1188 la
1129 1144 1375 1190 deuotione
1403 1145 1604 1201 antiqua,
1636 1153 1682 1189 et
1710 1145 1872 1189 dasino

239 1236 330 1266 non
353 1222 449 1266 solo
468 1221 609 1266 libere
636 1221 887 1266 fundationi
925 1219 984 1266 de
1018 1222 1295 1279 monasterij‚
1335 1237 1408 1267 ma
1436 1230 1570 1276 terre,
1600 1222 1764 1279 campi,
1797 1236 1873 1266 re-

240 1299 382 1357 gioni,
412 1306 521 1354 etc.,
551 1312 680 1344 come
707 1298 1046 1355 antiquamente
1080 1299 1118 1342 si
1157 1299 1329 1344 faceua.
1364 1300 1544 1344 Adesso
1579 1300 1605 1343 e
1637 1298 1867 1343 miracolo:

238 1376 399 1433 primo,
429 1377 513 1420 che
540 1375 677 1432 quelli
705 1375 822 1420 della
849 1375 1134 1433 Compagnia
1159 1375 1197 1420 si
1227 1375 1484 1420 sustentino
1515 1376 1560 1419 in
1594 1377 1868 1434 Alamagna:

238 1453 323 1507 2.⁰‚
348 1455 434 1498 che
469 1452 784 1498 destruendosi
804 1451 836 1496 11
855 1452 956 1497 31111
978 1452 1238 1497 monasterii
1275 1460 1320 1498 et
1351 1453 1575 1512 religioni,
1607 1453 1645 1497 si
1677 1453 1872 1498 sundino

235 1531 282 1575 di
303 1545 458 1575 nuouo
485 1529 666 1587 collegii
692 1545 773 1587 per
803 1530 847 1574 la
876 1529 1175 1587 Compagnia.
1208 1531 1265 1574 Et
1301 1531 1496 1575 essendo
1518 1538 1648 1575 tanto
1676 1537 1873 1575 estrema

234 1607 457 1654 necessita
477 1607 582 1652 delli
603 1606 838 1663 ministerij
862 1614 909 1652 et
928 1606 1107 1664 collegij
1132 1607 1277 1651 nostri
1297 1607 1343 1651 in
1366 1609 1639 1666 Alamagna,
1660 1622 1768 1665 pare
1785 1610 1871 1653 che

236 1685 477 1730 habbiamo
498 1684 544 1728 di
576 1684 797 1729 ricercare
818 1685 952 1729 modo
973 1691 1019 1728 et
1046 1683 1215 1729 facilita
1250 1685 1308 1731 de
1343 1686 1538 1730 fundarli
1567 1693 1614 1731 et
1642 1685 1684 1730 ai
1694 1693 1820 1731 utare
1840 1685 1871 1728 li

237 1761 375 1807 animi
396 1761 501 1806 delli
524 1761 767 1816 fundatori,
792 1761 952 1818 poiche
973 1775 1081 1818 pare
1101 1761 1146 1805 lo
1161 1761 1388 1818 possiamo
1407 1763 1516 1817 fare,
1535 1778 1672 1808 senza
1688 1770 1871 1807 contra-

238 1839 336 1885 dire
352 1840 393 1884 al
413 1838 636 1883 instituto.
655 1840 801 1895 Atque
816 1836 938 1892 adeo,
954 1839 1206 1883 ancorache
1226 1853 1319 1883 non
1340 1839 1378 1884 si
1400 1840 1577 1896 puotesi
1595 1840 1707 1893 fare,
1727 1841 1873 1885 doue-

239 1917 404 1962 resimo
423 1916 720 1973 interpretare
741 1930 822 1973 per
848 1915 1103 1972 Alamagna
1123 1915 1167 1959 10
1187 1915 1515 1970 constitutioni,
1540 1931 1568 1961 0
1589 1917 1869 1974 dispensare.

329 2007 371 2050 3.
436 1995 624 2050 Quanto
645 1994 688 2037 al
708 1991 974 2050 particolare
1001 1991 1187 2049 negotio
1208 1992 1254 2036 di
1276 1993 1422 2050 Spita,
1453 1994 1498 2038 io
1526 2009 1609 2038 son
1631 2001 1802 2038 venuto
1823 1993 1872 2036 in

237 2071 468 2115 acordarlo
489 2071 563 2115 del
584 2071 720 2114 modo
740 2072 826 2115 che
847 2071 1017 2114 hauera
1037 2069 1157 2113 visto
1176 2069 1220 2114 13
1242 2072 1295 2114 Ρ.
1316 2068 1394 2124 V.,
1413 2078 1460 2115 et
1476 2086 1563 2115 con
1581 2086 1697 2129 gran
1716 2078 1873 2116 traua-

210 2154 212 2157 ’
239 2148 347 2206 gfio,
373 2149 539 2205 perche
567 2149 747 2193 haueua
774 2146 1092 2191 commissione
1117 2145 1163 2189 di
1187 2147 1302 2191 farlo
1329 2162 1459 2194 come
1486 2151 1546 2192 ho
1573 2150 1699 2193 detto
1727 2148 1773 2191 di
1795 2163 1872 2192 so-

238 2240 334 2283 pra.
361 2226 419 2268 Et
439 2225 482 2270 le
502 2224 688 2269 hauerei
718 2225 830 2268 fatto
857 2223 994 2268 etiam
1026 2237 1163 2267 senza
1198 2224 1532 2279 commissione,
1557 2240 1638 2282 per
1669 2225 1700 2268 il
1723 2227 1870 2282 parer'

239 2301 346 2354 mio,
371 2303 457 2346 che
477 2315 678 2358 pensaua
699 2315 790 2345 non
812 2302 950 2346 esser'
974 2299 1199 2344 contrario
1218 2315 1246 2345 a
1265 2303 1415 2357 quello
1435 2304 1553 2347 della
1582 2304 1635 2346 P.
1667 2303 1725 2347 V.
1752 2303 1874 2346 Loro

242 2380 395 2422 hanno
415 2379 619 2430 creduto,
644 2384 690 2422 et
710 2392 822 2422 sono
842 2377 966 2430 boni,
991 2384 1038 2420 et
1057 2376 1305 2422 desiderosi
1325 2378 1442 2424 della
1459 2379 1759 2436 Compagnia.
1785 2378 1875 2423 Gia

243 2456 404 2500 adesso
425 2469 518 2498 non
535 2454 595 2498 mi
616 2469 724 2511 pare
743 2456 832 2499 che
852 2454 893 2498 ci
915 2454 982 2498 sia
1003 2454 1117 2498 altro
1139 2455 1225 2499 che
1245 2454 1320 2498 doi
1341 2456 1478 2500 modi:
1503 2470 1531 2500 o
1553 2458 1638 2501 che
1660 2457 1703 2499 13
1733 2458 1786 2500 Ρ.
1813 2457 1871 2500 V.

244 2548 340 2578 non
361 2533 499 2578 acetti
529 2533 572 2575 13
608 2531 867 2586 donatione,
898 2538 944 2576 et
980 2530 1075 2574 cosi
1105 2529 1319 2575 lasciamo
1343 2533 1374 2575 l'
1404 2540 1637 2589 assumpto
1665 2532 1710 2575 di
1738 2533 1875 2588 quell'

243 2625 394 2668 opera,
415 2625 444 2654 0
466 2624 575 2655 uero
596 2611 682 2652 che
701 2609 798 2652 loro
819 2609 946 2652 siano
967 2607 1170 2651 contenti
1191 2607 1238 2650 di
1259 2609 1412 2664 quello
1431 2611 1518 2654 che
1538 2609 1639 2654 dice
1660 2610 1703 2653 13
1731 2610 1785 2653 Ρ.
1811 2610 1870 2653 V.

242 2688 361 2732 nella
383 2702 481 2740 sua,
507 2688 592 2730 che
618 2685 692 2729 dia
714 2685 872 2729 ordine
899 2686 941 2729 al
969 2683 1263 2741 prouinciale,
1293 2686 1372 2742 qui
1392 2691 1482 2742 pro
1504 2690 1699 2742 tempore
1717 2687 1876 2744 fuerit

242 2764 361 2808 della
381 2763 630 2820 prouincia,
661 2763 781 2806 doue
807 2763 911 2806 sara
938 2761 1043 2818 quel
1080 2760 1293 2818 collegiO‚
1323 2763 1411 2807 che
1433 2763 1599 2806 habbia
1635 2763 1743 2806 dare
1769 2764 1874 2818 quel

241 2840 539 2898 predicatore,
564 2841 725 2884 lettore
746 2839 793 2882 di
815 2838 1065 2896 theologia,
1099 2844 1187 2882 ete.
1213 2839 1272 2882 Et
1299 2841 1577 2893 realmente,¹
1597 2840 1760 2893 Padre,
1791 2854 1874 2884 ve-

245 2917 395 2962 dendo
416 2923 576 2972 questa
598 2915 862 2961 risolutione
882 2915 1000 2959 della
1023 2917 1076 2959 P.
1106 2915 1184 2967 V.,
1209 2914 1394 2960 intendo
1430 2918 1517 2960 che
1552 2915 1670 2959 dista
1690 2930 1807 2973 poco
1828 2907 1876 2958 di

245 2995 395 3050 quello
417 2994 490 3036 ch'
509 2992 552 3036 io
574 2993 794 3050 pretendo
829 2992 926 3038 dire
955 2992 1001 3036 in
1024 2998 1149 3036 tante
1170 2993 1338 3049 parole.
1365 2994 1539 3037 Perche
1576 2993 1613 3036 si
1650 2999 1807 3037 consta
1829 2993 1875 3036 di

250 3077 410 3126 questo
432 3070 589 3114 ordine
610 3077 655 3114 et
678 3069 954 3127 obligatione
975 3071 1060 3114 che
1080 3070 1140 3112 ha
1160 3070 1218 3113 da
1237 3070 1335 3115 fare
1354 3071 1398 3115 la
1428 3073 1483 3116 P.
1513 3072 1592 3127 V.,
1615 3085 1728 3127 poco
1755 3070 1797 3114 ci
1817 3085 1877 3114 va
