2228 3548
878 300 925 328 20
950 292 1182 328 FEBRUARu
1210 292 1301 338 1567
1789 293 1861 341 373

259 397 312 434 et
333 391 601 436 necessaria.
627 393 687 436 Al
711 392 960 451 viscaglino
987 394 996 416 ¹
1019 393 1108 438 Dio
1131 394 1160 437 l’
1185 394 1312 448 aiuti‚
1337 410 1386 439 se
1408 410 1494 452 pur
1514 396 1555 449 e;
1586 402 1634 440 et
1660 411 1710 441 se
1736 411 1830 440 non
1855 397 1899 450 e,

268 467 296 509 l’
319 466 429 511 aiuti
450 483 477 512 a
497 470 582 514 che
604 476 625 497 ¹²
650 469 716 514 sia
738 471 844 527 quel
866 472 952 516 che
973 472 999 515 e
1021 471 1054 515 ².
1081 471 1302 517 Desidero
1320 476 1485 525 tamen,
1505 473 1670 526 Padre,
1690 474 1775 517 che
1799 472 1837 517 si
1860 474 1903 526 e,

268 559 359 588 non
376 544 449 588 sia
463 560 600 591 senza
621 561 845 592 consenso
870 548 929 593 de
959 550 1161 606 Raphael
1198 551 1230 592 ³:
1272 557 1469 595 staremo
1506 565 1532 593 a
1568 551 1724 594 veder’
1749 551 1905 606 quello

266 623 355 665 che
375 621 406 665 il
427 622 622 680 Signore
638 626 904 681 prouedera.
930 626 996 670 La
1013 628 1066 670 P.
1094 627 1151 671 V.
1177 626 1215 670 si
1238 626 1465 671 ricordara
1486 627 1532 670 di
1554 627 1808 671 mandarmi
1833 627 1907 670 in·-

272 698 537 744 formatione
557 715 583 744 a
611 708 777 758 tempo,
803 702 849 746 di
885 703 1035 759 quello
1071 705 1155 747 che
1177 706 1237 747 ho
1264 704 1323 747 da
1349 705 1444 748 fare
1465 718 1553 748 con
1591 705 1741 760 questi
1770 704 1906 750 amici

271 775 413 818 nostri
430 777 515 822 che
529 779 682 822 hanno
699 794 724 822 a
740 778 896 824 venire
912 779 945 823 ⁴.
962 781 1148 836 Quanto
1165 781 1207 824 al
1223 787 1360 834 resto,
1375 782 1401 825 e
1412 795 1522 825 cosa
1538 782 1713 838 grande
1730 789 1904 838 quanto

265 851 328 894 mi
349 852 476 896 siano
497 855 678 911 aguzati
696 855 726 898 li
748 856 888 909 denti,
913 863 959 901 et
977 856 1125 900 uorrei
1146 871 1344 914 aguzare
1365 858 1503 914 quelli
1524 858 1570 901 di
1591 859 1634 902 la
1662 873 1743 915 per
1771 874 1905 903 man—

264 928 383 986 giar’
407 931 547 974 molto
568 947 684 988 pane
707 933 763 976 de
785 933 919 989 quell’
942 934 1056 978 altro
1073 933 1219 978 amico
1237 936 1322 979 che
1338 934 1470 979 viene
1492 950 1517 979 a
1535 937 1678 979 Roma
1701 937 1732 979 ⁵.
1754 937 1905 981 Senza

264 1006 407 1050 dubio
430 1009 632 1064 Raphael
667 1011 762 1053 fara
798 1010 991 1066 qualche
1019 1025 1134 1067 gran
1155 1025 1262 1054 cosa
1293 1025 1381 1055 con
1408 1011 1490 1066 lui,
1519 1026 1611 1055 non
1643 1012 1742 1056 solo
1759 1027 1840 1069 per
1862 1013 1905 1056 la

271 1083 437 1128 familia
471 1086 528 1128 de
557 1085 740 1130 Bastian
768 1088 801 1139 ⁶,
833 1101 904 1130 ma
937 1088 1136 1131 anchora
1158 1072 1237 1143 per
1258 1088 1302 1131 la
1321 1088 1557 1144 prouincia
1593 1089 1666 1132 del
1687 1088 1903 1146 maglior-

268 1161 377 1204 chin
401 1164 431 1205 ⁷.
457 1163 516 1205 Et
536 1170 698 1219 questo
718 1170 890 1219 quanto
911 1178 938 1207 a
958 1164 1106 1220 quella
1130 1165 1188 1207 de
1211 1176 1283 1208 22.

362 1240 405 1282 6.
470 1240 561 1283 All'
586 1239 759 1283 ultima.
784 1239 903 1284 Delli
926 1240 1056 1298 punti
1077 1242 1163 1284 che
1184 1241 1229 1284 di
1251 1240 1329 1298 pisi
1351 1243 1409 1286 ha
1430 1241 1574 1285 notati
1596 1242 1639 1286 la
1667 1244 1719 1286 Ρ.
1747 1244 1805 1287 V.
1832 1244 1906 1287 nel

269 1323 498 1360 contratto
517 1317 575 1360 de
595 1317 795 1374 Dilinga‚
817 1319 875 1361 m'
894 1319 1075 1362 haueua
1090 1317 1167 1374 gia
1189 1316 1348 1362 scritto
1365 1320 1480 1362 Mro.
1502 1318 1686 1363 Canisio
1707 1327 1753 1363 et
1774 1318 1805 1362 il
1822 1333 1906 1363 suo

270 1393 448 1438 fratello
464 1395 498 1447 ⁸,
517 1393 710 1439 dicendo
728 1395 813 1438 che
830 1409 902 1439 me
919 1394 950 1438 li
972 1395 1276 1447 mandauano,
1297 1402 1343 1439 et
1359 1409 1450 1439 non
1467 1395 1498 1438 li
1515 1397 1668 1439 hanno
1686 1395 1902 1440 mandati.

270 1471 303 1514 Il
327 1470 572 1516 medesimo
591 1464 664 1516 rne
685 1471 787 1516 dice
807 1472 851 1516 la
874 1474 927 1516 P.
954 1473 1012 1517 V.
1039 1472 1157 1516 nella
1179 1487 1277 1525 sua,
1302 1479 1348 1516 et
1369 1473 1504 1516 credo
1526 1475 1563 1516 s'
1587 1474 1613 1517 e
1634 1473 1906 1517 smenticato

266 1547 314 1590 di
336 1547 554 1591 mandarli
574 1547 606 1591 il
628 1550 679 1592 P.
705 1548 855 1593 Gioan
876 1550 913 1593 F
914 1550 1141 1594 ernandez
1159 1551 1191 1594 ⁰.
1218 1550 1361 1594 Come
1376 1549 1407 1592 li
1429 1551 1618 1603 hauero,
1638 1550 1738 1594 diro
1760 1550 1790 1593 il
1813 1549 1905 1594 mio

269 1639 441 1681 parere,
466 1638 598 1670 come
619 1627 675 1670 V.
705 1627 757 1670 P.
784 1626 821 1670 si
845 1626 1003 1671 rimete
1025 1641 1051 1670 a
1074 1642 1159 1671 me.
1188 1629 1275 1670 Per
1296 1626 1328 1669 li
1355 1626 1431 1671 doi
1457 1626 1740 1684 philosophi,
1767 1627 1904 1672 fanno

267 1702 409 1746 molto
431 1717 545 1759 gran
568 1703 772 1747 instanza
792 1703 823 1746 li
844 1703 918 1747 doi
940 1703 1127 1757 Canisii;
1148 1710 1192 1748 et
1218 1704 1480 1756 realmente,
1507 1705 1668 1757 Padre,
1695 1719 1807 1748 sono
1824 1718 1902 1748 ne-

268 1779 469 1823 cessarii.
495 1780 561 1823 La
585 1781 635 1823 P.
663 1781 741 1833 V.,
777 1781 940 1835 Padre,
965 1794 1046 1837 per
1067 1795 1191 1824 amor
1220 1781 1278 1825 de
1306 1780 1394 1824 Dio
1420 1781 1635 1838 proueda.
1663 1782 1849 1838 Quanto
1877 1796 1904 1825 a

273 1855 526 1912 Herbipoli,
555 1859 615 1900 ho
646 1857 853 1902 dubitato
881 1857 924 1901 io
945 1872 995 1901 se
1016 1857 1046 1900 il
1074 1860 1126 1901 P.
1160 1857 1344 1901 Canisio
1365 1858 1638 1911 andarebbe,
1664 1873 1743 1915 per
1770 1858 1801 1900 li
1824 1873 1903 1902 ru-

271 1932 385 1976 mori
405 1934 491 1978 che
506 1933 547 1978 ci
564 1949 675 1987 sono
691 1934 736 1977 di
754 1949 920 1992 guerra
936 1941 1094 1978 contra
1110 1935 1139 1977 l'
1161 1933 1328 1978 inimici
1344 1933 1390 1977 di
1412 1935 1562 1991 quella
1578 1935 1668 1979 cita
1684 1943 1729 1979 et
1746 1949 1898 1992 paese.

342 2060 363 2080 a
401 2052 659 2089 Emendatum
677 2065 698 2088 a
716 2053 807 2090 libr.
832 2065 881 2089 ex
899 2054 1016 2089 aiuta
1039 2054 1124 2089 che.

342 2157 351 2177 ¹
402 2155 450 2190 P.
474 2154 669 2190 Antonius
688 2154 828 2200 Araoz‚
846 2154 912 2201 qui
929 2154 1136 2189 vizcainus
1153 2153 1308 2198 dicitur,
1327 2155 1505 2202 quamvis
1524 2155 1564 2191 in
1582 2156 1779 2202 provincia
1804 2155 1899 2192 Gui-

270 2224 438 2260 puzcoae
457 2219 564 2249 ortus
581 2212 713 2257 fuerit3
732 2224 820 2248 narn
840 2223 1032 2248 vascones
1051 2212 1246 2248 interdum
1265 2213 1429 2250 vizcaini
1448 2220 1734 2262 nuncupantur.

341 2271 356 2292 ²
403 2272 448 2308 Id
466 2277 541 2318 est,
559 2271 593 2307 si
610 2272 714 2318 regis
731 2271 992 2308 confessarius
1010 2274 1078 2318 est,
1101 2272 1210 2307 Deus
1229 2271 1337 2308 illum
1354 2272 1528 2320 adjuvet;
1547 2273 1580 2309 si
1599 2279 1730 2309 autem
1748 2285 1825 2310 non
1842 2277 1900 2310 est

267 2331 529 2367 confessarius
546 2331 665 2377 regis,
685 2336 728 2366 ut
745 2330 796 2367 sit
813 2330 917 2378 quod
934 2335 1010 2377 est,
1030 2342 1090 2367 sc.
1114 2342 1230 2367 verus
1256 2337 1297 2367 et
1314 2332 1512 2379 perfectus
1530 2333 1754 2379 religiosus,
1772 2344 1794 2368 a
1812 2334 1898 2369 Deo

271 2389 498 2437 adjuvetur.

345 2451 360 2471 ³
408 2449 568 2485 Scilicet
585 2449 796 2496 praepositi
812 2448 1024 2495 generalis.
1050 2448 1151 2485 Vide
1170 2449 1299 2497 Epist.
1325 2450 1482 2497 Natal.‚
1507 2451 1560 2498 ΙΙ,
1583 2450 1668 2497 324,
1692 2456 1829 2487 annot.
1851 2449 1893 2488 3.

347 2511 362 2532 ⁴
410 2510 493 2545 Rex
512 2520 567 2545 sc.
587 2507 800 2555 Hispaniae
816 2519 905 2544 cum
923 2507 1008 2555 ejus
1025 2508 1144 2544 curia.

345 2568 360 2590 ⁸
409 2569 484 2604 Hic
501 2569 598 2604 alter
615 2567 780 2614 Borgiae
798 2567 944 2603 amicus
962 2572 1046 2603 erat
1072 2567 1324 2614 proculdubio
1346 2570 1665 2606 Bartholomaeus
1690 2569 1897 2611 Carranza,

274 2627 587 2675 archiepiscopus
605 2628 816 2671 toletanus,
831 2625 912 2674 qui,
932 2631 1068 2674 utpote
1085 2626 1315 2674 ditissimus,
1333 2639 1428 2676 opes
1445 2640 1536 2665 suas
1550 2628 1589 2664 in
1602 2628 1758 2672 collegii
1775 2639 1899 2663 roma-

269 2687 312 2722 ni
329 2686 546 2723 subsidium
562 2687 774 2722 collaturus
791 2686 1033 2733 sperabatur.

341 2746 357 2768 6
405 2745 450 2781 Id
467 2750 541 2790 est,
560 2756 627 2793 pro
644 2744 810 2792 collegio
828 2755 1001 2787 romano,
1016 2743 1078 2781 cui
1092 2750 1270 2792 praeerat
1289 2745 1544 2783 Sebastianus
1562 2745 1714 2791 Romei,
1732 2746 1899 2782 Ribade-

270 2804 378 2840 neira
394 2803 762 2851 superintendente.

341 2866 354 2885 ⁷
403 2863 608 2899 Provincia
621 2864 684 2899 del
698 2863 961 2910 mallorquin,
973 2863 1000 2899 i.
1016 2875 1051 2899 e.
1066 2863 1299 2900 Germaniae
1312 2865 1536 2912 provinciae
1545 2892 1554 2910 ‚
1564 2877 1659 2912 quas
1673 2865 1718 2900 P.
1732 2864 1898 2908 Natalis,

270 2921 548 2968 majoricensis,
579 2933 670 2958 suas
700 2927 912 2970 nuncupat,
945 2928 1150 2970 propterea
1180 2923 1283 2970 quod
1312 2929 1405 2960 tunc
1434 2924 1510 2960 sibi
1534 2923 1839 2970 commendatas,
1859 2928 1900 2959 et

271 2981 377 3017 omni
395 2986 568 3027 tempore
585 2981 660 3017 sibi
674 2981 788 3017 valde
805 2983 941 3018 charas
959 2983 1141 3017 habebat.

344 3041 359 3062 ⁸
408 3040 457 3076 P.
479 3039 758 3085 Theodoricus,
775 3046 904 3077 rector
921 3040 1078 3087 collegii
1095 3039 1340 3087 dilingensis.

348 3101 363 3122 ⁹
411 3099 608 3136 Librarius
625 3099 751 3136 Patris
767 3100 976 3147 generalis.
