2228 3548
0 844 13 909 ,ἑ

0 923 17 1083 Ξ

0 1114 19 1351 ,ἓ

118 21 127 31 ,
170 0 759 29 ,,;>ῐῑῐῑττ1;’”ε·ἐεπιςςῆ«ν·ιι-Ἴ·’,’νι-.ε”·’
778 0 790 22 2
831 0 834 2 ·

161 30 167 32 ⁷
215 29 279 37 “”
332 29 374 47 a*
406 27 584 45 c‘13‘·⁴-''⁷
628 26 641 31 ἢ
704 29 708 33 ‘

450 80 594 114 ,⁷⁷

691 285 949 323 Pnoommm
974 293 1114 322 'rnn‘m
1139 294 1369 324 vonumms
1742 294 1814 322 xm

208 393 264 436 B.
290 391 480 435 Petrum
501 388 738 433 Canisium
759 387 1078 432 concionando
1100 395 1147 433 et
1168 387 1410 434 scribendo
1431 387 1710 433 Germaniae
1736 389 1862 432 bono

136 504 144 512 -
210 473 440 519 efficacius
460 472 682 518 inservire
704 486 836 529 posse
853 471 1082 517 existimat
1099 473 1188 529 (58,
1210 472 1299 530 59).
1313 473 1350 516 F
1356 487 1637 530 uggerorum
1661 472 1861 516 familiae

211 563 439 602 amantem
462 571 511 600 se
532 555 717 600 exhibet
735 555 867 613 (125).
890 554 1095 612 Reginis,
1114 555 1296 598 filiabus
1312 556 1348 599 F
1350 554 1590 600 erdinandi
1607 556 1625 598 Ι
1641 555 1855 608 caesaris,

212 639 455 687 Societatis
480 639 782 684 confessarios
802 638 1185 692 desiderantibus,
1206 638 1269 683 ita
1285 638 1497 683 satisfieri
1520 645 1669 692 curat,
1690 647 1743 683 ut
1758 639 1860 684 sine

208 724 482 770 detrimento
503 723 769 780 disciplinae
789 723 1034 780 religiosae
1050 722 1097 766 id
1112 723 1192 766 fiat
1215 724 1335 780 (127,
1363 736 1467 779 323,
1489 724 1592 779 326,
1612 724 1739 779 etc.).
1764 723 1858 767 Ca-

210 809 328 854 nisio
348 809 492 853 sacris
518 807 900 865 expeditionibus,
941 821 1058 863 quae
1093 807 1135 851 ei
1163 814 1210 852 et
1229 807 1492 864 provinciae
1529 806 1859 864 impedimento

211 900 357 947 erant,
381 891 562 937 liberari
598 891 819 948 cupienti,
845 906 1016 936 morem
1047 891 1167 948 gerit
1194 891 1284 948 (67,
1328 902 1426 946 115,
1464 892 1563 946 128,
1597 885 1700 949 209,
1726 891 1853 947 etc.)-

209 978 377 1023 Preces
398 991 479 1034 pro
501 975 631 1020 ducis
653 974 878 1021 Saxoniae
899 974 1200 1019 conversione
1222 974 1382 1018 indicit
1403 976 1523 1031 (148,
1561 975 1675 1032 149),
1707 982 1753 1018 et
1776 988 1858 1031 pro

209 1063 357 1107 salute
378 1059 638 1104 archiducis
654 1058 929 1103 Ferdinandi
948 1059 1082 1115 (150).
1103 1059 1294 1104 Summo
1312 1059 1516 1115 pontifici
1535 1058 1857 1114 obsequentis-

210 1146 376 1209 simum
398 1159 447 1189 se
469 1144 654 1201 praebet
672 1143 791 1201 (149,
817 1143 920 1196 228,
947 1155 1049 1198 233,
1071 1155 1174 1199 322,
1206 1143 1326 1198 482).
1359 1142 1718 1186 Difficultatibus
1747 1157 1856 1200 gra—

214 1230 419 1274 vioribus
436 1226 693 1286 provinciae
709 1226 985 1272 Germaniae
1001 1226 1471 1284 diligenter'providet
1491 1228 1527 1283 (1
1538 1228 1625 1282 77).
1647 1226 1857 1283 Collegio

218 1311 481 1371 germanico
502 1326 595 1355 non
616 1309 703 1354 nisi
739 1310 933 1354 selectos
963 1309 1161 1366 juvenes
1197 1309 1414 1354 destinari
1446 1310 1580 1366 jubet
1603 1310 1723 1366 (178,
1761 1321 1857 1367 179,

190 1413 196 1420 ·
219 1409 321 1450 201,
347 1408 450 1449 221,
477 1407 580 1449 227,
601 1395 718 1450 253).
745 1393 898 1438 Officii
914 1392 1161 1438 visitatoris
1178 1394 1378 1450 regulas,
1398 1394 1583 1437 decreta
1600 1407 1858 1450 congrega-

215 1481 407 1534 tionum,
432 1487 478 1526 et
498 1479 807 1524 ordinationes
835 1479 1075 1537 generales
1103 1478 1254 1523 Natali
1283 1478 1400 1522 mitti
1430 1486 1560 1523 curat
1592 1479 1711 1534 (227,
1737 1480 1857 1534 402).

213 1564 597 1623 Congregationis
617 1564 853 1609 decretum
873 1564 930 1608 de
950 1578 1046 1607 non
1062 1562 1363 1619 suscipiendis
1386 1563 1604 1608 oneribus
1636 1563 1790 1607 nimiis
1814 1563 1860 1607 in

212 1649 418 1707 collegiis
439 1657 626 1693 strenue
662 1648 866 1692 defendit
904 1649 1023 1705 (228,
1063 1647 1184 1702 477).
1208 1647 1327 1691 Cum
1351 1647 1556 1704 pontifex
1578 1647 1860 1692 decrevisset

212 1738 305 1779 11011
321 1733 659 1792 promovendos
675 1733 732 1777 ad
750 1732 932 1782 ordines
950 1747 1105 1776 sacros
1122 1730 1362 1789 religiosos
1379 1738 1486 1776 ante
1503 1731 1855 1789 professionem,

213 1817 411 1864 consulit
438 1817 611 1874 Borgia
638 1817 880 1873 theologos
908 1823 954 1861 et
982 1814 1285 1873 provinciales
1312 1814 1555 1860 Societatis
1585 1816 1643 1859 de
1677 1815 1857 1861 ratione

212 1902 410 1948 tenenda
430 1902 476 1945 in
493 1903 580 1945 hac
597 1916 663 1956 re,
683 1909 735 1944 ut
750 1900 978 1958 pontificis
994 1901 1230 1944 decretum
1247 1914 1353 1944 cum
1371 1900 1541 1944 nostris
1564 1899 1861 1964 constitutio-

215 1987 303 2031 bus
324 1993 629 2043 componatur
653 1985 900 2043 (480-483).
927 1983 1137 2028 Natalem
1165 1983 1213 2027 in
1242 1983 1438 2028 Galliam
1462 1998 1706 2041 properare
1722 1984 1858 2040 jubet

213 2070 332 2129 (579,
357 2070 474 2126 605).
503 2068 816 2126 Collegiorum
840 2066 1103 2125 provinciae
1119 2068 1156 2111 F
1158 2066 1563 2124 laudm-Belgicae
1586 2066 1861 2124 multiplica—

214 2153 384 2199 tionem
407 2160 453 2198 et
490 2152 773 2197 incrementa
810 2152 950 2204 fovet,
991 2150 1141 2195 socios
1176 2151 1374 2196 selectos
1396 2152 1541 2196 Roma
1578 2151 1716 2195 mittit
1739 2130 1858 2207 (546,

218 2248 320 2293 554›
347 2237 565 2292 557‘563’
593 2246 696 2291 575⁹
723 2236 825 2291 5761
854 2235 1088 2320 579”5812)·

302 2321 514 2366 Natalem
537 2319 780 2365 Societatis
802 2319 1022 2363 vicarium
1043 2318 1301 2373 constituit,
1321 2326 1367 2363 et
1388 2319 1435 2363 in
1459 2318 1730 2376 Hispaniam
1753 2333 1862 2375 pro-

217 2404 437 2449 ficiscitur
457 2418 564 2448 cum
586 2402 801 2447 cardinali
824 2402 1136 2447 Alexandrino
1165 2403 1284 2461 (648,
1316 2404 1435 2461 649).
1468 2403 1735 2448 Laudantur
1761 2402 1862 2458 ejus

218 2489 414 2534 virtutes
434 2495 480 2532 et
502 2493 648 2544 gesta.
676 2485 759 2531 Pie
781 2485 972 2530 moritur
993 2487 1166 2532 Romae
1189 2487 1439 2544 (657-662).

311 2573 464 2617 BEATl
489 2573 643 2615 PETRI
667 2571 859 2614 CAN1511
883 2576 1016 2627 gesta
1037 2584 1120 2626 pro
1146 2570 1357 2624 ecclesia,
1388 2585 1472 2628 pro
1502 2570 1751 2624 Societate,
1780 2584 1863 2626 pro

221 2655 490 2708 Germania,
509 2655 556 2698 in
573 2653 775 2699 maxima
791 2660 921 2710 parte
939 2653 1231 2710 epistolarum
1249 2655 1327 2711 huj
1335 2669 1389 2698 us
1404 2653 1508 2697 libri
1524 2653 1859 2697 collaudantur.

221 2739 350 2785 Licet
365 2739 461 2795 jam
484 2753 541 2783 ex
562 2738 697 2782 dictis
720 2738 806 2781 sub
828 2751 1020 2780 numero
1048 2738 1112 2780 1.‘’
1135 2737 1274 2793 hujus
1296 2737 1475 2794 prologi
1499 2738 1620 2781 clare
1648 2745 1864 2794 appareat

219 2822 391 2868 Canisii
412 2836 614 2879 operam,
639 2820 898 2872 consilium,
924 2819 1242 2865 auctoritatem
1265 2820 1465 2866 maxime
1487 2822 1545 2864 ad
1567 2820 1745 2865 felicem
1763 2817 1863 2865 exi-

217 2914 314 2950 tum
332 2905 619 2950 comitiorum
637 2910 1003 2961 augustanorum
1021 2903 1286 2957 contulisse,
1296 2905 1431 2960 juvat
1448 2911 1599 2949 tamen
1612 2904 1688 2947 hic
1699 2903 1862 2961 singil-

219 2988 346 3033 latim
367 3002 514 3045 pauca
535 2989 712 3040 afferre,
733 2986 901 3043 quibus
919 2985 1033 3029 tanti
1049 2984 1135 3028 viri
1152 2986 1298 3043 gloria
1321 2987 1488 3031 clarius
1510 2988 1762 3044 splendeat.
1791 2989 1863 3031 De

222 3073 300 3116 illo
336 3071 526 3125 Natalis,
567 3085 672 3116 cum
699 3070 909 3122 dixisset,
949 3076 1108 3125 quater
1128 3068 1176 3113 in
1197 3071 1483 3116 hebdomada
1511 3078 1622 3114 tunc
1646 3070 1862 3127 temporis
