2228 3548
374 294 395 320 2
860 279 1001 317 Emsr.
1029 278 1073 314 P.
1101 275 1374 322 NADAn-350

326 392 539 438 rectores,
566 397 701 439 quam
722 381 770 424 in
791 380 901 424 alias
923 378 1109 436 quasuis
1130 391 1363 435 personas,
1389 376 1597 435 collegia,
1617 391 1670 421 30
1691 377 1855 420 domus
1871 377 1958 421 So-

325 461 515 513 cietatiS‚
541 458 878 511 constituimus,
903 456 950 499 in
971 455 1154 500 nomine
1178 454 1325 499 Patris
1353 461 1399 498 et
1419 453 1522 498 Filii
1542 461 1588 498 et
1616 453 1812 512 Spiritus
1840 455 1959 499 San-

326 539 402 592 cti;
433 545 478 582 et
507 536 593 581 Dei
622 535 871 579 bonitatem
899 547 1137 590 precamur
1173 539 1225 575 ut
1261 532 1363 575 luce
1397 545 1509 576 suae
1544 531 1792 588 sapientiae
1829 537 1874 575 te
1910 529 1958 574 in

325 615 537 659 omnibus
560 612 757 670 dirigere
777 619 824 656 et
845 610 1021 668 gratiae
1043 624 1153 654 suae
1174 608 1307 653 donis
1329 608 1504 662 iuuare,
1529 614 1581 652 ut
1602 609 1659 652 ad
1685 608 1827 666 ipsius
1855 608 1957 666 glo-

324 692 434 736 riam
463 698 509 736 et
546 689 799 733 animarum
836 688 1104 745 profectum·
1128 686 1278 730 omnia
1315 685 1557 743 transigas,
1596 685 1826 743 dignetur.
1863 686 1957 729 Ro-

324 784 440 823 mae,
466 766 538 811 6.ει
559 765 795 811 Februarii
824 765 950 820 1566.

325 923 404 959 bris
426 921 530 968 1565,
549 922 645 957 haec
664 919 834 967 scripsit:
855 919 1118 966 «Suggestum
1136 923 1197 954 est
1214 917 1271 954 illi
1288 917 1488 964 [cardinali
1506 918 1738 965 augustano]
1752 917 1801 954 de
1819 918 1863 955 P.
1884 918 1960 954 Na-

325 980 408 1026 tali,
432 980 498 1029 qui
523 980 627 1016 curis
651 980 831 1016 omnibus
855 979 1042 1015 liberatus
1066 990 1154 1014 esse
1183 978 1339 1027 dicitur,
1371 983 1411 1014 et
1434 989 1600 1025 magnus
1619 989 1707 1014 esse
1724 977 1959 1015 Germaniae

325 1041 490 1077 amicus.
514 1040 641 1087 Hujus
659 1040 836 1076 crebram
850 1038 929 1086 jam
949 1037 1187 1074 mentionem
1204 1037 1312 1080 fecit,
1332 1043 1539 1086 speratque
1557 1037 1704 1085 aliquid
1721 1049 1765 1074 se
1782 1037 1960 1074 obtinere

326 1112 349 1136 a
365 1101 418 1137 R.
441 1100 488 1135 P.
520 1100 567 1135 T.
593 1110 721 1146 posse.
745 1098 901 1134 Scribat
922 1109 1067 1146 quaeso
1090 1097 1183 1145 quid
1207 1097 1263 1133 illi
1283 1097 1396 1144 juxta
1419 1097 1621 1134 decretum
1645 1096 1960 1144 congregationis

326 1158 560 1207 sperandum
578 1157 748 1205 supersit
765 1157 814 1193 de
831 1156 1010 1193 habendo
1028 1168 1105 1192 uno
1123 1168 1172 1192 ex
1190 1157 1334 1192 nostris
1351 1156 1589 1192 confessario
1607 1162 1648 1192 et
1662 1157 1884 1203 theologo.»
1901 1157 1960 1192 Ex

327 1218 581 1264 autographo,
600 1218 639 1253 in
667 1216 765 1252 Cod.
796 1226 847 1262 29
870 1217 923 1262 e),
946 1215 1015 1252 fol.
1045 1222 1090 1261 95
1114 1215 1210 1262 (35).
1239 1216 1329 1263 Ipse
1352 1215 1511 1263 insuper
1534 1215 1778 1263 praepositus
1799 1226 1962 1263 genera·

329 1277 391 1322 lis,
414 1286 455 1323 17
474 1276 709 1313 Novembris
731 1275 833 1323 1565,
861 1276 957 1312 haec
980 1274 1166 1311 cardinali
1190 1275 1318 1311 eidem
1342 1274 1551 1311 referebat:
1579 1276 1661 1311 «Fu
1683 1276 1861 1312 riceuuta
1884 1287 1962 1313 una

329 1337 468 1372 lettera
480 1334 520 1370 di
534 1343 576 1370 21
593 1334 656 1370 del
670 1339 826 1381 passato
839 1333 879 1369 di
893 1334 942 1369 V.
957 1332 998 1369 S.
1015 1334 1135 1369 Illam
1152 1361 1162 1379 ‚
1181 1345 1250 1380 per
1267 1334 1302 1369 la
1316 1334 1430 1381 quale
1443 1333 1483 1369 di
1501 1345 1630 1370 nuouo
1646 1340 1790 1371 mostra
1803 1334 1963 1371 haueria

330 1394 460 1441 piacet
477 1405 519 1429 se
539 1393 565 1429 li
584 1393 758 1429 mandasi
781 1392 807 1428 il
830 1393 878 1429 P.
908 1392 1047 1428 Natale
1071 1403 1140 1439 per
1163 1391 1323 1428 seruirsi
1345 1392 1436 1429 dell’
1463 1404 1581 1440 opera
1598 1393 1638 1429 di
1662 1404 1750 1430 esso
1767 1393 1807 1430 in
1823 1399 1962 1442 questa

330 1454 436 1490 dieta
461 1453 676 1500 imperiale,
696 1453 872 1489 intimata
901 1463 970 1499 per
1000 1452 1026 1488 il
1057 1452 1240 1488 Gennaro
1269 1444 1473 1499 prossimo.
1503 1453 1645 1499 Questi
1672 1453 1711 1490 di
1741 1454 1887 1501 passati
1911 1454 1962 1490 ho

332 1512 430 1548 fatta
446 1512 612 1560 risposta
629 1512 678 1548 ad
695 1524 747 1548 un
764 1513 861 1547 altra
878 1511 941 1547 del
960 1511 1173 1547 medesimo
1196 1517 1392 1560 soggetto,
1413 1519 1453 1548 et
1477 1513 1553 1548 allo
1576 1518 1747 1560 aggente
1764 1512 1804 1549 di
1828 1514 1879 1550 V.
1910 1514 1958 1550 S.

332 1573 453 1608 111.ma
470 1601 478 1620 ,
498 1573 570 1608 che
588 1583 702 1619 sopra
718 1577 858 1619 questo
882 1570 1095 1607 medesimo
1113 1571 1217 1607 m’ha
1234 1572 1395 1618 parlat03
1417 1576 1457 1607 et
1474 1572 1511 1607 la
1530 1583 1681 1608 summa
1699 1573 1720 1609 ὲ
1738 1574 1827 1620 che,
1851 1584 1964 1610 corne

333 1631 495 1678 l'obligo
525 1637 656 1667 nostro
679 1632 716 1667 lo
744 1631 910 1677 ricerca,
934 1631 971 1666 io
1001 1630 1054 1666 mi
1081 1630 1228 1667 ritrouo
1259 1631 1403 1678 special
1433 1631 1636 1668 affettione
1666 1634 1702 1668 al
1733 1632 1896 1669 seruitio
1924 1633 1964 1669 di

335 1691 384 1726 V.
404 1690 449 1726 S.
473 1691 579 1726 11.ma
596 1719 605 1737 ,
631 1695 670 1726 et
693 1690 733 1726 in
756 1695 894 1737 questa
918 1701 1163 1736 occorrenza,
1189 1690 1242 1726 mi
1265 1689 1365 1726 saria
1388 1695 1490 1727 stato
1513 1691 1741 1728 charissimo
1765 1698 1878 1740 poter
1902 1694 1963 1729 col

334 1750 433 1786 fatto
451 1754 614 1785 mostrar
631 1754 769 1797 questa
787 1749 862 1785 mia
879 1748 1053 1785 uolonta.
1076 1750 1139 1785 Ma
1156 1748 1196 1785 in
1214 1761 1307 1785 uero
1325 1749 1351 1785 il
1370 1750 1435 1786 Ρ.ε
1453 1750 1592 1787 Natale
1611 1751 1632 1787 ὲ
1651 1751 1691 1787 in
1708 1753 1761 1788 tal
1776 1751 1890 1788 modo
1908 1752 1964 1788 in-

334 1809 524 1856 disposto,
542 1810 614 1844 che
631 1820 705 1844 con
722 1809 851 1844 buona
868 1808 1108 1845 conscientia
1124 1820 1202 1845 non
1220 1808 1320 1845 vedo
1337 1820 1447 1845 come
1471 1811 1508 1846 10
1532 1810 1680 1858 potessi
1702 1811 1885 1847 mandare
1909 1813 1964 1848 tal

336 1867 494 1915 uiaggio
513 1873 552 1904 et
570 1868 609 1903 in
628 1869 680 1904 tal
708 1873 854 1915 tempo,
877 1868 1018 1915 perche
1043 1869 1141 1904 oltre
1165 1869 1259 1905 l'eta
1281 1880 1366 1916 sua,
1391 1869 1471 1905 l'ha
1494 1875 1653 1906 trattato
1678 1876 1786 1907 tanto
1810 1872 1911 1908 male
1937 1872 1964 1908 il

335 1932 499 1969 catarro,
518 1928 590 1963 che
608 1926 737 1974 questi
753 1925 878 1973 giomi
895 1928 944 1963 ha
961 1933 1079 1964 auuto
1103 1939 1124 1963 a
1146 1927 1239 1964 farsi
1258 1941 1310 1964 un
1326 1928 1489 1966 rottorio
1506 1930 1570 1966 nel
1595 1930 1762 1973 braccio,
1788 1932 1887 1967 oltre
1911 1943 1964 1968 un

336 1987 434 2023 altro
451 1987 523 2022 che
541 1986 665 2033 prima
677 1998 727 2022 ne
744 1987 963 2022 haueua...»
981 1988 1040 2022 Ex
1057 1988 1242 2033 Regesto,
1265 1987 1360 2024 Cod.
1381 1999 1426 2036 33
1443 1988 1497 2036 f),
1516 1989 1585 2026 fol.
1609 1999 1676 2035 40.

407 2046 482 2082 Die
505 2051 635 2082 autem
659 2046 704 2081 26
729 2045 902 2092 Januarii
928 2046 1032 2092 1566,
1057 2047 1198 2093 Borgia
1220 2047 1464 2084 Theodorico
1491 2048 1649 2085 Canisio
1672 2050 1768 2086 haec
1793 2050 1963 2098 scripsit:

337 2105 486 2141 «...Sua
499 2105 662 2151 Santitr21,
679 2106 777 2140 oltre
791 2105 830 2140 di
843 2106 963 2141 hauer
980 2105 1077 2142 fatto
1095 2107 1224 2152 legato
1242 2118 1310 2154 per
1324 2109 1360 2144 la
1373 2107 1479 2144 dieta
1493 2107 1519 2144 11
1536 2108 1706 2145 cardinal
1722 2109 1965 2157 Comendon,

337 2169 378 2200 et
395 2164 570 2200 ordinato
586 2164 710 2199 anche
727 2163 767 2199 ui
784 2163 818 2199 si
835 2164 936 2200 troui
955 2166 1077 2201 anche
1095 2165 1121 2201 il
1139 2166 1309 2202 cardinal
1327 2167 1563 2212 Madruccio,
1582 2169 1632 2204 ha
1650 2170 1784 2205 uoluto
1802 2170 1875 2206 che
1899 2181 1964 2206 an-

336 2223 492 2260 dassino
509 2223 638 2260 alcuni
652 2222 824 2269 theologi
838 2222 877 2259 di
895 2229 1026 2260 nostra
1043 2225 1256 2273 Compafiia
1273 2226 1312 2262 di
1329 2238 1418 2274 qua.
1437 2227 1676 2275 Presuposto
1692 2229 1766 2265 che
1783 2230 1907 2266 anche
1925 2230 1965 2266 di

338 2283 374 2318 13
392 2281 431 2318 ui
456 2283 489 2318 si
510 2281 653 2318 habbia
676 2293 698 2316 a
721 2286 874 2317 trouare
898 2281 923 2317 il
948 2282 1071 2318 Padre
1095 2283 1333 2330 prouinciale
1357 2284 1530 2332 Canisio,
1554 2295 1650 2322 sono
1672 2285 1764 2322 stati
1788 2285 1966 2334 deputati

338 2342 364 2378 il
382 2342 430 2378 P.
455 2342 557 2378 Μ.Γο
574 2341 688 2376 Nata]
707 2345 747 2376 et
764 2340 790 2376 il
809 2341 857 2376 P.
881 2341 974 2376 Μ.ῐο
992 2341 1253 2379 Ledesma...»
1268 2344 1326 2379 Ex
1339 2344 1528 2391 Regesto,
1543 2343 1639 2381 cod.
1656 2345 1767 2393 33f),
1782 2345 1848 2383 fol.
1864 2346 1910 2392 56
1924 2359 1964 2383 v.

340 2400 440 2437 Vide
458 2406 659 2448 praeterea
676 2411 844 2447 sequens
862 2407 1153 2438 monumentum
1171 2414 1260 2438 cum
1277 2409 1409 2449 annot3
1429 2409 1469 2440 et
1486 2404 1656 2452 append.
1681 2404 1769 2441 I-V.

2206 84 2223 105 ⁴7
