2228 3548
398 282 466 320 272
913 272 1052 308 EplsT.
1079 269 1124 305 P.
1153 266 1422 313 NADAt—437

350 375 493 419 nostri
516 375 683 418 andare
705 389 731 417 a
752 371 1036 424 ricreatione,
1067 371 1232 427 perche
1263 371 1288 414 0
1314 369 1432 414 assai
1463 361 1815 414 inconueniente
1842 368 1982 412 andar

351 466 527 508 sempre
549 465 678 494 come
701 464 868 502 uanno,
893 464 921 492 o
942 448 987 491 in
1011 447 1190 491 diuerse
1211 447 1361 491 bande
1381 445 1493 501 bini,
1525 460 1553 490 0
1582 445 1687 489 tutti
1718 445 1906 490 insieme
1933 445 1979 488 in

349 544 439 573 vna
460 528 575 572 silua
602 534 637 570 a·

442 617 508 649 11.
575 605 624 647 In
647 603 753 647 tutti
773 602 806 645 li
827 601 1024 658 collegij,
1052 601 1213 653 Padre,
1238 602 1313 653 ho,
1339 602 1407 644 fra
1427 601 1470 644 le
1491 600 1604 645 altre
1625 614 1746 652 cose,
1770 614 1978 644 raccom-

347 683 559 726 mandato
582 695 669 724 con
691 681 830 723 molta
852 678 1082 731 instantia,
1107 680 1191 722 che
1211 677 1416 722 facciano
1437 677 1690 735 diligentia,
1715 678 1914 722 secondo
1945 676 1978 720 il

348 760 483 803 modo
505 759 623 801 della
651 756 951 813 Compagnia,
982 755 1027 798 di
1056 755 1258 800 riceuere
1279 755 1406 799 molti
1427 755 1630 812 soggetti
1651 754 1818 808 idonei,
1843 762 1888 798 et
1917 755 1978 798 mi

348 851 454 894 pare
475 838 560 879 che
582 835 769 878 nissuna
790 833 1052 890 operatione
1073 832 1283 890 migliore
1305 833 1342 876 si
1363 847 1498 890 possa
1519 833 1612 876 fare
1633 832 1681 876 in
1702 832 1976 889 Alemagna,

349 923 395 958 et
412 929 503 957 non
515 915 577 956 ho
595 911 910 956 sollecitudine
927 911 1090 954 alcuna
1101 911 1174 955 del
1183 911 1365 964 mondo,
1381 911 1565 966 quando
1582 909 1817 954 uenissero
1834 908 1976 962 molti,

348 991 393 1035 di
425 992 543 1034 doue
571 990 608 1033 si
635 992 788 1032 hanno
819 989 877 1031 da
907 994 1177 1042 sostentare,
1202 988 1373 1045 purche
1410 987 1447 1032 si
1483 987 1686 1032 riceuino
1717 987 1915 1031 secondo
1945 986 1978 1029 l'

348 1069 571 1120 instituto,
597 1067 643 1110 di
670 1068 788 1109 doue
816 1065 1054 1110 intendero
1082 1066 1167 1108 che
1195 1065 1321 1109 Iddio
1348 1065 1379 1108 li
1404 1067 1464 1109 ha
1491 1063 1718 1117 chiamati‚
1750 1070 1796 1108 et
1824 1063 1918 1107 cosi
1947 1062 1979 1106 li

349 1146 599 1203 prouedera
621 1159 757 1189 senza
778 1143 931 1186 dubio,
957 1144 1007 1186 In
1030 1143 1209 1187 Vienna
1236 1142 1277 1186 ci
1305 1158 1442 1187 erano
1470 1143 1559 1186 due
1588 1157 1616 1186 0
1645 1149 1714 1187 tre
1742 1140 1873 1196 altri;
1904 1155 1978 1184 ma

347 1238 438 1266 non
460 1224 485 1266 e
508 1236 640 1279 parso
657 1221 701 1264 di
720 1221 920 1265 riceuere
937 1235 985 1264 se
1001 1235 1092 1264 non
1117 1234 1158 1276 3:
1183 1220 1214 1263 li
1235 1221 1326 1265 due
1349 1222 1512 1263 turono
1527 1218 1727 1264 mandati
1744 1218 1789 1261 in
1809 1221 1974 1275 Praga,

347 1308 393 1343 et
415 1307 579 1344 stanno
600 1300 733 1351 bene,
758 1313 848 1341 vno
869 1299 926 1342 de
949 1297 1070 1353 quali
1100 1299 1125 1342 e
1152 1299 1382 1354 vnghero,
1407 1303 1454 1341 et
1477 1298 1508 1340 l’
1533 1298 1646 1340 altro
1669 1297 1915 1349 sclauone,·
1931 1303 1980 1341 et

348 1376 577 1421 Giovanni
593 1377 729 1420 Sasso
755 1376 793 1429 ¹³,
813 1375 842 1417 il
860 1376 992 1430 quale
1008 1376 1033 1418 0
1051 1375 1264 1418 mandato
1281 1389 1307 1418 a
1322 1376 1482 1418 Roma.
1503 1376 1554 1418 In
1573 1376 1722 1431 Praga
1739 1388 1833 1417 non
1850 1373 1891 1417 01
1909 1373 1974 1425 fu,

347 1455 474 1497 saluo
498 1454 637 1496 Paolo
660 1453 820 1505 Slesio,
846 1454 930 1496 che
952 1454 1096 1495 anche
1118 1453 1143 1495 e
1165 1452 1378 1495 mandato
1400 1466 1426 1495 a
1456 1453 1613 1495 Roma.
1641 1451 1735 1507 Qui
1756 1450 1980 1507 sperando

346 1531 390 1574 io
412 1533 497 1575 che
520 1532 764 1573 douessero
787 1544 937 1574 essere
965 1529 1092 1572 molti
1118 1543 1198 1586 per
1226 1535 1396 1585 quanto
1419 1528 1481 1571 mi
1507 1530 1687 1572 haueua
1723 1527 1980 1585 significato

346 1608 377 1650 il
402 1610 454 1651 P.
482 1607 660 1664 Tyrsio,
685 1622 774 1649 non
798 1606 836 1649 ci
861 1608 885 1650 0
907 1614 1024 1650 stato
1047 1608 1226 1650 alcuno.
1251 1607 1405 1649 Mittat
1426 1607 1656 1649 Dominus
1678 1606 1911 1662 operarios
1927 1606 1981 1648 in

346 1699 533 1728 messem
557 1699 704 1727 suam.
730 1684 1006 1740 Guglielmo,
1033 1699 1124 1727 uno
1145 1683 1251 1728 delli
1272 1683 1347 1727 doi
1369 1683 1547 1740 nouitij,
1566 1685 1650 1727 0110
1673 1697 1873 1726 uennero
1889 1697 1975 1726 con

346 1777 473 1806 meco
491 1779 517 1806 a
533 1762 725 1813 Vienna,
745 1762 791 1803 fu
808 1762 1019 1804 mandato
1035 1777 1061 1805 a
1079 1763 1244 1818 Praga,
1259 1768 1304 1804 et
1321 1767 1391 1804 sta
1407 1762 1539 1805 bene:
1559 1761 1591 1802 l’
1607 1761 1735 1813 altro,
1756 1761 1972 1814 Abraam,

344 1854 437 1883 non
469 1839 753 1896 procedendo
783 1839 921 1891 bene,
953 1839 985 1881 ’l
1007 1827 1227 1882 rimandai
1255 1853 1281 1881 a
1308 1838 1550 1882 Monachio
1576 1853 1658 1894 per
1685 1838 1917 1881 mandarlo
1948 1852 1974 1881 a

345 1931 450 1960 casa
471 1931 569 1960 sua.
595 1916 732 1959 Ando
754 1916 824 1958 001
848 1918 900 1958 P.
927 1917 1211 1969 Baldessaro,
1235 1917 1422 1968 bauaro,
1447 1917 1533 1959 che
1554 1915 1612 1958 ne
1639 1914 1684 1957 in
1710 1917 1883 1971 praga,
1916 1916 1974 1958 ne

344 1994 391 2036 in
415 1993 661 2049 Tyrnauia,
685 1994 743 2034 ne
765 1992 809 2034 in
833 1993 1008 2036 Vienna
1031 2000 1161 2036 staua
1181 1993 1351 2048 quieto,
1376 1999 1422 2036 et
1443 2007 1492 2037 se
1513 2007 1605 2036 non
1627 1991 1664 2035 si
1686 1999 1812 2036 muta
1828 1992 1874 2050 (il
1890 1994 1975 2037 che

343 2086 436 2114 non
458 2071 604 2127 spero>
628 2071 672 2113 lo
693 2070 909 2113 mandari)
941 2086 966 2113 a
994 2085 1099 2114 casa
1127 2085 1231 2123 sua,
1256 2085 1284 2114 o
1312 2072 1396 2114 che
1423 2071 1467 2113 lo
1495 2070 1605 2114 daro
1632 2071 1689 2113 ad
1718 2085 1779 2113 un
1807 2070 1977 2113 barone

341 2149 529 2201 bauaro,
554 2149 638 2191 che
658 2147 702 2189 lo
725 2148 966 2200 domanda,
992 2163 1019 2191 0
1041 2149 1083 2191 31
1105 2147 1332 2192 cardinale
1354 2148 1397 2190 d’
1423 2149 1657 2204 Augusta.
1683 2149 1755 2191 Da
1773 2149 1923 2204 Praga
1939 2147 1977 2192 si

343 2225 628 2268 mandorono
644 2231 662 2251 ⁰
683 2238 709 2266 a
732 2230 891 2278 questa
913 2224 1168 2280 prouincia,
1194 2231 1320 2268 tanto
1350 2239 1429 2281 per
1451 2225 1684 2282 isgrauare
1711 2225 1817 2280 quel
1838 2225 1977 2269 colle-

345 2301 438 2358 gio,
463 2308 631 2357 quanto
654 2301 819 2357 perche
842 2315 928 2343 con
952 2301 1155 2345 instanza
1177 2302 1239 2345 mi
1260 2304 1440 2346 haueua
1456 2302 1729 2346 domandato
1752 2302 1782 2345 il
1805 2304 1858 2345 Ρ.
1884 2302 1975 2346 Ca—

344 2377 460 2421 nisio
489 2377 636 2421 alcuni
669 2377 849 2430 scolari,
876 2386 1055 2433 quattro
1086 2378 1269 2433 scolari,
1300 2386 1346 2423 et
1375 2393 1463 2422 vno
1485 2394 1576 2423 non
1607 2378 1975 2435 prouauadbene

344 2455 463 2499 nella
484 2453 764 2511 probatione:
790 2454 895 2497 tutti
917 2458 976 2497 m'
993 2463 1010 2482 e
1036 2462 1275 2512 aspettano
1297 2456 1344 2498 in
1364 2455 1658 2513 Ingolstadio.
1686 2458 1837 2500 Penso
1859 2455 1973 2500 fehe

343 2531 372 2574 li
398 2544 426 2586 4
447 2533 544 2575 faro
565 2530 722 2574 uenire
744 2545 770 2572 a
793 2541 951 2586 questo
973 2532 1164 2590 collegio
1187 2549 1213 2577 a
1240 2532 1456 2587 studiare,
1481 2535 1566 2576 che
1592 2539 1708 2576 sono'
1725 2532 1971 2576 humanisti

343 2608 374 2650 11
398 2622 422 2663 3
446 2615 491 2652 et
514 2623 576 2650 un
598 2606 837 2650 rhetorico:
863 2609 966 2652 dell'
992 2610 1104 2652 altro
1135 2610 1304 2654 uedero
1326 2611 1411 2655 che
1438 2611 1658 2654 conuerra
1680 2611 1795 2662 fare,
1821 2624 1908 2653 con
1928 2611 1972 2653 la

344 2685 490 2741 gratia
511 2685 584 2729 del
606 2683 816 2740 Signore.
842 2685 876 2726 Il
898 2694 1178 2742 compratore
1199 2686 1335 2732 etiam
1363 2686 1408 2730 di
1437 2689 1587 2743 Praga
1607 2693 1653 2730 et
1674 2685 1968 2742 dispensiero‚

343 2764 426 2805 che
448 2763 474 2805 e
495 2763 552 2806 de
574 2761 693 2805 circa
715 2762 949 2817 Magontia
975 2770 1011 2815 g,
1036 2765 1247 2808 hauendo
1278 2765 1551 2808 domandato
1578 2764 1717 2807 molto
1746 2770 1896 2820 tempo
1927 2763 1972 2807 di
1997 2814 2001 2818 ,

414 2911 434 2931 a
472 2903 730 2939 Emendatum
753 2914 775 2938 a
801 2903 873 2939 lib.
904 2915 953 2939 ex
976 2906 1085 2941 nella
1109 2907 1235 2942 silua.
1251 2907 1311 2934 -b
1338 2905 1596 2942 Emendatum
1615 2918 1637 2941 a
1664 2906 1751 2941 libr.
1778 2917 1827 2941 ex
1845 2906 1974 2941 Paolo

342 2962 548 2998 stasim-<2
580 2962 602 2997 3
620 2961 740 2998 verba
766 2973 873 3009 seqq.
901 2963 1048 2999 addidit
1074 2966 1166 3001 libr.
1190 2978 1306 3013 supra
1323 2965 1498 3002 vers—<³
1513 2965 1770 3001 Emendatum
1789 2977 1810 3000 a
1836 2964 1890 3000 N.
1921 2976 1971 3000 ex

338 3023 636 3056 truouaua.-e
656 3020 913 3056 Emendatum
932 3034 953 3057 a
979 3023 1033 3059 N.
1069 3036 1117 3059 ex
1147 3025 1298 3061 me.—-f
1321 3024 1579 3061 Emendatum
1597 3036 1619 3059 a
1636 3024 1691 3060 N.
1714 3035 1764 3059 ex
1781 3025 1970 3060 credo.-

338 3086 361 3114 g
378 3079 561 3127 Sequitur
576 3081 612 3115 si
627 3080 647 3115 ἑ
665 3079 931 3117 obliteratum.
