2228 3548
351 257 398 294 88
861 258 1001 294 EPIST.
1028 256 1072 291 P.
1102 254 1374 302 NADAL—384

304 359 486 417 general
507 359 563 404 de
586 360 727 403 Oran.
755 360 826 403 Yo
848 365 977 415 estoy
999 363 1215 402 contento
1238 371 1321 414 por
1342 357 1467 403 verle
1488 359 1723 415 empleado
1752 375 1810 405 en
1839 375 1935 406 ser-

305 436 422 479 uicio
443 437 515 481 del
537 437 683 481 Sefior
703 451 734 493 y
750 442 907 480 contra
928 435 1116 478 infieles:
1137 449 1221 477 ora
1231 440 1320 491 pro
1341 449 1390 478 eo
1406 438 1448 479 et
1460 440 1551 492 pro
1566 450 1651 488 me;
1667 452 1698 493 y
1713 437 1758 480 lo
1773 437 1935 483 mismo

304 513 407 569 pido
430 514 471 556 al
494 515 546 556 P.
574 512 772 566 Canisio,
798 513 1035 564 Ledesma,
1060 511 1298 565 Ximenez‚
1324 511 1576 567 Ludouico;
1601 528 1632 569 y
1652 514 1804 571 digale
1826 529 1931 571 que,

303 591 496 646 despues
517 604 606 645 que
627 590 764 646 nego,
790 604 850 633 no
871 591 930 633 he
950 588 1068 632 visto
1096 595 1220 632 carta
1248 603 1384 649 suya,
1409 604 1438 645 y
1459 593 1486 633 a
1513 590 1556 633 la
1577 590 1649 634 del
1676 591 1854 636 camino
1875 607 1936 637 no

302 668 436 710 hauia
457 670 544 722 que
567 667 829 723 responder,
854 666 1041 711 bendito
1062 665 1191 711 Dios.
1216 667 1288 710 De
1310 667 1368 711 V.
1395 667 1450 711 R.
1477 666 1628 711 sieruo
1650 682 1708 712 en
1730 670 1828 724 X.⁰,

1402 745 1695 789 FRANCISCO.

390 821 634 876 Inscriptio
656 822 707 863 in
729 824 896 877 quarta
911 821 1118 878 pagina:
1141 820 1169 878 †
1201 821 1261 864 Al
1290 820 1430 864 molto
1459 821 1569 864 Rdo.
1606 821 1653 864 in
1679 823 1793 878 Xpo.
1827 824 1876 867 P.
1906 823 1938 866 il

304 898 356 939 P.
382 898 439 940 D.
466 897 732 941 Hieronimo
754 898 911 950 Natal,
939 896 1143 941 visitator
1163 897 1283 942 nelle
1310 897 1545 954 prouincie
1576 897 1649 955 [di]
1683 899 1940 958 Alemagna

301 973 418 1016 della
455 974 743 1031 Compagnia
780 974 826 1018 di
863 974 1007 1019 Giesu
1045 973 1092 1016 in
1134 975 1365 1030 Augusta.
1412 974 1561 1018 Manu
1600 976 1659 1019 P.
1694 976 1905 1033 Jimenez
1928 992 1942 1020 .·

302 1049 331 1107 ἦ·
354 1051 411 1093 Ν.
442 1052 491 1093 Ρ.
520 1051 594 1094 alli
618 1062 673 1105 27
697 1051 921 1108 d'Aprile.
948 1052 1046 1094 R.ta
1068 1051 1228 1109 sigilli
1248 1052 1511 1109 vestigium.

1061 1163 1181 1203 3821

723 1248 815 1291 ΡΡ.
854 1248 1266 1292 HIERONYMUS
1297 1247 1517 1291 NADAL

568 1335 770 1372 PETRUS
796 1335 1042 1372 cAN1S1Us
1068 1336 1135 1371 ET
1161 1334 1400 1382 JACOBUS
1426 1336 1673 1372 LEDESMA

844 1421 1091 1458 AUGUSTAE,
1109 1423 1132 1459 4
1148 1421 1241 1456 MAJI
1261 1413 1352 1458 1566
1369 1415 1394 1450 ¹.

490 1491 692 1537 Responsa
705 1491 759 1525 ad
772 1492 1018 1536 quaestiones
1035 1491 1078 1526 in
1098 1502 1250 1527 recessu
1266 1494 1499 1539 augustano
1508 1492 1751 1539 propositas.

385 1596 552 1637 zaza
1084 1598 1133 1637 A

1043 1677 1164 1712 JHUS.

762 1754 995 1782 PROPOSITA
1023 1755 1138 1784 HAEC
1162 1754 1240 1782 EST
1267 1753 1480 1789 QUAESTIO

391 1822 439 1867 Si
461 1837 548 1879 pax
569 1822 757 1879 eiusque
778 1823 1061 1868 conditiones
1078 1838 1299 1881 annexae,
1320 1823 1702 1879 quemadmodum
1725 1822 1770 1866 in
1790 1837 1941 1868 reces-

304 1914 357 1943 su
379 1898 596 1955 imperiali
619 1915 737 1943 anno
766 1911 872 1955 1555
897 1902 1138 1957 Augustae
1160 1901 1383 1954 sancitae,
1408 1900 1572 1945 deinde
1595 1915 1714 1944 anno
1739 1911 1793 1955 57
1816 1907 1863 1944 et
1887 1912 1942 1958 59

306 2010 457 2046 mecen,
482 2000 632 2046 Tunez,
653 1999 774 2043 Oran,
800 2005 839 2035 et
857 2001 1139 2049 Mazarquivir»
1159 2001 1405 2038 renuntiatus
1422 2000 1515 2037 fuit.
1539 2000 1641 2036 Vide
1661 2000 1702 2036 in
1718 1999 1780 2036 his
1800 2001 1945 2038 MONU-

304 2067 473 2106 Manus,
492 2060 666 2106 Borgia,
681 2060 713 2104 I,
733 2069 817 2105 449,
837 2068 927 2105 450.

375 2118 386 2138 ¹
438 2119 496 2154 Ex
513 2118 750 2165 archetypis,
770 2118 809 2154 in
827 2119 982 2155 archivo
999 2125 1152 2156 secreto
1169 2119 1374 2164 Vaticano,
1395 2118 1517 2156 Cone.
1548 2119 1661 2155 Trid.
1679 2131 1723 2155 n.
1750 2127 1831 2166 149,
1851 2119 1947 2155 Mis-

303 2178 481 2213 cellanea
499 2178 673 2223 concilii,
693 2177 737 2213 ff.
762 2186 830 2223 272
848 2184 887 2213 et
910 2191 1022 2226 seqq.
1047 2180 1298 2215 Monumenta
1315 2179 1378 2214 hic
1402 2178 1577 2215 exhibita
1595 2183 1947 2214 commemorantur

304 2247 327 2271 a
344 2237 391 2272 P.
415 2235 544 2271 Natali
563 2235 603 2271 in
622 2236 787 2283 epistola
811 2235 893 2282 387,
919 2250 959 2273 n.
991 2237 1026 2282 3,
1052 2238 1119 2273 ubi
1144 2238 1210 2274 illa
1234 2237 1378 2274 litteris
1403 2238 1453 2280 A,
1478 2239 1524 2284 B,
1549 2237 1596 2285 C,
1629 2238 1679 2284 D,
1707 2238 1739 2273 E
1762 2237 1946 2273 distincta

304 2294 426 2330 fuisse
443 2295 628 2340 declarat,
648 2295 705 2331 uti
722 2307 858 2342 reapse
877 2296 916 2331 in
934 2297 1052 2332 citato
1070 2297 1228 2333 archivo
1253 2296 1439 2333 distincta
1462 2297 1726 2344 reperiuntur,
1751 2296 1855 2332 unde
1880 2295 1945 2332 illa

304 2354 636 2401 transcripsimus.
660 2355 820 2390 Praeter
842 2356 938 2391 haec
960 2356 1132 2404 quinque
1150 2357 1309 2404 scripta,
1328 2356 1404 2392 alia
1427 2356 1505 2393 duo
1522 2368 1545 2392 a
1562 2356 1693 2391 Natali
1716 2366 1946 2391 enumeran—

305 2417 380 2454 tur,
399 2407 561 2460 quorum
581 2412 703 2459 prius,
721 2413 794 2448 hoc
811 2413 923 2459 signo
941 2415 961 2448 t
981 2419 1171 2461 notatum,
1190 2415 1287 2452 nihil
1305 2415 1412 2451 aliud
1435 2426 1551 2463 quam
1575 2414 1799 2450 versionem
1823 2413 1944 2461 partis

303 2482 483 2507 recessus
501 2471 708 2517 augustani
726 2483 748 2506 a
766 2472 922 2508 Canisio
940 2473 1081 2509 factam
1098 2476 1288 2511 continet.
1309 2475 1504 2519 Alterum,
1523 2475 1655 2510 littera
1673 2474 1703 2509 F
1728 2472 1941 2519 signatum,

304 2535 365 2566 est
382 2530 544 2575 epistola
562 2530 684 2577 ipsius
702 2531 865 2578 Canisii,
883 2543 957 2578 qua
974 2533 1074 2568 bona
1093 2534 1233 2578 officia,
1252 2534 1292 2570 in
1309 2538 1508 2570 conventu
1526 2537 1745 2579 augustano
1769 2543 1792 2567 a
1810 2533 1942 2578 legato

305 2588 595 2625 Commendono
613 2600 680 2636 pro
698 2590 865 2626 eeclesia
883 2592 1083 2638 praestita,
1101 2593 1149 2628 ad
1167 2592 1324 2629 fraudes
1343 2598 1383 2628 et
1400 2590 1710 2640 oppugnationes
1727 2591 1943 2626 haeretico-

304 2659 389 2683 rum
407 2648 662 2695 deludendas,
680 2648 901 2685 laudantur.
930 2650 1082 2698 Scripta
1100 2652 1174 2687 fuit
1191 2652 1256 2687 die
1279 2662 1302 2697 4
1326 2651 1419 2698 Maji
1445 2651 1535 2696 1566
1562 2650 1780 2696 Augustae,
1806 2654 1846 2684 et
1870 2649 1943 2686 Ca-

305 2705 396 2742 nisii
414 2719 529 2742 manu
547 2708 700 2753 signata
717 2709 894 2750 habetur,
917 2710 988 2745 loc.
1014 2710 1085 2746 cit.
1115 2712 1336 2758 Utrumque
1365 2714 1678 2755 monumentum,
1705 2708 1796 2754 quia
1814 2708 1946 2755 potius

303 2764 352 2800 ad
369 2765 583 2806 Canisium.
602 2778 717 2813 quam
735 2767 783 2802 ad
802 2767 995 2812 Natalem,
1015 2775 1181 2816 spectat,
1200 2770 1263 2806 hic
1281 2768 1542 2805 omittendum
1558 2767 1847 2803 existimamus.
1867 2767 1946 2803 No-

304 2824 463 2860 tandum
481 2830 610 2861 autem
629 2830 703 2871 est,
724 2826 763 2861 in
781 2826 945 2873 epistola
962 2828 1031 2873 387
1055 2829 1183 2876 aliqua
1202 2828 1343 2865 menda
1361 2827 1583 2875 irrepsisse,
1611 2839 1703 2874 prae
1727 2826 1945 2862 festinatio-

303 2894 367 2929 ne,
386 2895 461 2930 qua
479 2884 583 2920 illam
601 2884 757 2931 scripsit
774 2885 939 2932 Natalis,
958 2893 1107 2923 mutato
1125 2888 1278 2924 scilicet
1295 2887 1432 2924 ordine
1450 2887 1684 2932 litterarum,
1703 2891 1747 2923 ut
1764 2897 1837 2922 suo
1862 2887 1947 2922 loeo

303 2942 541 2978 notabimus.
567 2944 715 2979 Horum
733 2945 963 2991 scriptorum
981 2949 1159 2995 exempla
1177 2948 1403 2994 archetypa,
1422 2957 1523 2993 quae
1540 2946 1604 2982 hic
1629 2945 1796 2990 edimus,
1823 2944 1942 2980 missa

302 2999 460 3036 fuerunt
477 3013 498 3036 a
517 3002 645 3037 Natali
664 3003 807 3038 Sancto
825 3005 1031 3041 Francisco
1049 3006 1098 3041 de
1116 3006 1244 3052 Borja,
1257 3005 1324 3054 qui
1337 3017 1383 3041 ea
1397 3007 1457 3049 (ut
1471 3005 1556 3052 ipse
1575 3004 1727 3041 Natalis
1740 3003 1781 3040 in
1798 3003 1942 3051 episto·

302 3060 340 3095 la
357 3058 440 3104 387,
459 3071 503 3096 n.
526 3059 559 3107 3,
581 3061 691 3107 dicit)
708 3073 858 3098 summo
877 3064 1047 3110 pontifici
1066 3070 1318 3112 praesentare
1335 3063 1487 3110 debuit,
1507 3070 1550 3100 ut
1567 3064 1617 3100 de
1634 3065 1753 3100 rebus
1771 3073 1942 3099 conven-
