2228 3548
421 645 755 700 EPISTOLAE
790 645 1049 701 NATALIS
1084 646 1167 700 ET
1201 647 1280 701 AD
1316 646 1606 701 NATALEM

950 840 1075 882 851»

664 925 707 961 S.
734 924 1068 962 FRANCISCUS
1094 925 1166 961 DE
1189 924 1360 972 BORJA

519 1004 731 1048 PATRI
779 1003 1207 1048 HIERONYMO
1255 1004 1500 1048 NADAL

692 1099 854 1139 nomn,
878 1091 903 1130 6
928 1100 1157 1129 mmmmm
1185 1090 1278 1138 1566
1305 1093 1332 1128 ¹.

813 1169 994 1206 Litterae
1005 1171 1208 1217 patentes.

279 1249 550 1294 Franciscus
575 1249 634 1292 de
661 1247 846 1305 Borgia‚
872 1246 1114 1292 Societatis
1128 1249 1248 1306 ‚Jesu
1281 1247 1567 1305 praepositus
1583 1250 1827 1306 generalis,

193 1326 456 1372 charissimo
476 1325 524 1370 in
546 1327 664 1383 Xp0.
689 1324 854 1377 Fratri,
881 1338 1035 1368 sacrae
1058 1324 1315 1382 theologiae
1337 1325 1529 1378 doctori,
1550 1326 1830 1383 Hieronymo

189 1403 358 1458 Natali,
383 1404 576 1448 salutem
599 1402 646 1446 in
667 1416 739 1456 eo,
765 1401 843 1458 qui
865 1408 935 1446 est
956 1416 1067 1447 uera
1093 1402 1237 1446 salus.
1274 1402 1392 1446 Cum
1422 1402 1696 1448 uisitationis
1723 1419 1829 1447 mu-

186 1495 274 1526 nus
293 1481 356 1525 ad
367 1482 631 1540 profectum
659 1483 699 1523 et
726 1479 888 1523 bonam
912 1479 1296 1537 gubernationem
1326 1485 1347 1507 ⁸
1375 1487 1558 1524 nostrae
1585 1480 1829 1526 Societatis

185 1558 507 1612 necessarium,
531 1572 614 1615 per
635 1571 719 1601 nos
741 1559 862 1615 ipsos
884 1556 1011 1601 obire
1033 1556 1080 1600 in
1101 1556 1378 1601 Germaniae
1399 1557 1661 1614 superioris,
1686 1566 1733 1604 et
1754 1559 1827 1603 in-

184 1635 376 1691 ferioris,
401 1634 633 1688 Austriae‚
658 1641 704 1680 et
727 1633 875 1679 Rheni
898 1633 1162 1691 prouinciis,
1187 1647 1279 1677 non
1296 1634 1537 1691 possimus,
1555 1649 1751 1692 cumque
1769 1637 1826 1681 de

185 1720 268 1758 tua>
283 1712 564 1771 integritate,
589 1711 812 1764 doctrina,
845 1710 1086 1768 prudentia
1114 1716 1161 1754 et
1188 1709 1332 1754 nostri
1360 1710 1558 1755 instituti
1586 1713 1719 1769 plena
1747 1727 1826 1757 co—

184 1789 390 1848 gnitione
410 1790 606 1833 multum
627 1787 675 1832 in
696 1787 895 1833 Domino
916 1788 1215 1840 confidamuS,
1238 1793 1284 1832 te
1303 1787 1433 1831 nobis
1454 1789 1512 1832 ad
1543 1789 1824 1846 praedictum

182 1881 350 1911 munus
370 1866 731 1910 substituendum
755 1879 849 1908 esse
869 1865 1089 1907 duximus
1115 1864 1137 1892 Β
1162 1864 1196 1907 ².
1222 1865 1272 1908 In
1293 1864 1539 1922 praedictis
1567 1880 1680 1923 ergo
1708 1881 1823 1924 qua-

184 1952 286 1989 tuor
302 1943 557 2002 prouintiis,
578 1950 623 1988 te
640 1942 921 1987 uisitatorem
939 1956 1043 1985 cum
1066 1941 1189 1985 omni
1206 1956 1260 1986 ea
1276 1942 1565 1997 auctoritate,
1585 1958 1721 2000 quam
1739 1959 1822 1987 nos

182 2024 233 2066 in
262 2022 529 2079 praesentia
555 2020 759 2065 habituri
785 2034 991 2065 essemus
1018 2026 1051 2072 0,
1081 2027 1172 2063 tam
1203 2018 1252 2063 in
1286 2019 1410 2077 ipsos
1438 2020 1743 2077 prouinciales
1775 2030 1821 2068 et

249 2173 272 2194 ι
301 2164 415 2201 Prius
437 2165 492 2200 ita
515 2164 702 2212 scriptum
725 2163 865 2199 fuerat:
895 2161 998 2198 Cum
1021 2162 1269 2199 visitationis
1285 2175 1450 2206 munus,
1469 2175 1496 2199 a
1518 2166 1708 2212 generali
1730 2177 1817 2202 con·

168 2230 412 2280 gregatione
444 2229 782 2270 commendatum,
817 2231 854 2265 et
887 2228 1043 2272 alioqui
1072 2228 1127 2264 ad
1155 2230 1316 2265 nostrae
1347 2229 1558 2265 Societatis
1586 2230 1817 2278 profectum

170 2293 364 2338 praesens
381 2287 427 2336 [Ρ]
446 2289 566 2324 ualde
584 2289 853 2324 necessarium
866 2290 943 2335 per
960 2298 1022 2323 me
1039 2287 1221 2334 ipsum...

247 2349 268 2378 b
298 2348 403 2385 Loco
416 2353 505 2384 octo
519 2348 728 2383 verborum
742 2345 1062 2394 praecedentium
1075 2346 1172 2382 haee
1185 2346 1293 2394 prius
1305 2347 1565 2384 habebantur:
1582 2350 1618 2384 te
1635 2350 1691 2384 ad
1699 2351 1817 2396 prae-

175 2409 328 2445 dictum
345 2419 496 2444 munus
512 2407 736 2443 obeundum
753 2406 987 2454 eligendum
1005 2417 1085 2442 esse
1101 2406 1348 2443 existimaui.
1358 2414 1424 2436 —c
1458 2407 1533 2442 Pro
1557 2407 1617 2443 his
1643 2408 1816 2456 quinque

178 2467 310 2505 verbis
331 2468 429 2504 haec
452 2471 568 2503 antea
591 2465 735 2513 scripta
758 2470 882 2501 erant:
908 2476 981 2513 ego
999 2468 1193 2512 praesens
1213 2466 1427 2502 habiturus
1443 2478 1578 2503 essem.

249 2585 261 2608 ¹
311 2587 371 2622 Ex
399 2584 634 2622 adversariis
658 2583 914 2631 originalibus
938 2595 960 2618 a
990 2583 1147 2620 librario
1176 2585 1360 2631 exaratis,
1380 2591 1420 2621 et
1444 2596 1466 2620 a
1496 2586 1666 2621 Polanco
1695 2585 1814 2622 variis

177 2645 516 2683 emendationibus
534 2644 750 2690 castigatis,
768 2654 864 2691 quas
889 2643 1030 2679 litteris
1048 2642 1188 2680 italicis
1205 2642 1498 2691 distinguimus,
1517 2643 1557 2680 in
1581 2645 1732 2692 codice,
1750 2646 1814 2682 cui

174 2705 325 2742 titulus:
345 2705 518 2741 Decreta
534 2706 571 2740 et
588 2704 872 2739 instructiones
895 2711 1072 2748 154073,
1090 2701 1159 2738 fol.
1185 2701 1245 2749 93.
1265 2703 1311 2739 In
1329 2703 1518 2749 margine:
1537 2705 1621 2739 Pro
1639 2705 1712 2739 P.2
1732 2705 1812 2741 Na-

172 2765 250 2800 tali
266 2765 474 2800 visitatore
491 2764 535 2800 in
547 2763 777 2811 prouinciis
799 2761 1059 2798 Germaniae.
1080 2761 1143 2798 Ad
1160 2763 1321 2798 calcem:
1341 2764 1377 2798 A
1395 2764 1440 2799 di
1460 2773 1478 2809 3
1497 2764 1542 2798 di
1558 2763 1600 2798 X
1602 2764 1677 2799 ‚bre
1700 2764 1811 2811 1566,

172 2835 255 2860 una
271 2823 419 2867 simile,
436 2823 605 2858 mutatis
620 2822 844 2867 mutandis,
854 2820 912 2867 fu
937 2821 1134 2856 mandata
1157 2821 1201 2857 al
1225 2822 1278 2858 P.
1308 2821 1456 2858 Natale
1479 2823 1545 2858 nel
1569 2823 1717 2867 Rheno,
1737 2827 1810 2870 per

167 2883 318 2918 uisitar
336 2882 372 2918 le
387 2882 597 2929 prouincie
614 2882 659 2917 di
676 2880 855 2916 Francia
872 2881 909 2915 et
926 2880 1171 2925 Aquitania.
1190 2880 1262 2917 Illa
1279 2882 1401 2917 verba
1414 2881 1584 2917 mutatis
1599 2884 1810 2918 mutandis

170 2941 332 2977 Polanci
350 2952 467 2976 manu
483 2939 615 2976 addita
632 2945 741 2976 sunt.

239 3003 254 3023 Ξ
305 3000 384 3037 Cur
407 2999 556 3035 Natalis
587 3010 678 3046 prae
708 2998 795 3035 aliis
826 2998 974 3033 electus
998 2996 1118 3034 fuerit
1141 2997 1190 3034 ad
1211 2999 1309 3034 haec
1337 2998 1435 3034 tanti
1460 2999 1648 3035 momenti
1673 3000 1804 3036 munia

170 3058 366 3105 obeunda,
383 3057 588 3105 sequentia
605 3061 856 3093 monumenta
870 3057 1246 3093 commonstrabunt.
1266 3057 1311 3092 P.
1326 3056 1593 3093 ‘theodoricus
1607 3056 1802 3098 canisius,

172 3117 329 3164 collegii
361 3117 544 3164 Dilingae
576 3121 718 3159 rector,
752 3114 974 3162 praeposito
1005 3114 1180 3161 generali
1217 3115 1426 3152 Societatis
1465 3116 1576 3162 Jesu,
1611 3124 1653 3161 17
1688 3116 1804 3154 Octo-

352 3182 472 3211 Ems‘r.
495 3182 535 3211 P.
554 3181 688 3217 NADAL,
709 3188 787 3210 rou.
806 3179 866 3208 111.
1612 3182 1627 3210 1
