2228 3548
0 380 12 405 ‚k

0 406 15 519 f

0 1005 9 1020 .·.
0 930 11 993 w
0 889 5 925 -ν
0 795 11 880 —z-aev
0 695 11 787 ew.
8 679 10 683 ,
5 597 10 600 ,
8 547 9 550 Α

881 286 920 314 11
949 278 1118 315 Apnms
1147 278 1238 324 1567
1753 284 1824 330 433

235 379 334 433 stri,
357 378 402 423 io
422 380 484 423 ho
502 379 631 424 detto
657 380 700 423 al
722 381 776 423 Ρ.
801 379 1004 424 Antonio
1025 380 1175 425 Vinch
1204 382 1215 403 ¹
1239 388 1286 427 et
1306 382 1350 426 al
1373 385 1426 427 Ρ.
1451 384 1686 429 Hermano
1714 386 1729 407 ²
1759 387 1865 430 scri-

237 469 358 501 uano
378 456 394 499 i
413 457 510 500 loro
529 456 677 513 pareri
694 457 727 510 ³,
747 458 832 501 che
848 471 1011 501 sarano
1026 471 1114 502 con
1130 465 1306 514 queste,
1328 466 1374 505 et
1389 461 1450 504 ho
1465 460 1624 505 scritto
1646 462 1688 505 al
1706 464 1760 506 P.
1780 449 1872 508 Ca-

238 533 354 578 nisio
375 535 460 578 che
481 533 631 578 scriua
666 533 698 577 il
719 548 804 578 suo
840 534 872 578 ⁴.
900 535 935 578 Il
970 534 1217 579 medesimo
1252 536 1352 580 diro
1390 537 1433 581 al
1469 539 1524 581 P.
1555 538 1763 593 Costero,
1788 541 1876 584 che

237 626 371 668 spero
392 612 521 655 verra
542 625 632 667 qua
654 618 820 667 presto.
845 611 880 654 11
901 611 991 655 mio
1006 626 1167 669 parere
1182 613 1208 656 e
1225 620 1403 669 questo,
1426 615 1588 659 Padre:
1607 615 1767 672 prima,
1787 619 1874 662 che

238 688 286 732 in
307 688 440 746 Spita
460 703 555 732 non
576 689 619 732 ci
639 687 706 733 sia
726 688 956 743 difficolta,
980 690 1146 746 perche
1167 689 1215 733 in
1230 698 1394 747 questo
1416 692 1551 736 modo
1567 693 1624 736 de
1639 692 1876 741 introdure

239 767 344 823 quel
365 765 562 823 collegio
589 765 636 809 in
658 766 808 822 quella
834 766 923 810 cita
957 766 1174 820 heretica,
1198 774 1246 811 et
1271 767 1574 813 dimandando
1601 763 1712 828 ogni
1740 772 1876 817 modo

236 843 269 888 li
284 843 506 897 canonici,
526 845 627 897 che,
648 851 818 899 quanto
834 843 872 887 si
888 845 996 901 pub,
1017 847 1206 887 utamur
1214 845 1481 901 prouidenti
1496 847 1874 904 dissimulatione,

237 924 279 964 et
294 921 386 964 leni
407 922 731 974 insinuatione,
748 935 829 978 per
849 935 942 965 non
963 921 1044 965 dar
1064 921 1305 967 occasione
1326 923 1371 965 d’
1402 923 1623 968 offension
1646 925 1826 982 publica
1848 940 1875 971 a

239 997 346 1042 tutti
361 999 554 1054 passim,
577 1004 623 1042 et
650 998 864 1041 hauendo
884 1004 906 1026 ⁸
933 997 1028 1042 cosi
1057 999 1242 1053 andato‚
1272 998 1304 1042 il
1332 1009 1485 1056 tempo
1506 1002 1592 1046 che
1620 1002 1646 1045 e
1673 1009 1792 1046 stato
1811 1003 1873 1057 la,

240 1074 405 1120 vestito
427 1076 542 1120 Mr0.
568 1075 812 1119 Lamberto
835 1076 850 1098 ⁵
867 1075 910 1119 al
925 1075 1064 1119 modo
1084 1075 1197 1129 loro,
1217 1082 1264 1121 et
1280 1075 1414 1120 insin’
1433 1078 1594 1122 adesso
1612 1080 1726 1123 Mro.
1749 1080 1874 1126 Her-—

239 1167 337 1198 mes
353 1153 374 1180 b
388 1153 422 1205 ⁶,
435 1166 528 1196 non
545 1166 652 1209 pare
668 1152 754 1196 che
769 1151 807 1196 si
822 1152 916 1209 puo
932 1150 1014 1196 far'
1024 1152 1140 1196 altro
1155 1153 1242 1198 che
1257 1153 1488 1211 seguitare
1505 1154 1537 1197 il
1553 1169 1721 1199 cornun
1738 1157 1875 1201 modo

240 1229 285 1273 di
303 1228 483 1275 vestire.
505 1230 556 1273 In
573 1235 692 1274 tutta
708 1230 965 1287 Alamagna
979 1229 1115 1275 etiam
1132 1229 1195 1273 mi
1210 1244 1317 1287 pare
1331 1230 1363 1274 il
1376 1231 1638 1276 medesimo:
1657 1235 1741 1277 che
1758 1235 1873 1278 hab—

238 1306 390 1350 biamo
410 1307 467 1350 da
488 1321 674 1352 seruare
693 1307 726 1350 l’
747 1306 973 1362 instituto,
998 1308 1084 1350 che
1105 1305 1143 1350 si
1179 1314 1385 1351 muostra
1421 1307 1728 1355 chiaramente
1755 1312 1875 1355 nella

237 1382 579 1427 confirmatione
620 1384 738 1428 della
773 1383 1059 1441 Compagnia
1087 1398 1167 1441 per
1193 1384 1238 1428 la
1271 1384 1380 1429 sede
1406 1385 1669 1442 apostolica,
1710 1394 1756 1432 et
1792 1403 1875 1445 per

237 1461 268 1504 il
290 1462 360 1505 2.⁰
381 1460 576 1518 capitolo
597 1460 715 1505 della
736 1459 808 1504 6?
829 1467 974 1517 parte.
1000 1461 1058 1504 Et
1079 1460 1141 1503 mi
1163 1475 1269 1517 pare
1290 1476 1318 1506 a
1337 1475 1411 1507 me
1427 1464 1513 1507 che
1529 1463 1555 1506 e
1571 1469 1691 1507 stato
1708 1471 1872 1520 questo

236 1553 321 1582 uso
341 1538 475 1582 insin'
500 1538 661 1582 adesso
681 1538 798 1582 nelle
818 1538 931 1581 altre
953 1537 1140 1581 nationi.
1165 1539 1216 1581 In
1243 1538 1432 1595 Spagna
1462 1549 1508 1583 et
1539 1541 1805 1597 Portugallo
1826 1542 1870 1586 la

237 1618 290 1661 P.
317 1617 374 1660 V.
401 1629 452 1659 sa
473 1617 558 1660 che
579 1622 771 1659 vestono
794 1627 924 1674 come
943 1614 975 1657 li
997 1614 1097 1658 altri
1119 1614 1249 1671 preti.
1275 1616 1326 1659 In
1347 1617 1491 1660 Roma
1511 1631 1604 1660 non
1626 1619 1666 1661 c'
1690 1619 1717 1661 ὁ
1743 1625 1870 1663 certo

234 1692 392 1737 habito
412 1692 458 1736 di
480 1692 610 1750 preti.
638 1693 780 1736 Come
807 1693 833 1735 e
853 1691 943 1735 cita
965 1698 1092 1735 tanto
1122 1692 1408 1748 frequentata
1442 1694 1501 1738 da
1536 1694 1780 1748 forestieri,
1811 1696 1870 1741 de

236 1769 359 1828 quali
380 1772 488 1828 ogn'
511 1784 605 1813 uno
626 1782 847 1813 conserua
867 1768 898 1811 il
918 1783 1002 1812 suo
1022 1767 1194 1821 habito,
1212 1767 1244 1812 il
1258 1771 1514 1827 spagnuolo
1531 1771 1618 1815 alla
1634 1786 1869 1829 spagnuo-

237 1849 296 1903 la,
321 1848 526 1892 francese
553 1847 640 1891 alla
667 1848 888 1900 francese,
919 1852 1007 1890 etc.
1034 1846 1091 1889 Et
1112 1845 1206 1890 cosi
1243 1845 1275 1889 il
1303 1848 1356 1891 P.
1388 1848 1504 1892 Mro.
1544 1848 1721 1905 Ignatio
1742 1850 1869 1895 volse

236 1939 420 1971 seruare
440 1924 471 1968 il
491 1923 648 1968 habito
672 1924 891 1975 francese,
910 1936 1040 1968 corne
1060 1936 1237 1968 veneua
1256 1922 1301 1967 di
1322 1923 1530 1979 Francia,
1554 1938 1641 1968 con
1662 1925 1705 1970 la
1727 1926 1869 1970 robba

234 2004 375 2061 longa
396 2009 442 2046 et
462 2001 671 2046 maniche
696 2001 872 2058 larghe.
898 2001 955 2043 Et
990 2000 1244 2044 ancorache
1277 2015 1369 2045 non
1396 2001 1485 2046 susi
1507 2001 1601 2046 cosi
1640 2002 1864 2057 ordinato,

234 2080 272 2124 si
294 2095 344 2124 sa
365 2079 670 2123 chiaramente
697 2079 782 2141 che
802 2078 846 2121 la
869 2076 1154 2134 Compagnia
1182 2091 1273 2121 non
1299 2079 1360 2122 ha
1379 2078 1553 2123 habito.
1575 2080 1633 2122 Et
1661 2079 1757 2124 cosi
1784 2093 1867 2137 per

233 2157 455 2214 raggione
481 2155 784 2200 conueniente
821 2154 863 2198 al
890 2153 1156 2207 ministerio,
1181 2153 1220 2198 si
1254 2155 1433 2199 doueua
1458 2156 1630 2213 eleger'
1660 2157 1798 2200 modo
1820 2156 1866 2200 di

233 2233 400 2279 vestire
420 2246 614 2277 comune
634 2231 708 2275 alli
730 2230 831 2275 altri
851 2229 1028 2274 honesti
1050 2229 1182 2286 preti,
1206 2231 1410 2276 almanco
1436 2233 1602 2289 perche
1623 2233 1679 2276 ne
1708 2231 1754 2275 in
1776 2246 1866 2277 vna

234 2310 420 2355 minima
440 2323 547 2353 cosa
567 2307 837 2353 offendiamo
858 2307 890 2350 li
911 2306 1042 2350 occhi
1063 2306 1121 2350 de
1139 2306 1323 2352 chinon
1343 2322 1533 2353 cercano
1555 2323 1604 2354 se
1621 2323 1713 2353 non
1730 2322 1866 2353 occa-

237 2389 364 2433 sione
383 2387 430 2430 di
451 2400 542 2430 non
562 2385 752 2430 riceuer'
773 2384 805 2427 li
825 2383 1058 2439 ministerij
1076 2383 1234 2439 nostri,
1253 2391 1341 2429 etc.
1362 2386 1420 2430 Et
1436 2401 1528 2430 non
1549 2387 1646 2430 solo
1667 2388 1701 2430 s'
1720 2387 1864 2431 offen-

239 2464 424 2510 deriano
450 2463 496 2506 di
531 2468 692 2519 questo
712 2461 745 2504 li
771 2460 975 2514 heretici,
1000 2475 1074 2504 ma
1093 2459 1229 2504 etiam
1249 2461 1287 2506 si
1308 2463 1488 2508 offende
1514 2463 1545 2506 il
1573 2463 1867 2507 arciuescouo

309 2620 332 2643 ι
369 2613 455 2648 Hoc
472 2612 588 2648 verb.
611 2609 759 2646 addidit
777 2609 869 2645 libr.
892 2619 1009 2656 supra
1031 2609 1215 2644 vers.—b
1228 2607 1441 2657 Sequentia
1458 2622 1582 2659 usque
1597 2611 1646 2646 ad
1663 2611 1708 2647 di
1724 2612 1868 2648 vestire

237 2673 333 2709 incl.
358 2672 398 2708 in
415 2682 542 2717 marg.
565 2668 715 2706 addidit
732 2669 826 2705 libr.

308 2797 318 2817 ¹
369 2794 599 2832 Provinciae
616 2795 812 2831 rhenanae
836 2791 1100 2840 praepositus.

304 2858 319 2878 ‘²
370 2855 617 2890 Hermannus
634 2854 854 2900 Thyraeus,
872 2857 1000 2887 rector
1016 2850 1174 2897 collegii
1192 2852 1434 2890 trevirensis.

309 2916 324 2936 ³
372 2913 474 2949 Vide
491 2913 532 2948 in
549 2912 718 2960 append.
742 2911 872 2947 XLIII
890 2909 1046 2946 Vinchii
1064 2910 1299 2948 sententiam
1316 2912 1366 2948 de
1383 2913 1455 2949 hac
1472 2924 1534 2949 re.

309 2975 325 2996 ⁴
374 2972 475 3008 Vide
492 2972 532 3008 in
549 2971 720 3019 append.
742 2970 850 3006 XLV
867 2968 1014 3006 Canisii
1032 2969 1344 3008 informationem
1360 2971 1526 3019 Borgiae
1542 2971 1686 3008 datam.

310 3033 325 3055 ⁵
374 3032 496 3077 Auer,
513 3036 641 3067 rector
656 3029 814 3076 collegii
833 3028 1069 3075 moguntini.

310 3089 326 3112 ο

375 3091 600 3138 Halpawer.
624 3089 725 3126 Vide
742 3087 858 3136 epist.
876 3096 961 3133 459,
980 3099 1046 3123 nn.
1066 3097 1088 3123 2
1107 3093 1147 3124 et
1163 3098 1199 3134 43
1233 3093 1274 3125 et
1290 3088 1375 3137 463,
1393 3101 1434 3126 n.
1452 3099 1488 3126 2.

418 3155 535 3184 Epist.
558 3154 597 3184 P.
619 3153 753 3188 NAnu..
773 3160 852 3183 rom.
876 3152 940 3182 111.
1648 3154 1685 3183 23
