2228 3548
395 311 468 350 454
912 301 1054 336 EPIST.
1081 299 1127 335 P.
1156 297 1425 346 NADAL—477

348 419 402 448 ro
424 406 451 457 ¹,
473 403 504 447 il
520 404 655 459 quale
677 417 771 447 non
792 402 816 446 ὲ
839 407 1028 455 venuto,
1047 407 1094 446 et
1115 400 1146 445 il
1164 402 1219 445 P.
1245 400 1468 455 Oliuerio,
1487 400 1766 458 prouinciale
1781 399 1828 444 di
1843 401 1991 444 Fran-

350 481 435 534 cia,
455 480 484 523 il
505 480 639 536 quale
659 494 810 526 venne
827 479 858 522 il
874 478 1126 524 medesimo
1148 477 1312 535 giorno
1330 479 1418 523 che
1439 478 1589 535 questi
1607 478 1742 523 Padri
1758 477 1993 536 partirono

349 573 375 601 a
396 558 694 602 Confluenza.
722 557 782 602 Se
804 556 939 600 vuole
961 554 993 598 il
1015 555 1269 600 treuirense
1290 561 1478 600 trattare
1498 555 1556 600 de
1577 555 1859 609 fundatione,
1885 555 1989 599 sara

350 633 607 680 necessario
629 635 705 677 ch'
730 633 774 677 io
801 634 920 677 vada
947 647 974 677 a
1001 632 1306 686 Confluentia,
1335 632 1515 677 benche
1542 647 1629 676 con
1659 633 1702 677 la
1737 633 1987 677 medesima

347 710 578 764 incertitu‚
597 725 727 755 come
744 712 806 754 ho
821 711 880 756 de
896 708 1074 767 guidar'
1086 698 1134 753 'la
1151 708 1433 755 fundatione.
1453 709 1488 753 Il
1505 709 1699 766 Signore
1713 709 1772 754 m’
1790 710 1984 754 aiutara.

437 789 480 832 6.
546 789 581 832 11
604 790 658 832 P.
685 787 891 833 Oliuerio
913 788 928 809 ³
952 802 1102 832 venne
1123 787 1181 831 da
1210 786 1398 844 Pariggi
1419 802 1447 831 a
1475 787 1693 831 Verduno
1714 786 1800 832 co’l
1820 802 1985 832 vesco—

348 879 408 910 uo
430 866 464 919 ³,
489 865 519 908 il
542 866 676 921 quale
704 864 918 909 dimanda
945 863 1020 908 ch’
1042 864 1086 908 io
1114 863 1218 908 vadi
1247 879 1274 908 a
1301 864 1521 909 Verduno
1549 878 1629 921 per
1657 870 1843 910 trattare
1869 865 1993 910 della

348 942 616 988 fundatione
636 942 684 986 di
706 943 811 999 quel
840 957 924 986 suo
953 941 1165 999 collegio.
1191 942 1297 987 Non
1325 956 1375 986 so
1397 956 1447 986 se
1468 942 1638 985 andaro
1665 947 1703 997 ⁸,
1729 941 1879 986 subito
1901 943 1991 986 che

349 1034 511 1064 sarano
540 1019 747 1064 ritornati
775 1019 913 1076 quelli
943 1018 1079 1063 Padri
1108 1020 1167 1063 da
1195 1018 1502 1072 Confluentia,
1536 1026 1582 1064 et
1613 1017 1736 1075 dipoi
1767 1018 1991 1063 ritornaro

349 1112 454 1154 qua.
481 1099 554 1151 Et,
579 1111 709 1141 come
730 1098 791 1141 ho
813 1098 957 1151 detto,
981 1111 1074 1141 non
1096 1111 1148 1140 so
1170 1111 1218 1141 se
1247 1095 1372 1154 dipoi
1399 1095 1621 1140 ritornaro
1648 1110 1675 1140 a
1703 1095 1724 1124 b
1752 1095 1990 1153 Maguntia

349 1181 396 1219 et
417 1173 566 1231 Spira,
591 1189 671 1232 per
693 1180 921 1231 aspettare
941 1173 1135 1231 risposta
1155 1173 1274 1219 della
1296 1175 1351 1218 P.
1372 1175 1451 1226 V.,
1471 1187 1520 1218 se
1541 1172 1697 1217 auanti
1717 1187 1810 1217 non
1832 1172 1988 1217 riceuo

350 1251 618 1296 risolutione
655 1252 832 1295 alcuna.
873 1252 939 1296 La
975 1252 1029 1295 P.
1070 1252 1128 1295 V.
1161 1250 1321 1295 indrizi
1349 1251 1392 1296 le
1418 1251 1580 1296 lettere
1607 1265 1692 1296 sue
1719 1265 1746 1295 a
1772 1249 1919 1308 Spira,
1943 1251 1988 1295 al

352 1330 406 1373 P.
434 1330 647 1383 Hermes,
672 1329 841 1386 perche
863 1343 891 1372 o
920 1329 1022 1373 saro
1050 1328 1094 1372 io
1122 1328 1181 1382 la,
1212 1343 1239 1372 o
1270 1329 1441 1373 hauera
1467 1328 1532 1372 lui
1562 1328 1736 1382 ordine,
1771 1329 1889 1372 doue
1925 1327 2013 1391 mi·

352 1406 523 1450 hauera
547 1421 573 1449 a
594 1406 809 1450 mandare
830 1406 872 1449 le
894 1406 1070 1450 lettere.
1097 1407 1187 1450 Per
1208 1412 1370 1462 questa
1390 1394 1481 1449 non
1502 1406 1631 1450 altro.
1652 1406 1687 1449 Il
1709 1405 1905 1463 Signore
1922 1405 1990 1449 sia

353 1496 442 1526 con
458 1482 549 1527 noi.
576 1482 676 1526 Ora
685 1487 775 1539 pro
791 1483 931 1536 nobis,
950 1483 1109 1526 Pater.
1129 1484 1202 1526 Da
1219 1482 1414 1537 Treuiri,
1434 1482 1508 1527 alli
1527 1495 1584 1527 20
1599 1483 1656 1527 de
1677 1482 1835 1540 Aprile
1858 1483 1986 1538 1567.

439 1560 474 1603 Il
496 1561 550 1603 P.
582 1561 698 1604 Mro.
731 1559 936 1605 Oliuerio
963 1567 1034 1603 sta
1062 1560 1178 1604 assai
1201 1561 1351 1618 (posso
1378 1559 1480 1617 dir’)
1503 1560 1682 1614 afflitto,
1707 1561 1877 1617 perche
1899 1574 1991 1603 non

350 1638 410 1681 ha
432 1635 587 1682 rettor'
608 1636 656 1680 in
678 1636 848 1681 Moriae
878 1643 911 1691 0,
936 1638 993 1680 ne
1017 1637 1090 1681 chi
1113 1637 1254 1682 habbi
1282 1651 1394 1683 cura
1413 1638 1471 1682 de
1498 1637 1676 1691 nouitii‚
1701 1638 1758 1681 ne
1781 1636 1991 1694 superin-

350 1714 487 1759 tenda
513 1730 540 1759 a
576 1728 684 1758 cose
711 1714 933 1771 spirituali
961 1715 1007 1759 in
1044 1714 1150 1759 tutti
1178 1714 1210 1758 li
1238 1715 1339 1759 suoi
1373 1714 1568 1772 collegii.
1600 1714 1825 1759 Dimanda
1852 1712 1994 1759 esser’

349 1791 540 1835 aiutato.
566 1792 632 1836 La
655 1793 708 1836 P.
729 1793 786 1836 V.
807 1790 836 1834 l’
859 1791 970 1835 aiuti
986 1805 1066 1848 per
1082 1806 1236 1836 amore
1252 1792 1326 1836 del
1343 1791 1551 1849 Signore.
1570 1793 1720 1836 Penso
1736 1790 1988 1835 rimandar-

350 1868 396 1912 10
418 1875 570 1925 presto
607 1883 634 1912 a
663 1868 865 1925 Pariggi,
890 1876 936 1913 et
964 1869 1010 1912 di
1033 1869 1075 1913 la
1103 1884 1130 1914 a
1157 1868 1295 1925 quelli
1331 1869 1406 1913 doi
1437 1869 1617 1926 collegii
1652 1867 1720 1912 soi
1745 1867 1882 1921 bassi,
1906 1881 1991 1924 per

350 1946 446 1990 fare
467 1946 511 1989 la
538 1945 834 1991 renouatione
861 1947 918 1991 de
945 1946 1039 1990 voti
1067 1947 1109 1990 al
1130 1946 1336 2003 Giugno,
1361 1954 1406 1992 et
1427 1946 1616 2000 aiutare‚
1652 1954 1761 1991 etc.:
1792 1953 1838 1990 et
1865 1944 1987 2002 dipoi

351 2022 573 2066 ritornara
596 2037 622 2066 a
659 2022 862 2079 Pariggi,
888 2024 1005 2068 doue
1042 2023 1118 2080 gia
1146 2025 1172 2068 e
1210 2024 1429 2068 ritornato
1466 2026 1580 2068 MrO.
1623 2023 1832 2066 Emundo
1867 2023 1899 2075 ⁴,
1930 2022 1990 2065 da

352 2099 525 2144 Scotia.
550 2101 609 2143 D.
635 2101 692 2144 V.
720 2102 773 2144 P.
799 2115 933 2145 seruo
954 2116 1013 2145 en
1034 2102 1137 2155 X.⁰,

1427 2177 1457 2235 †
1489 2178 1680 2222 NADAL.
1722 2175 1752 2234 †

420 2367 441 2388 a
479 2360 740 2396 Emendatum
763 2372 786 2395 a
808 2360 896 2396 libr.
925 2373 973 2396 ex
988 2364 1111 2409 penso
1139 2362 1408 2398 andarei.-b
1434 2361 1620 2409 Sequitur
1651 2361 1776 2408 spira
1805 2359 1991 2397 oblitera-

349 2426 446 2455 tum.
458 2439 484 2445 -
499 2420 720 2464 c‘Archet„
742 2419 911 2462 Moriac,
931 2433 999 2468 pro
1018 2421 1224 2458 Mauriac.

422 2521 430 2541 ¹
484 2520 730 2567 Franciscus,
749 2520 877 2556 vicem
895 2521 1144 2568 provincialis
1160 2533 1317 2569 gerens,
1339 2527 1380 2558 et
1403 2522 1518 2569 paulo
1541 2527 1631 2569 post
1654 2519 1905 2569 provincialis
1926 2531 1987 2556 re-

350 2579 573 2617 nuntiatus.

419 2642 432 2662 ‘-‘
484 2640 704 2685 Manareus,
736 2638 985 2686 provincialis
1015 2640 1215 2677 Franciae.
1237 2641 1317 2678 Cur
1339 2640 1525 2677 Treviros
1550 2639 1718 2684 venerit,
1743 2638 1827 2686 ipse
1851 2639 1891 2675 in
1908 2638 1988 2686 epi-

348 2699 465 2746 stola,
484 2707 525 2734 21
549 2697 696 2746 Aprilis
712 2698 879 2744 Borgiae
903 2698 1006 2747 data,
1026 2699 1087 2736 his
1109 2699 1242 2736 verbis
1266 2699 1451 2736 declarat:
1478 2699 1622 2735 «Molto
1638 2698 1742 2735 Rdo.
1766 2698 1806 2734 in
1824 2698 1901 2734 X.⁰
1917 2698 1989 2734 Pa-

347 2757 430 2795 dre.
451 2758 532 2794 Son
550 2762 698 2794 uenuto
716 2762 870 2794 trouare
888 2770 963 2805 qua
987 2759 1013 2795 il
1037 2759 1141 2796 Rdo.
1170 2764 1303 2796 nostro
1320 2759 1445 2796 Padre
1469 2758 1687 2805 visitatore,
1706 2769 1776 2806 per
1798 2757 1992 2794 conserite

346 2828 421 2853 con
444 2817 486 2854 S.
506 2818 579 2864 R.,
597 2828 709 2853 come
731 2816 1002 2854 vltimamente
1027 2819 1159 2855 serissi
1177 2831 1199 2854 a
1219 2819 1268 2855 V.
1287 2819 1338 2855 R.
1363 2819 1432 2866 P.,
1451 2818 1556 2855 delle
1573 2829 1664 2854 cose
1682 2823 1723 2854 et
1755 2822 1859 2854 stato
1887 2817 1994 2854 della

347 2876 549 2923 prouincia
566 2876 607 2913 di
625 2877 818 2912 Franza...
840 2877 871 2912 11
896 2877 940 2912 P.
960 2877 1108 2915 Nadale
1126 2883 1259 2926 presto
1275 2877 1411 2914 uenira
1429 2889 1451 2914 a
1468 2877 1668 2922 Verduno,
1689 2888 1759 2924 per
1776 2881 1913 2913 trattar
1930 2878 1992 2913 col

348 2947 518 2972 vescouo
535 2935 638 2972 della
655 2935 880 2972 fondatione
898 2935 960 2972 del
979 2937 1166 2984 collegio.
1181 2965 1189 2974 .
1205 2950 1243 2974 .»
1261 2938 1321 2974 Ex
1347 2937 1444 2974 Cod.
1465 2947 1509 2984 33
1521 2937 1580 2985 f),
1601 2949 1644 2973 n.
1668 2936 1738 2982 258
1756 2937 1875 2982 (427).

420 2996 433 3014 ³
483 2995 699 3043 Episcopus
725 2994 973 3031 virdunensis
996 3002 1078 3032 erat
1104 2997 1290 3034 Nieolaus
1318 2997 1546 3033 Psalmaeus
1575 2997 1776 3042 (Psaume)
1793 2994 1848 3033 Ο.
1871 2995 1988 3030 Prae-

344 3054 692 3091 monstratensium
710 3053 818 3100 (1548
837 3074 850 3081 -
869 3054 889 3088 r
911 3056 1031 3101 1575),
1052 3056 1188 3101 GAMs,
1207 3057 1281 3093 loc.
1301 3056 1392 3104 cit.,
1412 3068 1504 3104 pag.
1522 3055 1608 3102 653.

418 3114 434 3134 ⁴
483 3113 624 3161 Haius,
642 3119 770 3150 rector
787 3113 945 3160 collegii
962 3115 1207 3161 parisiensis.
1252 3143 1256 3147 ·
