2228 3548
353 255 426 291 806
935 254 1075 292 EPIST.
1102 253 1147 289 P.
1175 252 1328 290 NADAL

1057 389 1201 433 LXIII
1403 430 1407 437 ,

851 466 1179 514 STANISLAUS
1205 475 1401 514 Hosms

684 573 900 604 SANCTO
940 573 1258 605 FRANCISCO
1301 574 1371 605 DE
1393 574 1570 615 BORJA

730 654 1055 712 Heilsbergae‚
1082 664 1106 710 5
1123 654 1330 713 Januarii
1357 656 1467 711 1568
1495 658 1524 701 ¹.

660 743 957 791 Operariorum
974 755 994 780 e
1014 743 1207 780 Societate
1219 745 1469 792 paucitatem
1482 745 1601 781 dolet.

399 827 513 872 Rde.
547 829 699 871 Pater.
731 828 870 884 Quod
902 828 1014 871 Rda.
1048 829 1100 871 P.
1136 828 1194 871 V.
1227 829 1411 872 Patrem
1444 828 1740 885 Philippum²
1777 829 1833 873 ad
1866 843 1953 873 nos

306 886 496 939 miserit,
521 887 668 931 habeo
690 886 900 943 gratiam.
926 886 1065 931 Venit
1086 888 1178 930 huc
1200 888 1285 931 sub
1308 887 1405 944 ipsa
1428 888 1543 932 festa
1565 887 1792 941 natalicia,
1814 902 1951 944 quem

309 960 398 1003 ego
421 946 571 990 statim
595 945 835 1002 Elbingam
858 945 980 998 misi,
1006 946 1083 989 vbi
1106 946 1190 989 fvit
1212 961 1292 1003 per
1319 954 1516 1003 quatuor
1537 947 1634 991 dies
1662 949 1817 992 festos.
1840 948 1952 992 Inde

310 1012 469 1062 postea
490 1005 623 1062 redijt
645 1006 702 1049 ad
724 1021 814 1051 me.
839 1007 941 1062 Ipso
963 1005 1038 1050 die
1058 1004 1416 1050 circumcisionis
1438 1006 1622 1050 Domini
1651 1006 1738 1050 fuit
1767 1007 1951 1051 auditus

309 1080 336 1108 a
366 1079 455 1118 me,
480 1079 584 1108 cum
618 1066 809 1110 haberet
839 1065 1107 1109 concionem
1141 1066 1200 1108 ad
1231 1067 1466 1122 populum.
1493 1066 1639 1110 Video
1666 1066 1814 1110 virum
1845 1081 1950 1111 esse

310 1125 515 1177 doctum,
539 1131 586 1168 et
607 1125 775 1169 habere
797 1124 982 1182 linguae
1004 1123 1213 1181 gratiam,
1239 1126 1320 1170 sed
1342 1132 1656 1193 praeterquam
1673 1125 1822 1193 quod
1811 1140 1946 1170 iuue-

309 1183 381 1227 nis
402 1191 488 1238 est,
513 1185 663 1228 adhuc
683 1197 843 1229 vocem
875 1184 1011 1228 etiam
1044 1185 1183 1228 habet
1214 1184 1399 1238 exilem,
1425 1192 1496 1239 vt,
1521 1185 1607 1228 nisi
1630 1185 1732 1240 quis
1760 1184 1949 1252 propius

311 1243 451 1298 adsit,
482 1243 530 1286 in
562 1250 653 1286 tam
683 1244 830 1299 ampla
861 1243 1077 1298 ecclesia,
1109 1243 1254 1299 qualis
1281 1251 1351 1288 est
1388 1243 1684 1301 eibingensis,
1715 1243 1948 1300 percipere

311 1304 450 1348 verba
467 1317 560 1346 non
576 1303 733 1359 possit.
750 1304 1058 1359 Quamobrem
1075 1304 1257 1360 gaudeo
1269 1304 1452 1359 quidem
1469 1303 1595 1347 illum
1614 1305 1704 1347 huc
1721 1318 1822 1348 esse
1838 1303 1949 1347 mis-

312 1376 430 1415 surn,
463 1362 544 1406 sed
573 1363 695 1417 quod
726 1377 808 1418 pro
836 1377 927 1405 vno
958 1362 1096 1406 misso
1127 1363 1219 1406 duo
1251 1370 1552 1419 reposcuntur
1579 1363 1708 1417 hinc,
1735 1363 1950 1406 nimirum

314 1422 367 1465 P.
388 1422 553 1466 Petrus
575 1428 620 1466 et
642 1422 694 1464 P.
717 1422 951 1465 Balthasar
969 1423 1001 1474 ³,
1026 1436 1118 1465 non
1139 1429 1208 1466 est
1231 1423 1353 1477 quod
1375 1423 1617 1479 gaudeam,
1638 1436 1724 1466 nec
1741 1429 1811 1466 est
1827 1422 1951 1477 quod

311 1495 447 1537 agam
469 1480 655 1537 gratias.
688 1481 943 1524 Promissus
975 1480 1086 1524 mihi
1118 1481 1291 1538 pridem
1323 1481 1407 1524 fvit
1439 1483 1491 1525 P.
1518 1482 1747 1526 Henricus
1775 1481 1952 1538 Dyoni-

312 1540 430 1593 sius,
455 1554 605 1595 neque
634 1547 785 1584 tamen
814 1542 1036 1584 hactenus
1068 1541 1233 1584 missus
1260 1548 1352 1594 est,
1379 1556 1512 1597 quem
1541 1541 1580 1584 si
1610 1541 1792 1596 quando
1819 1540 1953 1584 nobis

312 1599 482 1644 habere
502 1599 703 1652 licuerit,
728 1615 819 1642 non
847 1614 1009 1643 recuso
1030 1599 1139 1656 quin
1162 1601 1214 1643 P.
1242 1601 1406 1644 Petrus
1436 1608 1692 1645 reuocetur.
1719 1600 1953 1656 Quamdiu

313 1673 423 1703 vero
443 1673 535 1702 non
559 1659 733 1703 venerit
750 1659 840 1711 ille,
866 1673 1035 1715 quaeso
1053 1660 1214 1703 Rdam.
1235 1661 1288 1703 P.
1310 1661 1367 1704 V.
1388 1667 1438 1703 vt
1456 1660 1563 1704 mihi
1581 1661 1633 1703 P.
1655 1661 1841 1703 Petrum
1860 1674 1952 1702 non

313 1717 490 1775 eripiat,
506 1732 563 1761 ne
577 1718 784 1763 videatur
801 1718 1135 1775 elbingensium
1150 1718 1301 1772 saluti,
1315 1734 1429 1774 quos
1439 1719 1624 1763 Christo
1639 1718 1952 1762 lucrifaciendi

314 1792 395 1834 per
416 1791 520 1821 eum
542 1792 646 1834 spes
668 1777 937 1831 ostenditur,
962 1777 1180 1823 invidere.
1208 1781 1379 1835 Magno
1401 1794 1474 1823 me
1495 1779 1650 1822 dolore
1672 1779 1889 1830 afficeret,
1911 1777 1950 1821 si

314 1843 536 1894 perstaret
558 1837 604 1880 in
626 1838 712 1880 hac
740 1837 859 1880 illius
886 1837 1195 1883 reuocatione.
1223 1839 1328 1883 Mea
1357 1837 1675 1882 benedictione
1698 1853 1795 1884 ,non
1823 1837 1951 1893 prius

313 1896 628 1953 proficiscetur
649 1911 739 1952 quo
760 1896 939 1940 iusserit
961 1899 1015 1940 R.
1041 1898 1092 1941 P.
1115 1899 1193 1950 V.,
1220 1911 1355 1953 quam
1378 1898 1431 1941 P.
1452 1896 1681 1942 Henricus
1702 1895 1953 1953 Dyonisius

314 1956 373 1998 ad
394 1970 477 1999 nos
498 1955 691 2009 venerit,
716 1970 821 1999 cum
843 1956 1104 2011 praesertim
1132 1957 1318 2001 alterius
1345 1956 1481 2000 etiam
1509 1956 1709 2000 ciuitatis
1737 1970 1950 2012 magnae,

314 2029 433 2071 quae
455 2029 548 2058 non
570 2016 763 2058 multum
787 2015 1068 2072 Antuerpiae
1090 2016 1234 2068 cedit,
1261 2015 1444 2060 Christo
1467 2015 1820 2060 lucrifaciendae
1850 2029 1957 2071 spes

316 2074 466 2130 aliqua
497 2075 684 2118 subesse
720 2074 941 2118 videatur.
978 2075 1084 2120 Scio
1121 2076 1246 2131 quod
1281 2090 1415 2120 nemo
1453 2089 1526 2118 me
1563 2075 1710 2131 magis
1747 2074 1952 2131 impedit,

316 2147 452 2189 quam
475 2135 528 2178 R.
557 2136 610 2177 P.
636 2133 826 2186 Natalis,
851 2135 907 2177 de
928 2149 1019 2189 quo
1042 2141 1195 2179 tamen
1217 2134 1405 2179 meritus
1427 2134 1473 2177 id
1491 2150 1590 2179 esse
1612 2149 1702 2177 non
1719 2134 1891 2178 videor.
1912 2134 1958 2176 Is

315 2193 491 2236 nullum
520 2193 576 2236 ad
604 2207 678 2236 me
708 2193 846 2245 mitti,
873 2194 983 2248 quin
1014 2201 1059 2237 et
1090 2208 1192 2248 eos,
1216 2194 1294 2250 qui
1325 2193 1450 2237 missi
1481 2201 1610 2247 sunt,
1636 2200 1816 2249 ereptos
1845 2191 1955 2235 mihi

315 2252 456 2308 cupit.
484 2253 636 2297 Solam
658 2267 758 2297 esse
774 2259 903 2308 putat
922 2253 1193 2306 Flandriam,
1214 2268 1330 2310 quae
1348 2254 1460 2297 tales
1477 2253 1605 2296 verbi
1621 2252 1707 2297 Dei
1724 2251 1957 2295 ministros

316 2312 487 2356 habere
509 2312 688 2364 debeat,
713 2325 819 2355 cum
843 2318 994 2355 tamen
1016 2327 1161 2368 aeque
1182 2327 1264 2369 pro
1286 2312 1419 2356 nobis
1441 2312 1694 2369 pruthenis,
1715 2322 1853 2367 atque
1871 2325 1955 2367 pro

314 2370 517 2424 flandris,
536 2370 805 2428 sanguinem
823 2385 956 2414 suurn
975 2372 1184 2415 Christus
1202 2372 1468 2428 profuderit,
1488 2386 1575 2415 nec
1593 2371 1739 2427 magis
1756 2372 1813 2414 ad
1828 2370 1949 2423 illos,

317 2443 455 2485 quam
478 2430 535 2473 ad
557 2445 654 2483 nos,
679 2429 877 2486 pretium
899 2432 985 2474 hoc
1013 2431 1335 2488 redemptionis
1363 2431 1588 2487 pertinere
1610 2430 1833 2475 videatur.
1860 2429 1953 2474 Sed
1979 2465 1981 2468 .

316 2503 406 2545 ego
435 2489 616 2546 longior
637 2504 736 2533 esse
763 2489 883 2532 nolo.
910 2491 1025 2533 Nam
1053 2506 1109 2535 ex
1137 2492 1191 2558 R.
1218 2491 1270 2533 P.
1296 2490 1558 2534 Francisci⁴
1580 2486 1741 2532 litteris
1769 2495 1951 2532 caetera

316 2555 579 2604 cognoscet.
606 2550 709 2592 Hoc
733 2555 909 2592 tantum
932 2550 1109 2593 addam:
1135 2550 1173 2593 si
1194 2549 1304 2593 mihi
1326 2551 1379 2593 P.
1403 2551 1568 2593 Petrus
1589 2556 1774 2604 ereptus
1796 2546 1950 2600 fuerit,

318 2613 364 2650 et
386 2621 523 2652 secus
543 2614 701 2665 postea
721 2622 794 2652 res
816 2607 1039 2665 Elbingae
1062 2608 1298 2662 ceciderit,
1324 2623 1460 2666 quam
1486 2622 1720 2665 speramus
1749 2614 1794 2651 et
1823 2613 1954 2663 opta-

387 2736 397 2757 ¹
449 2738 508 2773 Ex
525 2739 753 2785 archetypo,
771 2737 812 2773 in
833 2736 928 2773 Cocl.
950 2738 1010 2783 38,
1027 2737 1173 2786 duplici
1187 2737 1259 2775 fol.
1270 2766 1280 2785 ,
1298 2746 1366 2784 190
1380 2738 1495 2784 (186).
1511 2737 1613 2774 Vide
1628 2736 1795 2784 append.
1810 2735 1952 2780 XLVI3

316 2795 407 2831 LVI
431 2797 509 2839 (biS;
531 2803 570 2833 et
590 2798 692 2833 LIX.

387 2858 401 2878 2
452 2855 822 2892 Widmanstadiurn.
843 2855 945 2892 Vide
964 2856 1082 2903 epist.
1109 2866 1192 2905 492,
1213 2869 1252 2893 n.
1280 2865 1312 2893 1.

386 2914 401 2935 ³
451 2915 591 2950 Petrus
611 2915 715 2951 Phae'
733 2920 774 2951 et
790 2915 993 2950 Balthasar
1010 2915 1273 2952 Hostovinus.

384 2974 401 2994 ⁴
450 2973 497 3009 P.
522 2973 753 3010 Franciscus
770 2972 904 3020 Sunye
922 2973 1033 3019 (alias
1047 2973 1204 3020 Sunier,
1222 2974 1440 3011 Sunnerius
1458 2974 1553 3020 etc.)
1567 2972 1669 3010 Vide
1688 2971 1773 3020 ejus
1787 2982 1953 3008 examen

314 3030 357 3067 in
374 3031 503 3079 Epist.
524 3032 681 3078 Natal.,
701 3033 754 3079 II,
773 3039 858 3078 549.
