2228 3548
0 2024 3 2030 ,
2 1999 3 2002 „
0 1901 12 1973 vv„
0 1853 6 1886 -.-
0 1815 10 1835 ,Ἠ
0 1630 14 1804 wyv--vv-«x
0 1602 2 1608 .
0 1554 2 1558 ,

952 305 994 345 19
1019 297 1120 342 MAJI
1149 295 1241 344 1566
1799 291 1867 341 139

1025 399 1145 442 392

721 467 774 509 P.
802 467 1215 513 HIERONYMUS
1246 466 1467 512 NADAL

613 535 862 576 SANCTO
895 537 1246 576 FRANCISCO
1278 539 1354 575 DE
1386 537 1579 586 BORJA

813 605 1054 645 AUGUSTAE,
1074 607 1117 645 19
1133 607 1231 646 MAJI
1252 599 1342 644 1566
1363 600 1390 635 ¹.

334 662 654 700 Protestantium
673 665 943 701 accusationes
959 665 1004 700 in
1020 665 1246 701 catholicos:
1263 665 1406 701 horum
1425 664 1620 712 defensio:
1638 663 1862 700 moderatio

619 724 844 760 adhibenda
862 724 906 760 in
925 724 1041 760 rebus
1061 723 1309 760 Germaniae
1326 725 1570 760 tractandis.

371 778 408 834 1⁸.
468 791 601 848 Jhus.
636 789 780 834 Molto
818 790 936 834 Rdo.
967 789 1015 833 in
1043 789 1226 834 Christo
1264 791 1411 836 Padre
1439 797 1613 835 nostro.
1635 792 1737 834 Pax
1774 790 1910 835 Chri-

273 867 353 921 sti,
379 874 467 911 etc.
493 869 564 911 De
591 867 693 910 altri
722 867 893 924 negotij
923 867 1067 911 nostri
1096 867 1297 913 scriuero
1318 868 1405 912 alla
1434 870 1486 912 P.
1512 869 1639 912 V.·1a
1668 867 1909 912 settimana

273 946 357 989 che
380 944 530 998 uiene,
555 946 674 989 nella
696 945 828 1002 quale
850 945 887 989 si
909 959 1041 1002 spera
1062 947 1163 989 sara
1184 945 1214 988 il
1235 946 1326 989 fine
1347 946 1465 990 della
1486 945 1622 998 dieta,
1643 960 1670 989 ο
1704 960 1904 1003 apresso.

274 1023 382 1067 Solo
400 1022 558 1080 uoglio
575 1022 688 1077 dire,
708 1024 793 1068 che
815 1025 852 1066 s'
871 1023 897 1067 ἐ
914 1029 1098 1067 trattato
1116 1022 1194 1079 qui
1210 1026 1371 1079 questa
1383 1022 1624 1067 settimana
1641 1038 1703 1066 un
1722 1023 1908 1081 negotio

272 1100 329 1145 de
351 1101 514 1158 grand’
539 1099 834 1158 importanza,
858 1115 991 1157 sopra
1012 1099 1057 1143 di
1085 1099 1173 1155 cio,
1198 1101 1284 1145 che
1312 1100 1341 1143 li
1370 1100 1637 1157 protestanti
1667 1102 1908 1146 haueuano

271 1178 379 1221 dato
400 1179 478 1221 vn’
502 1185 626 1222 certo
647 1177 803 1222 scritto
825 1192 851 1221 a
873 1179 967 1223 Sua
990 1179 1163 1222 Maesta
1185 1179 1396 1231 Cesarea,
1423 1179 1496 1222 nel
1519 1179 1652 1234 quale
1683 1179 1906 1224 diceuano

274 1256 412 1301 molte
433 1269 539 1301 cose
559 1264 717 1300 eontra
737 1255 769 1298 li
791 1255 1022 1310 catholici,
1047 1262 1092 1299 et
1120 1254 1442 1313 specialmente
1469 1263 1628 1300 contra
1656 1256 1686 1299 il
1714 1271 1829 1313 papa
1861 1266 1907 1302 et

273 1333 463 1378 concilio
491 1333 734 1378 tridentino
755 1340 870 1387 etc.;
902 1340 947 1378 et
974 1334 1185 1378 hauendo
1212 1333 1242 1376 li
1269 1333 1479 1377 catholici
1509 1335 1621 1377 fatto
1650 1349 1906 1391 congrega-

272 1411 394 1456 tione
430 1418 476 1455 et
511 1411 812 1456 determinato
842 1411 899 1456 de
931 1411 1179 1469 risponder’
1203 1418 1595 1457 constantemente
1632 1426 1718 1455 con
1754 1411 1905 1455 animo

267 1488 489 1533 catholico
510 1495 556 1533 et
578 1489 767 1546 grande,
791 1503 865 1533 ma
886 1489 1107 1542 modesto,
1133 1488 1326 1534 dicendo
1358 1488 1464 1532 tutti
1486 1488 1531 1532 di
1564 1490 1707 1534 uoler'
1734 1490 1828 1535 fare
1861 1490 1903 1534 la

265 1567 532 1624 professiOn’
556 1567 630 1611 del
656 1566 847 1611 concilio
876 1566 1122 1612 tridentino
1145 1581 1153 1621 ;
1179 1566 1217 1610 si
1248 1582 1396 1612 uenne
1425 1582 1451 1611 a
1481 1568 1561 1611 far’
1586 1575 1712 1612 certo
1741 1567 1903 1611 scritto

264 1659 344 1702 per
364 1644 554 1702 risposta
575 1645 633 1689 de
653 1645 804 1701 quello
825 1645 882 1688 de
909 1644 1202 1702 protestanti,
1228 1645 1303 1688 nel
1334 1645 1467 1701 quale
1495 1645 1718 1702 speriamo
1742 1645 1780 1689 si
1806 1646 1900 1689 fara

265 1721 461 1780 risposta
486 1729 524 1776 ³,
549 1723 747 1767 secondo
769 1723 855 1768 che
876 1723 1028 1765 hanno
1050 1722 1176 1767 detto
1197 1723 1254 1767 de
1276 1723 1444 1779 parola,
1470 1730 1516 1768 et
1537 1722 1574 1766 si
1591 1722 1815 1767 desidera.
1845 1724 1902 1766 Et

265 1799 393 1844 accio
414 1799 480 1844 sia
503 1800 613 1853 cosi,
633 1801 659 1844 ἑ
677 1814 782 1844 cosa
799 1801 974 1858 grande
990 1800 1148 1856 quanti
1170 1800 1314 1845 mezzi
1330 1802 1387 1844 ha
1406 1808 1536 1844 usato
1558 1801 1587 1844 l’
1609 1801 1750 1845 Illmo.
1771 1801 1900 1858 lega-

270 1884 333 1932 to,
359 1878 403 1922 d’
429 1878 460 1921 il
481 1879 567 1922 che
589 1879 786 1923 anchora
807 1892 898 1922 non
921 1877 959 1922 si
981 1877 1071 1935 puo
1095 1892 1252 1934 sapere
1269 1877 1521 1922 risolution’
1542 1878 1736 1923 alchuna
1758 1885 1899 1932 certa3

266 1956 365 1999 solo
388 1955 613 2013 possiamo
633 1955 746 2009 dire,
771 1957 856 1999 che
878 1970 969 1999 non
992 1956 1162 1999 restara
1178 1969 1257 2012 per
1280 1954 1506 2012 diligenza
1520 1989 1530 2008 ,
1555 1957 1613 1999 ne
1635 1970 1714 2013 per
1736 1956 1834 2000 zelo
1856 1962 1902 1999 et

265 2032 488 2077 industria
508 2047 606 2077 sua.
633 2032 867 2078 Possiamo
888 2035 1087 2078 anchora
1105 2039 1150 2077 et
1171 2032 1409 2076 debbiamo
1425 2033 1494 2076 dir
1510 2040 1688 2089 questo,
1709 2035 1794 2077 che
1817 2048 1899 2077 ue-

263 2110 413 2154 diamo
432 2125 514 2168 per
535 2109 785 2167 sperienza;
811 2111 896 2154 che
918 2111 943 2154 e
961 2110 1216 2154 necessario
1233 2124 1319 2154 con
1336 2118 1495 2167 queste
1513 2110 1684 2155 nationi
1704 2114 1824 2155 usar'
1843 2110 1901 2155 de

263 2202 379 2246 gran
394 2187 702 2232 moderatione
724 2195 770 2232 et
791 2187 1104 2245 longanimita,
1128 2187 1160 2231 il
1181 2189 1266 2233 che
1289 2188 1610 2245 specialmente
1633 2188 1671 2231 si
1693 2188 1901 2233 desidera

263 2265 329 2309 sia
350 2279 590 2322 persuasso
610 2280 637 2308 a
658 2265 781 2318 tutti,
806 2266 972 2322 perche
994 2265 1240 2310 realmente
1269 2280 1381 2309 sono
1402 2265 1565 2323 grandi
1596 2266 1821 2310 necessita
1853 2273 1900 2311 et

265 2342 489 2388 accidenti
525 2357 605 2399 per
641 2349 802 2398 queste
828 2342 994 2395 bande,
1027 2343 1112 2387 che
1142 2343 1279 2386 fanno
1306 2343 1394 2387 alla
1421 2358 1616 2400 persona
1644 2342 1846 2387 mouersi
1873 2358 1900 2387 a

265 2419 592 2478 compassione,
611 2426 656 2464 et
672 2421 829 2464 hauer’
848 2419 894 2462 di
910 2421 1078 2463 cercar’
1098 2419 1338 2476 spedienti,
1358 2435 1446 2464 con
1463 2421 1637 2476 grande
1661 2419 1835 2463 charita
1853 2426 1900 2464 et

267 2497 614 2542 mansuetudine
636 2498 710 2542 nel
730 2496 941 2554 Signore,
966 2510 1095 2540 come
1116 2498 1176 2540 ho
1197 2497 1324 2542 detto
1339 2498 1372 2541 ².
1399 2499 1540 2541 Tutto
1562 2497 1632 2540 cio
1661 2497 1764 2540 dico
1794 2512 1900 2554 per—

266 2575 351 2619 che
373 2576 430 2619 V.
463 2577 516 2619 P.
542 2590 623 2631 per
659 2581 819 2631 questa
849 2573 1167 2618 informatione
1205 2573 1345 2619 faccia
1378 2574 1527 2619 officio
1557 2589 1644 2618 con
1681 2576 1776 2620 Sua
1807 2576 1900 2620 SR

263 2652 388 2697 accio
410 2652 620 2697 abbracci
643 2659 803 2709 questa
825 2651 1009 2697 natione
1025 2666 1112 2695 con
1129 2658 1314 2708 paterna
1330 2653 1504 2697 charita
1522 2660 1566 2698 et
1583 2653 1833 2706 clemenza,
1854 2660 1900 2696 et

261 2729 306 2773 in
329 2735 490 2786 questo
513 2730 654 2774 faccia
672 2736 791 2773 tutto
807 2729 837 2772 il
855 2730 995 2773 buon'
1015 2729 1165 2777 officio
1181 2730 1266 2774 che
1286 2732 1449 2787 puotra
1470 2731 1513 2773 la
1537 2732 1589 2774 P.
1611 2731 1688 2782 V.,
1710 2745 1735 2773 a
1751 2729 1899 2787 gloria

257 2807 315 2851 de
335 2806 424 2851 Dio
441 2814 596 2851 nostro
618 2807 829 2864 Signore.
859 2808 955 2852 Sua
976 2805 1132 2850 diuina
1155 2808 1329 2851 Maesta
1349 2822 1430 2864 per
1458 2822 1541 2852 sua
1563 2806 1740 2851 infinita
1761 2806 1899 2853 mise-

329 2926 351 2948 8
400 2920 578 2967 Archet.,
596 2921 779 2968 risposto.

332 3009 344 3031 ¹
395 3011 454 3046 Ex
467 3011 725 3058 archetypo,a
738 3011 917 3058 Jimenez
931 3015 1105 3057 exarato,
1116 3015 1156 3047 et
1167 3011 1317 3048 Natalis
1332 3023 1448 3049 manu
1464 3011 1699 3059 subscripto,
1712 3011 1752 3047 in
1768 3011 1896 3059 Epist.

264 3070 426 3114 Natal.‚
448 3071 500 3116 ΙΙ,
518 3070 664 3118 duplici
684 3070 777 3118 fol.,
799 3070 866 3107 130
882 3071 980 3117 (95).

336 3132 351 3157 2
401 3129 501 3169 Vide
518 3129 633 3179 epist.
653 3130 738 3181 390,
758 3143 796 3167 n.
815 3139 851 3178 73
871 3130 955 3177 3943
976 3135 1015 3166 et
1033 3129 1201 3182 append,
1221 3130 1296 3172 IX,
