2228 3548
0 0 620 77 W²W⁶²⁴³VOEUQ²³''³⁹''
763 0 818 7 ⁷
853 6 871 23 .·
907 0 915 10 ⁴·
1116 0 1120 2 ’
1179 3 1182 6 ’
1211 0 1214 2 ’

52 29 400 51 amm-⁷4*

853 290 901 317 20
926 281 1159 317 FEBRUARu
1187 285 1279 327 1507
1767 283 1834 321 381

248 380 401 436 quello
432 382 519 427 che
541 381 750 428 desidera
770 383 859 428 alla
885 397 969 427 sua
994 383 1258 428 Germania:
1290 390 1337 429 et
1367 390 1389 412 ²
1414 383 1461 429 in
1492 385 1602 442 ogni
1634 393 1801 430 euento
1830 387 1893 430 mi

249 471 359 514 pare
379 459 573 503 sarebbe
594 460 734 504 molto
755 475 783 504 a
803 460 1036 517 proposito
1058 460 1090 504 il
1118 461 1172 504 P.
1198 460 1531 519 Ribadeneyra,
1557 464 1758 520 parendo
1783 465 1896 522 pero

251 534 337 578 alla
361 536 417 579 P.
450 537 507 580 V.
534 537 612 580 Ho
635 537 862 582 riceuutta
882 553 972 582 vna
992 538 1154 583 lettera
1174 538 1248 582 del
1271 540 1326 582 P.
1351 539 1598 593 Scoriccio,
1623 541 1740 584 nella
1759 542 1893 598 quale

251 610 470 658 dimostra
491 616 630 658 esser’
653 615 795 659 molto
821 629 1054 659 commoso
1075 616 1222 659 contr’
1245 630 1272 659 a
1294 615 1431 672 quelli
1452 616 1510 660 de
1532 611 1788 671 Monachio,
1812 633 1895 676 per

252 690 410 735 hauer'
435 689 583 734 inteso
604 693 689 735 che
710 693 863 736 hanno
885 691 1044 736 scritto
1065 693 1122 736 de
1153 692 1234 745 lui,
1259 699 1368 746 etc.‚
1400 700 1446 738 et
1474 693 1536 736 mi
1567 709 1710 752 prega
1741 696 1815 738 ch’
1849 695 1897 740 io

251 765 486 812 interceda
506 783 586 824 per
605 768 670 812 lui
692 783 779 813 con
796 771 851 814 V.
872 771 946 823 Ρ.,
966 768 1094 814 accio
1108 769 1235 827 possi
1256 770 1412 814 andar’
1436 771 1511 814 all’
1530 771 1672 824 India,
1694 773 1778 816 che
1800 787 1893 816 non

252 844 388 888 uuole
410 844 621 889 ritornar'
644 845 692 890 in
722 847 996 904 Alamagna;
1020 847 1197 891 benche
1225 847 1267 891 al
1295 847 1386 891 fine
1419 848 1537 892 della
1569 849 1729 893 lettera
1761 849 1799 893 si
1830 849 1893 893 ri-

249 926 391 966 mette
412 922 499 966 alla
520 930 651 966 santa
681 923 945 977 obedienza,
970 931 1017 968 et
1044 938 1153 980 pare
1180 925 1267 969 che
1297 924 1356 968 da
1387 938 1436 968 se
1468 932 1615 969 stesso
1645 925 1683 969 si
1716 925 1889 972 riduce.

249 999 305 1042 V.
330 1000 383 1042 P.
409 999 652 1055 procurara
675 1001 719 1043 d'
749 999 941 1044 aiutarlo
963 1007 1008 1046 et
1037 1000 1209 1045 ridurlo
1239 1016 1266 1044 a
1297 1003 1383 1045 che
1411 1015 1503 1045 non
1536 1001 1622 1046 stia
1655 1004 1773 1048 male
1804 1018 1892 1047 con

249 1075 387 1131 quelli
407 1076 465 1119 de
486 1076 745 1131 Monachio,
771 1083 817 1123 et
838 1077 977 1134 perda
999 1077 1193 1134 qualche
1215 1078 1318 1121 mal’
1338 1079 1511 1130 affetto‚
1532 1093 1581 1122 se
1598 1080 1717 1123 forse
1740 1082 1786 1123 n'
1806 1082 1890 1125 ha-

251 1151 365 1196 uesi.
392 1152 595 1198 Sarebbe
621 1153 748 1207 utile,
773 1154 936 1207 Padre‚
962 1154 1178 1212 (secondo
1201 1155 1287 1198 che
1308 1154 1442 1211 uedo)
1465 1156 1551 1199 che
1573 1157 1755 1212 quando
1783 1172 1832 1203 se
1860 1158 1891 1201 li

251 1229 296 1272 fa
316 1230 510 1285 qualche
530 1229 676 1275 simile
697 1230 1021 1286 admonitione,
1045 1245 1137 1275 non
1158 1237 1348 1288 puotese
1365 1239 1619 1288 sospettare
1635 1235 1720 1278 che
1737 1234 1783 1276 di
1800 1249 1893 1290 qua

254 1305 277 1349 ὲ
300 1305 474 1362 scritto,
498 1313 608 1361 ete.;
633 1313 680 1352 et
700 1309 914 1361 anchora,
938 1309 1024 1352 che
1056 1308 1099 1353 le
1126 1322 1210 1353 sue
1230 1308 1391 1353 lettere
1413 1310 1499 1354 che
1520 1309 1584 1352 lui
1615 1309 1781 1363 scriue,
1819 1312 1893 1355 fu·—

252 1396 355 1428 sero
376 1383 509 1437 viste,
534 1385 734 1429 secondo
757 1385 789 1428 l'
808 1384 1050 1429 ordinario.
1070 1386 1118 1429 Io
1138 1384 1170 1428 li
1191 1385 1358 1439 scriuo,
1378 1385 1682 1442 animandolo‚
1701 1403 1790 1432 vna
1806 1389 1892 1433 let-

252 1466 364 1514 tera,
389 1460 432 1504 la
453 1461 586 1518 quale
608 1462 666 1506 V.
696 1463 747 1506 P.
774 1461 1008 1520 parendoli
1031 1464 1193 1520 puotra
1215 1463 1410 1520 legger',
1441 1471 1488 1508 et
1516 1464 1610 1508 fare
1642 1467 1726 1509 che
1762 1466 1792 1509 li
1825 1466 1892 1510 sia

250 1537 356 1581 data
377 1544 567 1592 cerrata3
594 1545 640 1583 et
662 1541 740 1583 un’
764 1540 878 1584 altra
901 1539 1025 1583 uolta
1047 1539 1091 1583 lo
1119 1540 1419 1584 raccomando
1440 1555 1466 1585 a
1488 1542 1546 1585 V.
1583 1543 1657 1595 Ρ.,
1692 1544 1778 1588 che
1808 1558 1892 1601 per

249 1628 377 1658 amor
399 1614 458 1660 de
482 1614 567 1659 Dio
589 1616 618 1658 l’
643 1615 754 1659 aiuti
776 1617 827 1660 in
848 1618 1065 1660 Domino.
1091 1617 1139 1660 Io
1169 1616 1231 1660 mi
1258 1624 1388 1674 parto
1415 1618 1576 1676 hoggi,
1612 1620 1775 1673 Padre,
1809 1635 1892 1679 per

255 1691 461 1736 Colonia:
486 1706 539 1736 so
559 1699 678 1737 stato
699 1693 777 1750 pisi
799 1693 845 1737 di
874 1694 1027 1751 quello
1049 1695 1135 1738 che
1162 1709 1380 1751 pensaua,
1412 1703 1543 1752 parte
1575 1711 1654 1754 per
1686 1699 1889 1743 hauermi

250 1775 482 1813 tratenuto
506 1776 633 1813 tanto
653 1773 724 1815 co’
748 1771 778 1814 1’
803 1771 1114 1824 arciuescouo‚
1140 1778 1267 1828 parte
1294 1786 1376 1829 per
1395 1773 1524 1816 molti
1546 1774 1736 1831 negotii,
1762 1783 1889 1831 parte

251 1859 418 1889 ancora
439 1860 519 1903 per
539 1861 664 1892 esser
684 1855 993 1905 soprauenute
1014 1848 1057 1893 le
1082 1848 1337 1892 fundationi
1358 1850 1406 1893 d'
1428 1850 1666 1908 Herbipoli
1688 1859 1733 1897 et
1754 1852 1887 1909 Spira

252 1923 435 1978 quando
456 1937 534 1968 ero
555 1939 637 1980 per
657 1925 839 1982 partire;
866 1925 924 1969 ne
947 1927 1007 1968 m’
1032 1926 1094 1968 ho
1118 1925 1225 1969 dato
1247 1932 1373 1970 tanta
1403 1928 1518 1972 freta
1549 1942 1678 1972 come
1707 1930 1883 1985 soleua,

250 2006 296 2042 et
314 2003 464 2043 tamen
480 2015 567 2044 son
583 2008 705 2046 stato
723 2017 903 2059 sempre
921 2009 1133 2058 ocupato.
1150 2002 1185 2045 Il
1206 2003 1483 2059 prouinciale
1500 2012 1628 2061 parte
1645 2006 1790 2064 hoggi
1807 2022 1891 2064 per

250 2075 397 2133 Spira,
422 2091 551 2122 come
572 2080 631 2122 ho
653 2079 779 2123 detto
803 2079 907 2124 nell’
934 2079 1064 2132 altra,
1088 2085 1135 2123 et
1162 2078 1286 2136 dipoi
1306 2081 1474 2124 auclara
1497 2089 1620 2126 recta
1641 2098 1667 2126 a
1691 2083 1885 2137 Treuiri,

250 2160 297 2196 et
313 2155 373 2196 m'
386 2157 614 2211 aspettara
629 2155 688 2208 la,
703 2155 867 2212 perche
882 2155 1124 2199 habbiamo
1140 2163 1304 2213 saputo
1320 2156 1434 2201 hieri
1447 2160 1533 2202 che
1550 2159 1579 2201 l'
1593 2158 1888 2204 arciuescouo

251 2229 297 2272 di
319 2230 496 2273 Treuiri
518 2231 542 2275 ὲ
564 2238 727 2285 morto,
748 2239 793 2275 et
809 2232 851 2276 ci
873 2233 897 2276 ὲ
914 2247 1046 2289 parso
1067 2247 1094 2276 a
1116 2231 1222 2276 tutti
1240 2232 1315 2278 doi
1330 2235 1432 2289 che,
1457 2236 1634 2292 spedito
1655 2236 1686 2278 il
1702 2237 1891 2293 negotio

253 2305 299 2349 di
315 2306 462 2363 Spita,
481 2307 586 2351 vadi
603 2308 661 2361 la,
682 2315 728 2353 et
745 2323 837 2352 non
853 2309 877 2353 ὲ
894 2315 1013 2353 stato
1028 2309 1285 2354 necessario
1301 2311 1478 2355 lasciar’
1497 2320 1658 2368 questo
1674 2313 1719 2356 di
1737 2313 1884 2370 Spita,

256 2383 420 2439 perche
436 2383 498 2426 mi
514 2384 691 2428 asicura
708 2387 823 2429 Mro.
844 2385 1049 2430 Antonio
1065 2387 1150 2430 che
1166 2401 1258 2430 non
1278 2387 1512 2444 patiscono
1528 2389 1682 2435 niente
1698 2390 1729 2433 li
1746 2391 1886 2434 nostri
1906 2388 1911 2393 ’

258 2459 305 2503 in
318 2461 510 2514 Treuiri,
525 2468 571 2505 et
586 2463 739 2506 hanno
755 2462 1029 2519 prouisione.
1045 2463 1274 2521 Tuttavia,
1289 2466 1470 2521 quando
1483 2467 1584 2510 sara
1597 2468 1708 2510 fatto
1725 2467 1756 2510 il
1767 2482 1890 2511 nouo

260 2536 570 2591 arciuescouo,
590 2539 614 2582 ὲ
631 2539 886 2584 necessario
902 2541 987 2585 che
1003 2539 1090 2584 stia
1106 2540 1164 2593 la,
1183 2539 1230 2584 in
1246 2547 1372 2586 tanto
1388 2544 1473 2587 che
1494 2543 1538 2586 io
1560 2558 1729 2600 vengo.
1755 2545 1890 2588 Altro

259 2627 349 2657 non
372 2628 559 2661 oceorre
579 2631 661 2673 per
685 2623 859 2672 questa.
890 2618 1121 2660 Dominus
1141 2618 1201 2660 sit
1231 2619 1476 2663 nobiscum.
1509 2620 1608 2664 Ora
1628 2626 1718 2678 pro
1746 2622 1887 2674 nobis,

258 2690 418 2735 Pater.
445 2692 562 2737 Nelli
585 2693 703 2737 santi
730 2693 940 2738 sacrificii
968 2700 1014 2738 et
1040 2693 1233 2738 orationi
1254 2695 1359 2740 delli
1381 2697 1516 2740 Padri
1545 2697 1788 2751 assistenti,
1814 2699 1888 2741 del

0 2753 4 2804 Ι
257 2766 310 2809 Ρ.
338 2768 555 2822 Polanco,
581 2772 634 2814 P.
661 2770 853 2824 Madrid‚
885 2776 994 2823 etc.‚
1024 2770 1164 2814 molto
1192 2770 1230 2814 si
1258 2773 1665 2818 raccomandiamo.
1691 2776 1762 2818 Da
1785 2777 1887 2819 Mo-

254 2842 431 2899 gunfia,
457 2845 531 2888 alli
554 2858 611 2890 20
630 2847 688 2892 de
710 2848 909 2891 Febraro
938 2848 1064 2902 1567.
1090 2848 1149 2891 D.
1176 2849 1230 2891 P.
1257 2849 1315 2893 V.
1341 2863 1475 2893 seruo
1498 2866 1555 2895 en
1577 2851 1680 2904 X.⁰‚

1314 2925 1344 2984 †
1397 2928 1583 3003 NAD'AL.
1618 2926 1650 2985 †

1491 3015 1499 3043 ι

332 3091 354 3113 ⁸
391 3084 575 3133 Sequitur
591 3086 669 3125 cosi
686 3090 936 3126 obliteratum
955 3101 976 3126 a
993 3090 1086 3126 libr.
