2228 3548
363 308 433 346 750
541 335 545 339 .
877 298 1016 334 EPIST.
1044 296 1089 332 Ρ.
1118 295 1392 341 NADAL—624

312 410 381 446 to.
408 400 518 446 Solo
542 405 805 455 represento
827 414 878 443 se
900 413 974 443 me
995 396 1197 441 habbino
1219 397 1277 442 de
1297 397 1557 441 consultare
1578 412 1659 454 per
1681 397 1762 441 dar
1778 397 1855 442 laa
1873 397 1963 443 mia

314 476 649 523 informatione.
677 476 778 520 Con
799 475 982 519 suauita
1005 474 1051 518 di
1073 489 1212 518 cuore
1241 473 1435 532 pigliaro
1456 473 1477 502 ¹³
1495 489 1553 519 en
1581 475 1624 519 el
1650 473 1819 532 Signor
1846 475 1956 533 ogni

313 570 422 599 cosa
443 555 528 596 che
550 551 696 596 ordini
715 553 756 596 la
775 554 827 596 Ρ.
849 553 928 605 V.,
951 567 978 596 o
997 551 1035 595 si
1052 551 1234 609 stampi,
1253 566 1280 595 o
1297 566 1373 601 no.
1390 559 1436 596 et
1451 567 1533 609 per
1549 553 1635 595 che
1651 551 1725 595 via
1741 558 1787 596 et
1802 552 1953 596 modo.

316 635 388 676 Da
408 645 480 674 me
502 645 594 673 non
616 629 764 674 vorrei
787 629 1010 687 pendesse
1032 629 1185 674 niente
1214 634 1247 673 Ε.
1276 617 1313 673 E
1327 628 1347 656 ‘¹
1369 630 1412 673 la
1434 643 1543 673 cosa
1565 644 1654 673 non
1679 628 1768 672 mia
1790 643 1839 673 se
1860 643 1956 673 non

311 709 435 753 della
457 706 760 764 Compagnia,
786 707 866 750 hoc
887 710 952 750 est
972 706 1018 750 di
1041 708 1098 751 V.
1122 708 1175 750 Ρ.
1202 706 1283 752 Lei
1305 706 1447 751 faccia
1463 707 1615 763 quello
1636 706 1702 764 gli
1717 705 1890 763 parera.
1907 707 1955 751 Io

319 800 409 829 non
428 786 489 828 ho
505 783 551 827 di
569 786 636 828 far
653 785 785 838 altro,
805 798 855 828 se
872 798 964 828 non
981 784 1139 830 obedit
1161 790 1195 838 θ,
1216 784 1247 828 il
1263 786 1348 828 che
1366 785 1462 829 faro
1479 798 1566 828 con
1582 784 1794 829 dolcezza
1810 798 1898 828 con
1913 784 1958 827 la

319 861 466 920 gratia
488 862 562 906 del
584 861 769 918 Signor.
795 861 883 906 Del
907 863 960 906 P.
987 863 1126 906 Iohan
1148 861 1246 905 diro
1268 862 1450 918 quando
1480 861 1617 907 habbi
1644 861 1690 904 di
1718 862 1859 906 andar
1880 875 1960 905 co-

318 940 408 1001 sta.
428 938 590 984 Vorrei
607 953 739 996 saper
755 939 875 984 dalla
897 941 951 983 P.
978 941 1035 984 V.
1058 954 1107 983 se
1128 942 1230 984 saro
1251 938 1456 997 obligato
1478 940 1535 983 da
1557 939 1635 996 qui
1657 938 1830 984 scriuer
1851 938 1962 996 ogni

322 1031 461 1070 mese,
487 1017 526 1060 si
548 1031 678 1061 come
700 1017 762 1060 ho
786 1017 900 1060 fatto
917 1017 974 1060 da
991 1017 1239 1062 Germania
1255 1032 1335 1074 per
1354 1016 1511 1061 ordine
1528 1016 1574 1060 di
1591 1018 1645 1062 V.
1668 1019 1741 1070 Ρ.,
1760 1015 1835 1060 cui
1852 1015 1961 1060 doni

317 1093 543 1151 spirituali
565 1093 803 1151 augmenti
824 1109 1001 1150 sempre
1019 1094 1047 1136 il
1067 1094 1236 1152 Signor
1258 1109 1285 1138 a
1306 1093 1448 1137 maior
1470 1093 1616 1151 gloria
1637 1093 1683 1136 di
1698 1109 1782 1138 sua
1802 1093 1959 1137 diuina

324 1173 434 1216 Mta.
461 1179 507 1217 et
521 1171 535 1199 f
555 1171 732 1228 magior
754 1179 1004 1228 augmento
1026 1172 1144 1216 della
1166 1171 1464 1228 Compagnia.
1487 1170 1580 1215 Alli
1602 1171 1670 1215 soi
1691 1170 1900 1215 sacrificii
1917 1178 1962 1216 et

323 1249 520 1293 orationi
541 1249 587 1292 di
610 1263 748 1293 cuore
770 1248 831 1291 mi
853 1248 1114 1293 ricomando
1136 1256 1182 1292 et
1203 1248 1309 1293 dalli
1331 1248 1466 1292 Padri
1493 1248 1720 1294 assistenti
1742 1255 1789 1292 et
1809 1262 1960 1292 secre-

320 1326 455 1371 tario.
481 1327 711 1370 Dominus
727 1326 787 1369 sit
803 1326 1049 1370 nobiscum.
1075 1325 1135 1370 Di
1156 1326 1366 1379 Venetia,
1393 1338 1449 1370 20
1470 1325 1517 1369 di
1544 1326 1802 1371 Settembre
1830 1336 1957 1388 1577.

324 1405 384 1448 D.
413 1405 465 1448 P.
489 1404 546 1448 V.
571 1417 706 1447 seruo
727 1402 775 1446 in
796 1404 892 1458 X.‘',

1409 1486 1439 1544 †
1473 1487 1658 1604 NAssAL.
1695 1487 1725 1544 †

420 1635 662 1691 Inscriptio
679 1635 728 1678 in
751 1639 917 1691 quarta
942 1635 1140 1692 pagina,
1163 1635 1258 1678 alia
1281 1649 1454 1677 manu:
1477 1636 1507 1693 †
1531 1635 1590 1679 Al
1611 1635 1751 1679 molto
1774 1635 1891 1679 Rdo.
1917 1633 1964 1678 in

322 1713 466 1757 Chro.
494 1712 639 1756 Padre
661 1711 692 1755 il
711 1713 762 1756 Ρ.
786 1713 1018 1756 Euerardo
1036 1712 1343 1765 Mercuriano‚
1364 1711 1593 1769 preposito
1611 1713 1825 1770 generale
1846 1712 1964 1756 della

326 1789 611 1847 Compagnia
631 1789 678 1833 di
693 1789 850 1834 Giesu.
870 1791 918 1832 [n
935 1791 1093 1833 Roma.
1115 1790 1223 1832 Alia
1240 1804 1399 1833 manu:
1422 1800 1549 1845 1577.
1571 1789 1769 1843 Vinetia,
1791 1791 1844 1833 P.
1867 1790 1962 1834 Na-

319 1868 432 1913 tale.
459 1879 515 1911 20
535 1867 582 1910 di
607 1867 717 1922 7.bre
739 1867 897 1930 Sigilli
918 1868 1058 1911 abcisi
1084 1868 1347 1926 vestigium.

1091 1978 1204 2017 6211

776 2054 827 2095 Ρ.
855 2053 1269 2098 HIERONYMUS
1298 2053 1517 2097 NADAL

640 2134 821 2170 PATRI
869 2134 1203 2173 EVERARDO
1245 2134 1655 2173 MERCURIANO

803 2214 1013 2253 VENETus,
1032 2207 1076 2242 28
1094 2215 1332 2243 Dsscmfflms
1354 2215 1444 2253 1577
1464 2207 1491 2244 ¹.

328 2279 514 2320 Romam,
534 2290 626 2314 vere
643 2279 863 2325 appetente,
880 2279 1083 2325 proficisci
1098 2280 1257 2315 statuit:
1274 2280 1407 2315 animi
1419 2280 1538 2327 grati
1559 2291 1660 2328 erga
1685 2280 1830 2316 Patres
1853 2290 1966 2316 vene-

972 2340 1031 2373 tos
1046 2349 1162 2373 sensa
1179 2339 1324 2385 aperit.

420 2408 564 2452 Molto
587 2407 700 2451 Rdo.
727 2406 773 2449 in
796 2409 915 2464 Xpo.
939 2410 1086 2453 Padre
1107 2416 1278 2453 nostro.
1306 2411 1402 2453 Pax
1424 2409 1530 2467 Xpi.
1557 2416 1648 2453 etc.
1683 2411 1857 2454 Precor
1879 2411 1961 2454 ad-

329 2486 521 2529 modum
542 2485 683 2529 Rdae.
717 2484 987 2528 Paternitati
1026 2494 1130 2530 tuae
1160 2486 1335 2532 foelicia
1364 2488 1479 2532 festa
1515 2493 1561 2531 et
1582 2488 1744 2532 Natale
1771 2487 1958 2531 Domini

331 2570 374 2608 et
402 2577 572 2607 annum
602 2562 675 2616 78,
706 2561 916 2605 omnibus
955 2562 1167 2608 Patribus
1196 2570 1242 2607 et
1279 2563 1512 2617 fratribus,
1537 2564 1615 2620 qui
1653 2565 1823 2609 Romae
1851 2571 1958 2607 sunt

329 2639 511 2694 nostris,
536 2646 582 2683 et
610 2638 851 2682 uniuersae
880 2640 1115 2685 Societati.
1148 2639 1265 2684 Dell’
1291 2640 1506 2684 infirmita
1536 2641 1639 2694 mia,
1665 2648 1711 2684 et
1738 2641 1955 2695 recidiua,

321 2716 481 2761 scriuo
503 2717 546 2760 al
569 2718 621 2760 P.
643 2715 848 2760 Oliuerio
870 2716 901 2759 ³.
923 2718 1073 2760 Tanto
1091 2725 1252 2773 questo
1274 2716 1335 2760 mi
1357 2724 1477 2761 resta
1498 2732 1523 2760 a
1546 2717 1642 2763 dire
1663 2733 1690 2762 a
1706 2719 1761 2764 V.
1782 2720 1850 2772 Ρ.,
1872 2720 1961 2764 che

401 2842 422 2863 a
459 2835 546 2871 Hoc
563 2836 674 2871 verb.
695 2845 810 2881 supra
829 2846 930 2870 vers.
951 2835 1100 2871 addidit
1118 2836 1240 2872 N.-b
1254 2835 1277 2872 3
1294 2838 1414 2872 verba
1432 2848 1542 2885 seqq.
1557 2849 1673 2885 supra
1691 2849 1794 2874 vers.
1814 2836 1963 2874 addidit

330 2894 450 2930 N.—<=
468 2895 653 2942 Sequitur
668 2895 720 2930 da
739 2905 801 2929 me
820 2894 1067 2931 obliteratum
1084 2907 1107 2931 a
1123 2896 1177 2933 N.
1191 2895 1256 2925 -d
1270 2895 1527 2933 Emendatum
1546 2908 1595 2933 ex
1613 2900 1734 2933 et.-e
1753 2897 1860 2941 Aut„
1883 2897 1965 2933 obe-

318 2953 526 2989 ·dedir.—f
546 2954 633 2990 Hoc
651 2954 762 2990 verb.
782 2952 843 2988 bis
861 2953 1018 3001 scripsit
1034 2955 1084 2990 N.

402 3053 412 3074 ¹
465 3054 522 3089 Ex
540 3034 766 3101 archetypo,
785 3052 826 3089 in
843 3053 971 3099 Epist.
992 3054 1149 3102 Natat„
1167 3057 1213 3100 11,
1231 3055 1378 3103 duplici
1395 3055 1478 3105 fol„
1499 3057 1565 3093 261
1586 3057 1703 3104 (215).

399 3114 413 3134 ²
465 3113 683 3159 Manareus,
701 3112 889 3149 assistens
907 3113 1141 3150 Germaniae
1159 3120 1200 3150 et
1217 3115 1387 3152 Galliae.
