2228 3548
0 0 66 310 “W

93 0 106 12 ἱ

132 0 145 15 '⁴

237 1 246 5 ,

337 0 354 12 Ξ

924 312 972 339 20
997 302 1168 341 Arnus
1198 303 1287 349 1567
1803 310 1872 348 441

281 402 577 461 predicatore,
602 403 658 448 ne
681 403 845 450 lettore
866 404 913 448 in
935 403 1182 462 theologia,
1206 405 1404 450 secondo
1426 406 1511 449 che
1532 419 1583 450 se
1603 403 1853 448 intendeua
1871 410 1923 449 et

281 486 565 538 permetteua
585 481 693 526 nelli
714 481 815 525 altri
837 481 1004 538 cinque
1022 481 1151 539 loghi
1171 481 1313 526 citati:
1333 489 1496 539 quatro
1518 482 1638 527 della
1658 494 1688 537 4
1708 488 1852 538 parte,
1870 488 1920 528 et

282 556 317 602 il
337 556 497 614 quinto
517 557 636 603 della
662 559 750 616 9.⁵,
781 558 878 603 cioe
906 573 994 603 con
1020 557 1269 603 conditioni
1297 565 1344 602 et
1365 558 1634 616 obligationi
1655 573 1682 603 a
1703 558 1918 603 fundato—

286 634 339 689 ri,
362 641 452 678 etc.
477 632 536 678 Et
557 635 631 678 all'
661 637 771 679 hora
798 651 875 680 era
903 642 1065 692 questa
1089 636 1133 680 13
1159 635 1352 693 prattica
1378 636 1496 680 della
1527 635 1813 693 Compagnia
1841 636 1918 680 nel

284 718 438 769 tempo
460 712 535 758 del
556 714 608 756 Ρ.
631 714 749 757 Mro.
780 713 975 770 Ignatio‚
995 727 1083 757 con
1098 712 1258 759 ordine
1273 720 1320 759 et
1335 713 1663 770 approbatione
1678 727 1778 758 sua:
1798 712 1914 768 οἰοὲ,

277 789 367 834 che
389 789 541 833 fusero
562 789 828 847 obligationi
849 798 895 835 et
916 789 1164 834 conditioni
1185 789 1356 836 riferite
1371 791 1414 834 al
1432 791 1673 836 fundatore
1689 797 1735 835 et
1750 791 1914 835 funda-

279 865 418 911 tione.
443 867 501 910 Et
527 881 621 910 non
647 881 756 923 pare
784 867 822 911 si
849 874 1050 924 puoteua
1076 866 1300 913 intender’
1323 867 1371 911 di
1398 875 1559 924 questa
1585 866 1660 911 ch'
1682 866 1814 912 insin’
1837 867 1911 911 all'

275 943 388 986 hora
409 958 501 987 non
522 946 559 987 s'
585 945 765 990 haueua
785 943 948 999 inteso,
972 944 1029 989 ne
1056 943 1290 1001 parlatosij
1314 944 1430 997 cioe,
1455 946 1543 990 che
1564 945 1607 988 la
1628 944 1913 1003 Compagnia

274 1034 368 1065 non
389 1021 427 1065 si
447 1021 627 1078 puotesi
650 1021 826 1079 obligat
847 1036 874 1065 a
895 1036 946 1067 se
966 1028 1127 1066 stessa.
1151 1023 1210 1067 Et
1231 1028 1395 1078 questo
1421 1022 1461 1066 si
1487 1023 1580 1079 puo
1601 1023 1767 1067 vedere
1793 1022 1912 1067 delle

275 1098 428 1155 parole
459 1105 505 1144 et
536 1099 792 1156 spagnuole
819 1106 866 1144 et
892 1097 1033 1143 latine
1058 1098 1175 1143 della
1202 1097 1544 1144 constitutione.
1576 1099 1628 1142 In
1655 1099 1912 1156 spagnuolo

274 1173 376 1219 dice
396 1190 405 1218 :
435 1192 452 1215 «
474 1189 535 1219 no
562 1175 785 1220 conuiene
812 1182 966 1220 acetar
996 1174 1209 1219 dotacion
1245 1174 1450 1229 ninguna
1476 1190 1564 1219 con
1591 1175 1852 1233 obligarnos
1883 1181 1911 1220 ἑ.

274 1251 357 1295 dar
381 1251 663 1308 predicador,
686 1255 715 1296 ό
744 1253 994 1305 consessor,
1023 1255 1052 1296 ό
1077 1252 1222 1296 lector
1240 1252 1412 1309 alguno
1433 1259 1455 1280 ⁸
1480 1252 1538 1297 de
1561 1253 1847 1310 theologia.»
1874 1253 1909 1297 ΙΙ

270 1329 379 1384 qual
400 1329 534 1373 modo
555 1329 602 1372 di
622 1329 810 1386 parlare‚
835 1329 1034 1375 secondo
1060 1330 1149 1374 che
1175 1328 1276 1373 dice
1298 1329 1534 1382 Ximenez,
1558 1330 1604 1373 in
1626 1330 1908 1387 castegliano

270 1404 481 1462 significa
508 1405 539 1448 il
569 1420 763 1452 comune
791 1407 928 1450 modo
964 1407 1022 1452 de
1050 1406 1226 1464 obligar
1254 1414 1435 1460 mutuo;
1468 1414 1515 1452 et
1541 1407 1583 1451 la
1610 1406 1906 1453 translatione

268 1481 409 1526 latina
445 1484 692 1540 approbata
728 1498 808 1541 per
840 1484 882 1527 13
913 1483 1291 1542 congregatione,
1323 1484 1367 1527 lo
1397 1483 1629 1541 significa,
1660 1485 1749 1530 che
1780 1484 1901 1529 dice:

271 1560 379 1603 Non
400 1561 615 1604 conuenit
635 1561 776 1604 ullam
799 1562 984 1619 collegio
1004 1562 1274 1604 dotationem
1302 1561 1560 1614 admittere,
1575 1566 1664 1618 per
1685 1576 1822 1618 quam
1843 1563 1904 1605 ad

263 1636 473 1680 dandum
499 1638 855 1681 concionatorem
869 1673 880 1690 ‚
902 1642 983 1681 aut
1003 1639 1363 1696 confessarium,
1390 1642 1470 1681 aut
1502 1639 1707 1682 lectorem
1740 1639 1903 1683 theolo-

258 1714 372 1771 giae
391 1714 588 1758 Societas
608 1715 846 1773 obligetur.
874 1717 924 1759 In
946 1716 1080 1759 modo
1101 1717 1189 1760 che
1211 1730 1302 1758 non
1324 1730 1430 1772 pare
1451 1716 1712 1773 prohibirsi,
1732 1717 1762 1760 l’
1783 1716 1901 1760 obli-

260 1789 447 1847 gatione
467 1792 720 1836 voluntaria
741 1807 832 1836 non
855 1793 1025 1837 riferita
1040 1793 1127 1836 alla
1142 1792 1388 1846 dotatione,
1413 1795 1471 1837 ne
1487 1794 1529 1837 al
1551 1794 1773 1847 dotatore3
1794 1808 1900 1851 per-

261 1868 351 1912 che
372 1875 533 1925 questa
553 1883 646 1914 non
666 1871 705 1914 s'
729 1878 876 1914 acetta
908 1885 1022 1914 «con
1044 1870 1305 1927 obligamos
1332 1874 1358 1915 a
1384 1871 1465 1915 dar
1486 1870 1776 1928 predicador»
1804 1872 1898 1914 imo

260 1959 313 1989 se
339 1953 468 1991 aceta
502 1947 782 2003 simpliciter,
811 1950 910 1991 sine
942 1948 1193 1991 conditione
1222 1948 1393 2004 aliqua.
1427 1949 1523 1992 Nec
1554 1949 1814 1992 admittitur
1845 1962 1898 1992 ea
1977 1954 1984 1962 ‘

259 2022 440 2076 dotatio,
455 2028 544 2080 per
565 2039 702 2080 quam
725 2026 784 2068 ad
806 2026 1011 2068 dandum
1034 2025 1411 2078 concionatorem,
1434 2034 1543 2078 ete„
1568 2026 1794 2083 obligetur
1814 2026 1898 2070 So·

258 2100 409 2152 cleta&
431 2102 522 2144 imo
542 2102 667 2145 nullo
680 2107 813 2158 pacto
835 2117 915 2158 per
937 2102 1087 2158 quella
1115 2103 1142 2146 e
1168 2101 1369 2160 obligata
1397 2104 1440 2146 la
1462 2102 1748 2163 Compagnia
1768 2117 1795 2146 a
1816 2104 1897 2146 dar

256 2177 516 2222 confessore
538 2193 566 2222 o
602 2178 905 2234 predicatore,
931 2186 1020 2223 etc.
1044 2178 1104 2222 Di
1132 2179 1268 2223 modo
1296 2180 1383 2224 che
1412 2194 1520 2236 pare
1548 2181 1633 2223 che
1661 2194 1753 2222 non
1781 2193 1894 2223 con-

259 2253 443 2307 tradica,
466 2254 498 2297 il
519 2255 653 2298 modo
668 2255 713 2299 di
731 2255 934 2312 obligare
956 2256 998 2300 13
1014 2255 1298 2313 Compagnia
1313 2271 1362 2301 se
1378 2264 1539 2311 stessa,
1560 2271 1587 2300 a
1603 2262 1765 2312 questa
1781 2269 1894 2300 eon—

256 2328 511 2394 stitutione.
536 2332 593 2374 Et
614 2332 893 2388 simpliciter,
917 2332 954 2376 si
976 2331 1205 2390 vogliamo
1231 2333 1533 2386 considerare,
1558 2348 1650 2376 non
1673 2332 1710 2375 si
1732 2331 1893 2389 prohi-

257 2405 381 2452 bisce
402 2408 521 2452 nella
541 2408 826 2466 Compagnia
847 2410 961 2453 altra
982 2409 1276 2466 obligatione,
1295 2411 1384 2456 che
1400 2411 1551 2467 quella
1571 2411 1659 2454 che
1681 2410 1705 2454 ὲ
1722 2408 1893 2454 riferita

257 2483 344 2529 alle
365 2497 471 2529 cose
493 2485 742 2542 temporali,
768 2490 817 2528 ut
833 2487 912 2528 lzoc
922 2491 1012 2542 pro
1032 2487 1109 2530 illo
1122 2486 1143 2514 ¹³
1163 2486 1201 2530 si
1224 2487 1353 2541 sacci,
1378 2502 1406 2531 o
1427 2487 1466 2531 si
1487 2487 1642 2540 acetti,
1661 2501 1689 2530 o
1711 2485 1840 2543 pigli‚
1864 2500 1892 2529 o

256 2559 296 2604 si
316 2561 547 2615 domandi;
572 2576 621 2606 se
641 2577 733 2605 non
761 2563 1028 2618 simpliciter
1055 2577 1134 2620 per
1160 2562 1190 2606 1'
1211 2563 1350 2608 amor'
1377 2565 1434 2608 de
1461 2563 1565 2608 Dio.
1596 2564 1632 2606 Il
1653 2564 1752 2606 loco
1773 2562 1892 2606 della

206 2623 208 2625 V
257 2636 378 2681 bolla
407 2639 434 2682 e
466 2646 658 2694 questo:
699 2640 860 2683 Gratis
895 2641 1080 2683 omnino
1114 2643 1156 2683 et
1189 2641 1314 2684 nullo
1337 2646 1427 2697 pro
1457 2655 1538 2684 suo
1570 2641 1619 2683 in
1642 2639 1894 2696 praedictis

249 2714 461 2758 omnibus
489 2715 661 2771 labore,
692 2716 914 2772 stipendio
945 2719 1131 2772 acceptO,
1159 2729 1206 2760 se
1241 2717 1396 2760 utilem
1428 2717 1633 2760 exhibeat
1641 2750 1653 2769 ,
1688 2722 1777 2760 etc.
1803 2716 1893 2761 Nel

250 2789 396 2846 primo
424 2790 619 2848 capitolo
646 2794 720 2837 del
747 2807 954 2837 essamen
981 2792 1020 2838 si
1048 2792 1148 2837 dice
1169 2808 1179 2837 ε
1208 2810 1226 2834 α
1247 2793 1307 2839 Ni
1335 2801 1544 2851 tampoco
1571 2807 1653 2850 por
1679 2792 1840 2837 missas
1860 2797 1890 2837 ὀ

317 2929 338 2952 ⁸
381 2923 558 2972 Archet.,
575 2926 819 2974 alguna.-b
851 2926 1037 2975 Sequitur
1047 2926 1129 2975 fiat
1146 2927 1411 2965 obliteratum.

245 3045 341 3083 illud
359 3053 513 3096 tempus
531 3048 705 3085 additum
723 3050 859 3095 fuisse,
878 3049 1128 3086 confirmatur
1145 3061 1195 3086 ex
1211 3050 1273 3094 iis,
1292 3063 1392 3099 quae
1416 3052 1463 3087 P.
1488 3050 1537 3087 de
1555 3051 1592 3087 la
1609 3051 1731 3087 Torre
1746 3050 1787 3086 in
1804 3049 1891 3086 edi-

247 3105 355 3142 tione
372 3107 696 3144 constitutionum
715 3121 838 3156 nuper
861 3110 1045 3155 allegata,
1061 3120 1157 3156 pag.
1183 3108 1264 3158 135,
1280 3110 1420 3147 annot.
1443 3111 1513 3156 (a),
1532 3108 1684 3146 scribit.
