2228 3548
390 272 461 308 424
907 260 1046 295 EPIST.
1073 257 1118 293 P.
1146 257 1182 292 N
1184 254 1415 302 Anu-473

339 365 409 408 eol
430 362 675 407 medesimo
698 360 894 418 Ignatio,
919 366 966 403 et
987 360 1031 403 la
1060 361 1159 403 fece
1187 359 1283 403 fare
1311 357 1576 403 authentica
1602 372 1682 414 per
1711 355 1739 400 1’
1768 355 1975 400 auditore

338 441 454 483 della
477 453 672 491 camera,
698 438 772 482 nel
794 436 944 481 officio
973 437 1032 481 de
1063 438 1179 480 Mro.
1204 431 1391 479 Andrea
1411 433 1621 488 Gerardi,
1645 435 1734 478 che
1755 432 1827 477 all'
1860 434 1973 476 hora

335 524 466 560 staua
487 515 533 558 in
555 515 749 571 collegio
770 512 1048 571 germanico,
1073 512 1105 555 il
1127 512 1274 568 quale,
1295 511 1520 554 fidandosi
1535 511 1652 556 della
1668 509 1966 567 Compagnia,

336 593 441 637 dete
462 598 625 647 questo
648 597 830 647 sumpto
851 589 1101 642 autentico,
1126 603 1263 632 senza
1284 589 1371 631 che
1387 587 1419 630 li
1434 587 1593 632 restasi
1609 587 1752 645 copia;
1771 587 1967 644 impero-

334 669 420 712 che
444 667 719 712 hauendomi
741 668 799 711 da
821 667 987 724 partire
1009 666 1055 710 io
1077 665 1124 709 in
1145 680 1293 723 presa,
1319 679 1410 708 non
1432 663 1467 708 s'
1490 665 1670 709 haueua
1692 673 1851 722 potuto
1874 665 1968 708 sare

334 745 411 788 vn’
434 746 546 788 altra
567 744 698 801 copia
718 758 799 801 per
821 744 851 787 il
874 743 1106 800 protocolo
1127 743 1202 787 del
1224 741 1415 795 notario,
1435 756 1508 785 ma
1522 741 1553 784 li
1571 742 1619 785 fu
1636 756 1866 799 promesso
1882 742 1969 785 che

336 837 386 866 se
407 837 464 866 ne
486 822 672 866 farebbe
693 821 826 878 eopia
847 829 893 865 et
915 836 963 865 se
984 821 1016 864 li
1043 820 1258 866 darebbe.
1284 820 1388 864 Non
1410 833 1460 862 so
1483 822 1634 862 tamen
1654 834 1681 862 a
1707 819 1783 863 chi
1809 819 1970 864 restasi

336 900 379 942 la
415 913 524 942 cura
560 900 616 944 de
654 899 767 942 farla
803 899 914 951 fare,
955 913 1030 941 ma
1067 898 1091 942 ὲ
1124 898 1214 941 ben
1250 896 1492 942 verisimile
1524 897 1612 941 che
1642 897 1901 940 restarebbe
1928 897 1972 940 al

338 978 391 1019 P.
419 978 533 1020 Mro.
563 977 762 1020 Polaneo
784 991 811 1020 ο
833 977 876 1020 31
899 977 951 1020 Ρ.
987 976 1250 1028 Petrarcha,
1276 981 1321 1018 et
1344 976 1464 1019 forse
1485 975 1573 1018 che
1594 989 1645 1019 se
1665 988 1858 1017 saranno
1878 973 1972 1017 dati

334 1069 362 1096 a
390 1053 573 1110 copiare
602 1053 676 1097 vn’
705 1054 818 1098 altra
846 1054 969 1097 volta
998 1053 1039 1096 al
1068 1052 1314 1097 medesimo
1335 1051 1513 1109 Ignatio
1535 1051 1686 1104 Nieto,
1711 1065 1739 1094 ο
1769 1065 1879 1095 uero
1913 1051 1971 1096 de

336 1130 531 1183 Gandia,
561 1131 727 1187 perche
749 1131 865 1174 altro
887 1131 1141 1188 spagnuolo
1163 1144 1255 1173 non
1277 1129 1338 1172 mi
1361 1129 1538 1179 ricordo
1570 1129 1659 1172 che
1688 1127 1776 1171 fusi
1803 1127 1850 1171 in
1877 1128 1971 1171 col-

336 1207 458 1265 legio
480 1207 551 1251 all’
577 1209 705 1261 hora,
731 1222 871 1252 senon
896 1207 1119 1264 Trugillo,
1145 1214 1190 1252 et
1212 1213 1342 1250 staua
1363 1207 1577 1262 alquanto
1598 1205 1863 1262 indisposto.
1885 1205 1970 1250 Sa·

337 1286 478 1329 rebbe
502 1286 621 1329 forse
644 1284 775 1330 facile
797 1299 955 1341 sapere
976 1284 1053 1328 chi
1076 1285 1191 1337 fuse,
1217 1284 1441 1328 cercando
1463 1282 1491 1325 il
1515 1283 1747 1339 protocolo
1769 1283 1844 1325 nel
1869 1277 1971 1325 offi-

337 1361 408 1405 cio
430 1362 486 1406 de
509 1362 694 1407 Andrea
715 1362 908 1406 Gerardi
929 1361 975 1405 di
996 1362 1102 1418 quel
1123 1370 1291 1417 tempo,
1315 1362 1403 1405 che
1429 1375 1507 1404 era
1527 1360 1559 1403 11
1580 1360 1671 1404 fine
1692 1359 1765 1403 del
1793 1360 1904 1414 1560
1925 1367 1972 1404 et

337 1439 517 1482 intraua
545 1438 576 1480 11
609 1439 736 1493 1561,
768 1446 813 1483 et
843 1439 1049 1484 vedendo
1076 1439 1118 1482 la
1145 1439 1307 1483 lettera
1335 1438 1391 1481 de
1418 1436 1494 1481 chi
1522 1437 1600 1481 sia.
1639 1437 1771 1481 Altro
1798 1451 1891 1495 non
1918 1451 1972 1480 so

335 1516 448 1571 dire,
474 1520 524 1561 se
546 1531 637 1560 non
659 1517 747 1561 che
768 1523 789 1543 a
815 1515 846 1558 il
874 1524 1056 1572 sumpto
1078 1516 1308 1559 autentico
1331 1514 1404 1559 eh’
1426 1515 1469 1558 io
1491 1516 1688 1568 haueua,
1712 1513 1866 1558 laseiai
1888 1528 1974 1557 con

337 1593 491 1637 alcuni
511 1594 569 1638 de
590 1594 611 1621 b
640 1593 744 1636 miei
766 1593 911 1636 scritti
934 1594 976 1635 al
999 1595 1051 1637 P.
1078 1593 1347 1638 Domenech
1369 1592 1417 1636 in
1433 1594 1683 1649 Zaragoza,
1704 1591 1885 1647 quando
1902 1590 1975 1634 in-

337 1679 466 1714 traua
487 1670 531 1714 io
553 1671 599 1713 in
621 1672 656 1714 F
660 1685 809 1723 ranza,
836 1669 864 1712 l’
888 1670 1044 1727 Aprile
1066 1671 1140 1715 del
1169 1671 1292 1725 1562.
1317 1671 1374 1714 Et
1395 1669 1459 1712 lui
1476 1683 1548 1713 me
1566 1684 1623 1714 ne
1645 1669 1811 1712 mandi>
1829 1669 1886 1711 da
1903 1667 1973 1713 Si·

335 1747 439 1791 cilia
461 1754 479 1775 ⁰
508 1748 538 1790 li
561 1747 662 1790 altri
683 1747 846 1802 scritti,
871 1747 1150 1793 ritenendosi
1171 1748 1277 1803 quel
1298 1754 1494 1804 sumpto.
1517 1748 1605 1790 Per
1620 1752 1780 1802 questa
1798 1759 1888 1788 non
1906 1746 1973 1788 31-

338 1832 421 1868 tro.
454 1825 685 1868 Dominus
722 1825 781 1867 sit
817 1825 1067 1868 nobiscum.
1093 1882 1096 1886 .
1122 1825 1220 1869 Ora
1251 1830 1340 1881 pro
1376 1838 1460 1877 me,
1498 1826 1658 1867 Pater.
1699 1823 1819 1868 Nelli
1855 1822 1972 1866 santi

336 1901 546 1945 sacrificii
567 1909 612 1946 et
634 1900 826 1945 orationi
848 1902 952 1946 delli
975 1903 1075 1947 Rdi.
1103 1903 1240 1946 Padri
1262 1901 1505 1955 assistenti,
1530 1902 1603 1945 del
1626 1903 1679 1945 Ρ.
1707 1901 1905 1944 Polanco
1927 1907 1973 1943 et

338 1981 392 2022 P.
419 1978 596 2023 Madrid
614 1979 753 2022 molto
770 1979 811 2021 ci
835 1979 1240 2023 raceomandiamo.
1262 1981 1333 2023 Da
1349 1978 1557 2031 Colonia,
1578 1977 1652 2021 alli
1669 1990 1726 2032 24
1742 1978 1799 2021 de
1817 1979 1972 2021 Marzo

345 2056 472 2111 1567.
498 2057 587 2100 Las
609 2054 629 2082 <³
656 2069 788 2099 cosas
810 2056 936 2100 deste
958 2057 1152 2114 collegio
1173 2072 1262 2101 van
1283 2056 1404 2101 bien:
1430 2057 1594 2100 hazese
1615 2056 1784 2098 mucho
1807 2055 1970 2097 fructo.

339 2135 397 2177 D.
427 2135 479 2177 Ρ.
507 2134 560 2177 V.
587 2146 722 2176 seruo
745 2148 803 2177 en
825 2133 927 2187 X.⁰‚

1425 2217 1454 2275 †
1487 2218 1674 2261 NADAL.
1709 2215 1738 2273 †

430 2366 674 2422 Inscriptio
695 2367 747 2409 in
769 2370 933 2422 quarta
950 2369 1154 2425 pagina:
1175 2368 1309 2426 Jhus.
1337 2366 1397 2410 Al
1424 2366 1563 2409 molto
1591 2366 1706 2408 Rdo.
1745 2366 1797 2408 P.
1834 2365 1891 2408 N.
1926 2363 1974 2406 in

342 2442 547 2498 Christo,
561 2443 591 2486 il
609 2445 646 2487 Ρ
653 2478 662 2487 .
683 2445 718 2487 F
721 2458 937 2487 raneesco
955 2446 1011 2489 de
1030 2445 1213 2502 Borgia,
1227 2443 1454 2501 preposito
1471 2443 1684 2500 generale
1696 2442 1815 2486 della
1832 2442 1974 2485 Com-

340 2519 509 2576 pagnia
544 2521 601 2565 de
622 2522 749 2578 Jesu,
789 2527 875 2564 ete.
916 2523 1069 2565 Roma.
1110 2523 1217 2565 Alia
1249 2535 1408 2564 manu:
1434 2535 1478 2577 p.
1525 2534 1566 2563 e.
1606 2534 1665 2563 m.
1702 2518 1732 2576 ·1·
1763 2517 1967 2562 Colonia.

345 2598 396 2640 P.
424 2597 600 2641 Natale.
628 2609 684 2652 24
705 2597 751 2640 di
773 2599 926 2642 Marzo
955 2600 1079 2654 1567.
1107 2600 1161 2643 C.
1197 2599 1447 2656 Vestigium
1470 2597 1633 2655 sigilli.
1839 2580 1842 2582 Ὺ

416 2740 437 2760 a
476 2732 660 2780 Sequitur
683 2733 725 2769 la
742 2732 991 2770 obliteratum
1009 2747 1030 2770 a
1048 2735 1136 2770 libr.
1148 2735 1207 2762 -b
1222 2733 1481 2770 Emendatum
1499 2745 1520 2769 a
1543 2733 1594 2768 N.
1612 2744 1661 2767 ex
1678 2743 1750 2768 con
1768 2731 1810 2767 la
1828 2731 1975 2767 balissa

342 2792 480 2827 de.—C
500 2793 684 2840 Sequitur
707 2793 749 2828 la
773 2793 1015 2830 balissacon
1034 2794 1370 2831 obliteratum-<1
1391 2794 1475 2830 Hoc
1499 2794 1613 2829 verb.
1643 2797 1683 2829 et
1708 2804 1820 2840 seqq.
1852 2802 1976 2839 usque

341 2850 394 2885 ad
410 2851 527 2887 finem
546 2857 637 2888 sunt
655 2853 894 2899 autographa
913 2854 961 2889 N.
