2228 3548
874 298 922 326 20
946 290 1179 326 FEBRUARn
1206 290 1297 335 1567
1754 260 1758 267 Ι
1791 291 1860 338 385

266 390 478 435 meniche
504 398 551 435 et
572 391 702 445 feste,
726 393 813 437 alle
840 391 962 448 quali
988 405 1202 449 vengono
1227 391 1259 435 11
1288 392 1496 437 scholari.
1528 395 1576 437 Io
1604 395 1663 437 ho
1693 395 1802 437 dato
1831 409 1907 438 or-

270 467 377 512 dine
397 483 424 512 a
445 470 561 513 Mro.
595 470 840 514 Lamberto
862 471 872 491 ¹
901 470 987 513 che
1023 468 1148 513 tratti
1174 470 1293 514 della
1325 470 1619 515 translatione
1649 485 1735 515 con
1768 486 1907 536 mon-

271 544 428 602 signor
449 546 490 588 al
511 560 596 589 suo
624 553 774 603 tempo
801 554 847 590 et
877 561 964 591 con
995 547 1283 600 commodita,
1318 548 1482 603 perche
1519 549 1671 604 quello
1705 548 1906 592 tornaria

271 622 351 679 piu
372 622 481 667 utile
502 623 588 666 alla
610 623 908 681 Compagnia,
933 623 963 667 il
985 626 1070 669 che
1094 625 1341 679 facendosi,
1361 625 1420 669 da
1434 639 1555 678 casa,
1576 639 1708 682 sopra
1730 626 1773 669 la
1789 633 1906 669 stra-

269 700 403 754 della,
428 699 466 744 si
487 702 738 757 puotrebbe
761 702 854 745 fare
877 717 936 745 vn
966 701 1152 746 transito
1173 702 1260 746 alla
1280 702 1449 757 chiesa,
1473 710 1519 746 et
1540 717 1631 746 non
1659 703 1850 747 sarebbe
1871 703 1903 746 l’

268 775 594 822 incommodita
615 779 700 822 che
721 779 745 822 ὲ
767 778 842 822 3111
864 778 1005 822 nostri
1025 779 1070 822 d'
1095 780 1264 823 hauere
1286 793 1312 822 a
1335 778 1470 822 uscir'
1494 780 1551 824 de
1586 794 1692 823 casa
1718 795 1799 836 per
1821 794 1906 823 an-

267 854 364 898 dar'
388 854 476 898 alla
498 854 666 908 chiesa,
691 862 779 899 ete.
806 857 922 900 Mro.
954 855 1155 900 Henrico
1183 857 1312 899 Koch
1330 857 1364 909 ³,
1394 857 1756 911 buscoducense,
1789 860 1850 900 m'
1880 858 1904 902 ὲ

266 945 399 988 parso
420 945 506 975 con
528 932 761 988 conseglio
782 923 829 976 et
851 947 1009 990 parere
1036 933 1093 977 de
1121 933 1270 989 questi
1298 933 1451 986 Padri,
1481 935 1715 977 mandarlo
1743 949 1770 978 a
1798 949 1904 979 casa

267 1022 364 1051 sua:
390 1009 554 1066 perche
576 1009 697 1066 dipoi
719 1011 803 1054 che
831 1024 979 1055 venne
999 1010 1058 1054 da
1080 1011 1238 1063 Roma,
1264 1024 1356 1053 non
1377 1012 1436 1054 ha
1463 1018 1726 1055 contentato
1755 1011 1802 1055 in
1831 1011 1905 1055 ni-

267 1100 383 1129 suna
403 1092 547 1142 parte,
571 1094 617 1130 et
639 1087 663 1131 ὲ
684 1087 893 1142 infermo,
918 1089 1003 1131 che
1026 1101 1117 1130 non
1149 1089 1241 1144 puo
1274 1087 1547 1145 trauagliare
1579 1088 1708 1144 quasi
1739 1089 1904 1134 nisuna

268 1176 391 1217 cosa,
415 1169 461 1207 et
487 1171 558 1207 sta
585 1163 790 1220 inquieto
819 1163 1118 1209 desiderando
1149 1164 1327 1220 liberta,
1357 1172 1404 1210 et
1440 1164 1788 1209 dimandandola
1816 1180 1903 1210 con

270 1254 385 1296 gran
406 1239 624 1285 instanza.
646 1241 694 1284 Io
716 1243 775 1284 ho
796 1248 987 1298 pensato
1008 1243 1109 1296 che,
1135 1241 1270 1286 etiarn
1291 1256 1384 1285 non
1405 1239 1743 1300 diman[dan]do
1763 1242 1827 1286 lui
1860 1244 1903 1287 13

268 1316 457 1370 licenza,
480 1317 524 1360 lo
546 1317 833 1362 doueresimo
855 1319 1058 1362 mandar'
1082 1334 1107 1362 a
1129 1333 1248 1363 casa.
1275 1318 1414 1363 Insin’
1439 1319 1602 1362 adesso
1626 1334 1719 1363 non
1740 1321 1800 1363 ho
1823 1321 1904 1364 de-

268 1393 508 1438 terminato
535 1395 645 1439 seli
677 1394 901 1452 scioglero
932 1395 962 1438 li
987 1396 1095 1440 uoti:
1133 1396 1241 1453 ogni
1273 1397 1424 1449 modo,
1460 1398 1591 1441 uerra
1624 1412 1650 1440 a
1689 1397 1897 1449 Colonia,

266 1472 385 1516 doue
404 1471 466 1515 mi
486 1471 805 1526 determinato,
830 1480 876 1516 et
903 1472 1103 1518 scriuero
1132 1475 1218 1517 alla
1248 1476 1300 1517 P.
1332 1475 1390 1518 V.
1423 1474 1458 1517 Il
1487 1475 1540 1517 P.
1576 1473 1744 1527 Pietro,
1775 1475 1899 1518 colo-

264 1548 420 1593 niense
436 1549 470 1602 ³,
494 1564 586 1593 non
609 1544 760 1605 quello
781 1550 837 1594 de
862 1550 1116 1594 Brunsuich
1137 1551 1170 1604 ⁴,
1197 1550 1255 1594 mi
1277 1565 1408 1607 parse
1430 1565 1456 1594 a
1478 1565 1551 1596 me
1572 1551 1602 1593 l’
1621 1551 1735 1594 altra
1754 1552 1894 1604 uolta,

264 1627 487 1683 passando
508 1640 588 1683 per
609 1626 654 1670 di
677 1641 782 1683 qua,
816 1629 902 1672 che
933 1629 1112 1673 doueua
1145 1630 1282 1673 esser’
1317 1628 1531 1673 mandato
1561 1643 1588 1672 a
1620 1630 1781 1681 Roma,
1819 1643 1900 1685 per

263 1705 433 1759 passar’
453 1703 609 1747 auanti
631 1705 749 1749 nelle
769 1705 946 1759 lettere,
971 1705 1165 1750 essendo
1186 1719 1380 1761 persona
1401 1706 1457 1750 de
1478 1720 1712 1763 speranza.
1739 1707 1842 1750 Non
1866 1707 1894 1748 l'

264 1781 416 1824 hanno
437 1782 552 1825 fatto
574 1781 677 1825 mai:
704 1783 763 1826 ha
784 1782 950 1826 sentito
973 1781 1050 1838 qui
1073 1781 1319 1839 theologia,
1343 1782 1462 1828 doue
1482 1782 1514 1826 li
1535 1782 1674 1826 studii
1698 1782 1743 1825 di
1766 1784 1895 1839 quel-

264 1858 308 1901 la
329 1872 441 1901 sono
462 1858 629 1911 deboli,
654 1867 700 1902 et
716 1874 807 1903 non
825 1859 863 1902 si
880 1861 970 1916 puo
994 1859 1106 1903 fidar
1127 1859 1173 1903 di
1194 1858 1258 1902 lui
1274 1858 1321 1902 in
1337 1859 1551 1916 prediche
1574 1860 1618 1903 d’
1645 1859 1895 1916 importan-

265 1949 334 1978 za:
359 1937 419 1978 ho
441 1942 628 1991 pensato
650 1935 695 1978 di
718 1936 949 1980 mandarlo
972 1950 1051 1993 per
1074 1951 1134 1979 un
1157 1950 1278 1980 anno
1298 1949 1326 1979 o
1342 1935 1432 1989 doi,
1452 1951 1545 1980 non
1562 1951 1588 1980 a
1605 1937 1764 1989 Roma,
1790 1951 1894 1992 per-

262 2011 346 2056 che
367 2026 459 2055 non
481 2011 543 2055 mi
564 2013 743 2056 confido
765 2014 849 2056 che
865 2012 953 2056 stia
969 2014 1085 2056 bene
1106 2013 1164 2066 13,
1184 2027 1258 2056 ma
1278 2027 1304 2056 a
1326 2013 1497 2070 Parigi,
1518 2014 1574 2056 ad
1591 2012 1776 2057 aiutarsi
1794 2014 1892 2058 nel—

259 2088 290 2131 li
322 2088 460 2132 studii
486 2089 543 2133 de
573 2089 817 2146 theologia,
850 2089 1014 2146 perche
1045 2089 1108 2132 lui
1139 2089 1307 2133 hauera
1338 2104 1420 2147 per
1448 2090 1715 2147 prouedersi
1753 2091 1811 2142 13,
1847 2098 1893 2134 et

256 2170 408 2208 tamen
429 2166 473 2209 10
494 2165 632 2209 lascio
653 2180 758 2221 qua,
789 2181 869 2222 per
900 2167 1034 2210 alcun
1067 2173 1232 2222 tempo,
1269 2181 1350 2224 per
1380 2169 1526 2224 saper’
1562 2167 1704 2223 prima
1738 2167 1888 2222 quelle

255 2256 362 2286 cose
382 2243 440 2287 de
463 2242 666 2299 Pariggi.
692 2242 857 2303 Questi
882 2242 1017 2286 Padri
1038 2257 1144 2299 pare
1167 2243 1272 2287 fano
1297 2243 1528 2297 difficolta‚
1552 2244 1718 2300 perche
1750 2244 1890 2300 legge

256 2318 484 2371 hebraico,
509 2325 555 2362 et
576 2320 621 2362 fa
643 2319 683 2361 la
706 2318 903 2362 dottrina
923 2318 1183 2372 christiana,
1209 2327 1255 2363 et
1276 2324 1427 2364 tamen
1444 2335 1524 2377 per
1546 2327 1662 2364 tutte
1679 2321 1768 2364 due
1785 2334 1891 2365 cose

258 2397 299 2438 c’
323 2396 347 2439 ὲ
369 2394 629 2439 sufficienza
650 2409 754 2451 qua.
781 2396 878 2439 Che
901 2397 938 2438 s’
962 2395 1099 2438 habbi
1121 2396 1165 2438 d'
1192 2397 1409 2441 offender’
1429 2398 1458 2440 l’
1483 2397 1776 2442 arciuescouo
1798 2411 1890 2440 non

333 2569 344 2590 ¹
395 2567 515 2609 Auer,
535 2572 662 2603 rector
679 2566 854 2614 collegii.

326 2629 340 2649 ²
390 2627 436 2662 In
453 2627 631 2663 examine
650 2626 733 2674 ipse
752 2627 907 2674 scripsit
924 2628 1055 2664 Hoch.
1079 2625 1145 2664 Cf.
1168 2627 1298 2675 Epist.
1318 2627 1475 2675 NataL,
1493 2629 1544 2672 11,
1564 2637 1646 2674 555.

326 2687 340 2706 ³
389 2686 528 2722 Petrus
546 2686 760 2732 Michaelis,
779 2686 828 2722 de
844 2698 921 2734 quo
938 2686 1122 2734 frequens
1141 2686 1186 2722 fit
1209 2687 1354 2724 mentio
1371 2688 1474 2736 apud
1491 2689 1685 2734 HANSEN,
1709 2689 1786 2724 100.
1810 2689 1882 2725 cit.

252 2744 298 2780 In
313 2746 491 2791 catalogo
510 2745 732 2792 provinciae
749 2746 875 2782 Rheni
893 2746 984 2782 anni
1007 2745 1097 2790 1566
1121 2746 1217 2782 haec
1234 2745 1284 2782 de
1308 2746 1374 2783 illo
1399 2747 1624 2794 Moguntiae
1648 2759 1887 2784 commoran-

248 2807 302 2838 te:
324 2803 486 2839 «Petrus
502 2804 753 2851 coloniensis,
772 2805 967 2852 professor
991 2804 1198 2841 hebraicae
1216 2805 1388 2853 linguae,
1407 2811 1448 2842 et
1465 2806 1617 2843 auditor
1641 2806 1879 2853 theologiae.

247 2862 492 2898 Diaconus.»
511 2863 556 2898 In
574 2862 712 2899 eodem
729 2866 907 2910 catalogo
925 2864 1017 2900 anni
1043 2863 1150 2908 1568.
1175 2865 1272 2901 haec
1294 2864 1344 2901 de
1369 2865 1454 2912 ipso
1477 2866 1684 2901 habentur:
1711 2866 1783 2902 «P.
1813 2866 1883 2902 Pe-

246 2925 330 2956 trus
349 2920 563 2966 Michaelis,
582 2921 740 2958 Parisiis
758 2922 874 2959 rediit
898 2923 1128 2959 Lovanium:
1149 2923 1189 2959 in
1213 2923 1298 2960 dies
1323 2930 1552 2972 expectatur
1574 2930 1618 2961 vt
1641 2925 1882 2971 Moguntiam

248 2978 395 3023 veniat,
415 2978 546 3027 ibique
566 2981 786 3027 theologiae
806 2982 982 3018 studebit
1002 2987 1042 3017 et
1059 2982 1399 3020 concionabitur.»

321 3039 337 3060 ⁴
385 3038 525 3074 Petrus
548 3039 692 3086 Haupt,
712 3040 779 3087 qui
805 3041 1063 3077 Brunsvicum
1088 3041 1230 3077 missus
1248 3041 1391 3079 fuerat.
1416 3042 1517 3079 Vide
1542 3043 1662 3090 epist.
1683 3043 1766 3091 456,
1786 3055 1825 3080 n.
1844 3052 1880 3090 7;

252 3103 295 3132 et
310 3096 479 3144 append.
499 3097 667 3133 XXVIII
678 3123 690 3135 .

395 3160 509 3190 Emer.
529 3162 569 3190 Ρ.
592 3162 725 3197 ΝΔυΑι,
746 3171 825 3192 rou.
848 3163 908 3194 111.
1666 3168 1703 3197 25
