2228 3548
962 300 985 338 8
1009 301 1111 346 MAJt
1139 300 1232 348 1567
1797 310 1863 348 471

281 415 382 447 sare
403 415 492 446 con
513 403 563 448 S.
588 402 725 457 Sria.,
750 404 813 447 ho
835 410 998 460 saputo
1021 404 1112 460 che
1132 418 1210 448 era
1231 402 1400 447 andato
1423 418 1450 448 a
1477 402 1666 460 Pariggi
1695 404 1786 447 co’l
1814 417 1915 447 car-

279 478 429 523 dinale
449 478 495 522 di
516 480 693 524 Lorena
719 482 744 525 ¹.
768 481 827 524 Et
849 479 945 524 cosi
968 480 993 524 ὲ
1014 479 1046 523 11
1067 479 1261 538 disegno
1282 486 1439 524 nostro
1455 481 1542 525 che
1565 481 1679 524 Mro.
1705 479 1915 525 Oliuenio

281 555 405 602 tratti
441 556 528 600 co’l
563 572 763 602 vescouo
795 559 884 603 che
919 556 1098 615 prepari
1126 571 1207 614 per
1233 557 1278 601 la
1298 556 1566 602 fundatione
1603 557 1915 602 liberalmente

280 635 432 691 quello
454 635 542 679 che
562 637 589 678 a'
610 636 668 678 da
689 634 842 689 esser’,
866 642 913 679 et
934 635 1024 678 che
1054 633 1161 679 tutti
1181 634 1257 678 doi
1277 634 1336 678 da
1358 633 1546 691 Pariggi
1570 634 1868 679 ritornaremo
1889 648 1916 678 a

280 712 517 767 Verduno,
543 726 673 758 come
693 727 825 770 spero
847 713 944 757 faro
965 726 1052 756 con
1072 712 1117 756 13
1143 711 1291 770 gratia
1312 712 1385 755 del
1407 711 1622 769 Signore.

369 800 412 845 5.
477 789 540 835 Mi
562 804 750 834 occorre
770 804 952 845 ancora,
979 790 1143 843 Padre‚
1169 789 1430 834 consultare
1450 789 1493 833 la
1515 790 1567 833 P.
1591 790 1649 832 V.
1676 789 1767 832 due
1789 803 1816 833 o
1844 795 1913 834 tre

278 881 388 911 cose
409 882 490 924 per
511 874 672 923 questa
691 866 942 925 prouincia.
969 868 1017 911 Io
1039 868 1102 910 ho
1122 867 1250 912 detto
1271 857 1391 912 n'elle
1412 866 1501 910 due
1523 866 1636 910 altre
1653 865 1698 909 di
1719 866 1914 910 Germa-

276 943 352 988 nia
373 951 419 988 et
440 944 629 988 Austria
651 945 740 990 che
760 945 804 988 13
824 958 979 988 mezza
998 945 1111 987 hora
1131 944 1221 989 che
1242 944 1486 987 haueuano
1504 943 1550 986 di
1570 942 1776 988 oratione
1792 943 1915 1000 dopo

276 1035 390 1066 cena
410 1021 454 1065 la
474 1021 731 1066 diuidesero
756 1021 804 1065 in
825 1021 900 1065 doi
927 1019 1093 1077 quarti,
1116 1019 1146 1063 l'
1168 1034 1262 1063 uno
1284 1019 1440 1063 auanti
1462 1034 1593 1073 cena,
1619 1018 1648 1063 l'
1683 1020 1798 1064 altro
1825 1019 1914 1063 fusi

277 1098 650 1156 principalmente
670 1112 751 1156 per
778 1112 952 1144 essame
973 1097 1158 1154 quando
1178 1111 1331 1140 vanno
1354 1097 1396 1141 31
1417 1096 1545 1140 letto.
1573 1097 1637 1141 La
1660 1111 1796 1141 causa
1817 1110 1911 1151 era,

277 1177 365 1220 che
386 1177 446 1218 m’
471 1175 785 1219 informauano
807 1175 896 1219 che
916 1174 948 1218 li
976 1173 1139 1218 fratelli
1160 1188 1256 1218 non
1283 1187 1422 1218 erano
1450 1173 1642 1230 disposti
1678 1188 1758 1230 per
1786 1188 1914 1218 orare

278 1252 376 1297 cosi
413 1253 455 1296 al
491 1253 630 1310 longo
665 1253 787 1310 dopo
817 1266 947 1307 cena,
982 1258 1030 1296 et
1062 1250 1099 1295 s'
1127 1251 1530 1305 adormentauano‚
1563 1257 1609 1296 et
1640 1250 1678 1294 si
1714 1251 1914 1307 perdeua

278 1337 443 1388 tempo.
470 1331 528 1374 Et
549 1337 710 1386 questo
731 1331 794 1374 ho
814 1329 975 1374 scritto
995 1328 1039 1373 io
1061 1329 1148 1373 3113
1178 1330 1231 1372 Ρ.
1260 1329 1317 1372 V.
1354 1327 1461 1372 nelli
1483 1327 1632 1372 scritti
1655 1328 1772 1373 delle
1801 1329 1914 1371 altre

274 1407 524 1464 prouincie,
549 1406 869 1465 specialmente
889 1406 935 1450 di
963 1406 1113 1462 quella
1134 1405 1207 1450 del
1230 1406 1283 1450 P.
1308 1404 1509 1460 Canisio3
1534 1412 1581 1449 et
1602 1405 1645 1449 la
1675 1407 1728 1449 Ρ.
1762 1406 1818 1449 V.
1852 1406 1914 1448 ha

275 1483 480 1542 aprobati
503 1484 609 1528 tutti
631 1483 769 1541 quelli
791 1483 953 1528 ordini.
979 1483 1030 1527 In
1052 1481 1212 1539 duesta
1239 1483 1301 1526 ho
1330 1482 1488 1526 voluto
1521 1482 1615 1527 fare
1653 1482 1684 1525 il
1715 1482 1913 1527 medesi-

273 1575 363 1615 mo3
389 1576 463 1605 ma
486 1561 709 1606 trouando
730 1559 935 1619 giudicio
957 1559 1187 1604 contrario
1208 1559 1282 1605 del
1304 1560 1357 1604 P.
1383 1559 1589 1604 Antonio
1611 1560 1645 1614 ²,
1670 1564 1764 1603 non
1792 1558 1821 1602 l'
1846 1560 1908 1602 ho

273 1638 430 1683 voluto
451 1638 697 1695 essequire,
721 1637 901 1683 benche
923 1637 965 1681 al
988 1639 1041 1681 P.
1067 1637 1309 1682 Lamberto
1330 1637 1346 1658 ³
1370 1643 1416 1682 et
1439 1638 1493 1680 P.
1527 1637 1765 1682 Leonardo
1795 1636 1810 1657 ⁴
1838 1636 1903 1694 gli

273 1730 383 1772 pare
402 1716 535 1761 bene.
562 1717 652 1760 Vn'
675 1715 789 1760 altra
811 1729 922 1759 cosa
943 1716 1005 1758 ho
1033 1720 1228 1767 trouato,
1253 1713 1359 1770 qual
1379 1728 1472 1758 non
1494 1715 1554 1757 ho
1575 1713 1694 1757 visto
1715 1713 1762 1756 in
1790 1714 1906 1758 altro

274 1792 392 1847 loco,
416 1793 505 1838 che
525 1791 803 1837 alla-matina
823 1792 854 1835 li
877 1798 944 1836 tre
966 1790 1206 1847 quadranti
1227 1791 1316 1835 che
1338 1791 1492 1834 hanno
1514 1790 1571 1834 de
1595 1789 1803 1834 oratione
1833 1790 1906 1833 di·-

275 1869 460 1923 uidono,
481 1869 596 1922 cioe,
615 1868 744 1913 finita
759 1883 914 1914 mezza
929 1869 1056 1922 hora,
1071 1881 1245 1912 sonano
1260 1867 1303 1912 31
1318 1867 1411 1912 fine
1426 1867 1533 1911 dell’
1553 1866 1758 1912 oratione
1775 1880 1905 1911 men-

276 1947 380 2000 tale,
404 1953 450 1991 et
470 1946 692 2004 principio
712 1947 830 1991 della
851 1946 1024 1990 vocale.
1051 1945 1117 1989 La
1139 1945 1192 1988 P.
1218 1945 1276 1990 V.
1296 1943 1363 1989 sia
1379 1950 1595 1989 contenta
1611 1944 1658 1987 di
1679 1943 1909 1988 aduertire

272 2023 319 2067 di
340 2024 491 2081 quello
512 2025 597 2068 che
619 2023 654 2067 s'
675 2025 735 2067 ha
756 2038 783 2067 3
806 2023 915 2068 fare.

359 2102 402 2146 6.
468 2100 763 2145 Scriuendosi
784 2106 946 2156 questa
967 2099 1147 2152 lettera,
1165 2099 1192 2143 ἑ
1211 2105 1383 2144 venuto
1405 2099 1463 2143 da
1479 2097 1667 2154 Dilinga
1689 2100 1804 2142 Mro.
1831 2097 1907 2143 Si-

269 2192 420 2231 mone,
444 2177 675 2222 leodiense
704 2178 736 2230 ⁵,
767 2177 982 2221 mandato
1010 2175 1084 2220 dal
1113 2176 1167 2219 P.
1199 2176 1313 2219 Mro.
1346 2175 1549 2228 Canisio,
1587 2174 1786 2218 secondo
1819 2175 1907 2217 che

268 2254 333 2298 lui
355 2254 416 2297 mi
437 2253 555 2307 dice,
580 2269 661 2310 per
687 2259 813 2298 certe
834 2251 1142 2297 inobedientie
1162 2251 1208 2295 di
1229 2267 1319 2296 non
1341 2250 1515 2297 vuoler'
1543 2252 1639 2295 fare
1669 2257 1795 2295 certa
1823 2264 1902 2306 pe-

270 2330 460 2376 nitentia
481 2332 568 2376 che
588 2330 620 2373 li
640 2331 835 2374 dauano.
862 2331 976 2374 Mro.
1004 2328 1189 2373 Canisio
1210 2343 1289 2386 per
1315 2329 1477 2373 lettere
1498 2329 1556 2373 de
1586 2338 1639 2383 25
1669 2328 1716 2370 d’
1747 2326 1910 2384 Aprile

272 2422 366 2451 non
386 2407 448 2451 mi
469 2407 570 2452 dice
592 2407 706 2451 altro
728 2408 814 2450 che
835 2413 1014 2462 questo,
1041 2404 1154 2450 cioe:
1179 2405 1429 2462 Speramus
1447 2406 1505 2449 R.
1535 2406 1583 2448 T.
1605 2405 1709 2447 boui
1726 2404 1905 2446 cousul-

272 2489 440 2538 turam,
470 2484 586 2541 quod
623 2485 694 2527 uel
716 2484 856 2526 inuiti
892 2483 1129 2526 mittamus
1157 2482 1483 2526 charissimum
1507 2483 1719 2540 fratrem
1748 2481 1908 2538 magi-

271 2565 419 2605 strum
441 2562 687 2605 Simonem.
711 2561 911 2604 Causam
934 2559 1071 2602 huius
1087 2560 1322 2604 missionis
1344 2560 1438 2616 ipse
1450 2560 1659 2618 fortasse
1681 2557 1848 2610 reddet,
1866 2560 1909 2600 et

271 2653 354 2682 uos
388 2639 494 2682 aliis
524 2638 781 2694 poterimus
818 2637 1063 2693 explicare.
1103 2635 1271 2680 Maluit
1298 2637 1391 2693 ipse
1412 2636 1473 2679 ad
1499 2635 1559 2679 R.
1601 2635 1650 2677 T.
1683 2648 1821 2690 quam
1844 2633 1906 2677 ad

338 2757 347 2778 ¹
403 2757 566 2794 Carolus
584 2755 747 2793 Guisius
765 2755 830 2801 (de
849 2753 1006 2800 Guise).

333 2818 348 2838 2
398 2816 541 2863 Vinck‚
559 2817 753 2852 rhenanae
771 2813 998 2862 provinciae
1016 2812 1278 2861 praepositus.

334 2876 349 2896 ³
398 2875 520 2923 Auer,
539 2879 668 2911 rector
685 2873 958 2921 moguntinus.

333 2935 349 2956 ⁴
398 2935 554 2979 Kessel,
571 2939 701 2970 rector
717 2931 971 2970 coloniensis.

335 2994 350 3015 ⁵
399 2992 535 3028 Simon
552 2993 760 3029 Demesius
779 2991 963 3027 scribitur
981 2990 1022 3026 in
1045 2990 1223 3037 catalogo
1249 2989 1568 3027 scholasticorum
1594 2992 1685 3024 vota
1708 2997 1900 3023 renovan-

268 3051 365 3087 tium
381 3052 405 3087 6
423 3051 596 3098 Januarii
613 3063 714 3087 anno
735 3051 839 3096 1567.
858 3051 904 3087 In
922 3049 998 3086 alio
1015 3050 1208 3097 catalogo,
1225 3050 1289 3086 cui
1307 3049 1445 3085 titulus
1463 3047 1740 3095 Professiones
1757 3049 1794 3082 et
1811 3048 1904 3081 vota

268 3111 317 3146 ab
336 3122 444 3146 anno
460 3120 558 3156 1554
575 3111 630 3146 ad
646 3110 754 3156 1576,
775 3110 878 3147 idem
897 3110 1067 3146 Emrius
1085 3109 1285 3146 scribitur.
1314 3108 1415 3144 Vide
1438 3107 1555 3155 epist.
1579 3115 1664 3153 411,
1688 3118 1732 3142 n.
1764 3113 1796 3152 1,
1817 3109 1899 3140 etc.
