2228 3548
442 290 513 325 610
962 287 1100 322 EP1ST.
1129 285 1174 321 P.
1202 286 1474 333 NADAL—527

396 395 423 434 ό
446 398 624 434 enteras
647 392 673 431 ὁ
695 394 823 444 parte
845 388 901 430 de
930 386 1330 443 congregationes,
1362 387 1411 431 si'
1429 402 1490 431 no
1518 403 1705 445 paresce
1743 403 1832 446 que
1865 390 1935 433 105
1958 391 2042 434 dos

396 467 726 523 procuradores
749 479 797 508 se
821 464 956 520 elijan
977 478 1007 519 y
1029 463 1255 508 informen
1270 469 1358 520 per
1380 465 1572 508 litteras.
1602 466 1777 511 Harase
1805 466 1850 510 lo
1879 481 1967 523 que
1990 483 2040 512 se

398 544 536 599 podra
559 556 647 585 con
669 542 712 585 la
755 540 902 598 gratia
938 541 1012 585 del
1049 541 1210 586 Sefior.
1253 542 1296 585 A
1336 542 1394 586 V.
1423 543 1475 585 P.
1502 542 1544 586 le
1581 557 1659 586 sea
1695 545 2036 589 encomendada

396 622 585 675 Franca.
612 621 670 663 D.
698 620 755 663 V.
778 621 833 662 P.
858 632 993 663 seruo
1016 631 1072 661 en
1091 619 1195 671 X.⁰‚

1493 695 1522 754 †
1554 697 1736 741 NADAL.
1770 697 1800 755 †
1837 691 1839 693 ’

485 834 730 889 Inscriptio
753 834 802 876 in
841 837 1008 890 quarta
1031 834 1231 890 pagina:
1253 834 1386 891 jhus.
1421 834 1481 877 Al
1510 834 1650 876 molto
1675 834 1789 878 Rdo.
1818 836 1871 878 Ρ.
1906 836 1963 880 Ν.
1991 835 2038 879 in

394 911 582 955 Christo
604 910 634 953 il
660 913 711 954 Ρ.
737 911 773 954 F
777 924 994 954 rancesco
1011 910 1056 954 di
1075 910 1262 968 Borgia,
1284 909 1514 967 preposito
1531 910 1746 967 generale
1763 897 1882 956 (13113
1899 913 2039 957 Com-

395 989 563 1046 pagnia
581 987 626 1031 di
643 987 806 1042 Giesii,
826 995 913 1032 etc.
938 989 1099 1032 Roma.
1119 988 1228 1031 Alia
1245 1002 1405 1030 manu:
1422 988 1467 1031 b.
1495 987 1523 1045 †
1543 1003 1602 1031 m.
1624 1003 1668 1045 p.
1689 1003 1730 1032 e.
1758 990 1883 1032 Alia:
1905 991 2035 1045 1568.

396 1067 449 1110 C.
478 1065 647 1123 Parigi.
676 1068 726 1109 P.
754 1066 931 1110 Natale.
960 1078 1014 1109 22
1038 1065 1084 1108 di
1107 1064 1313 1122 Giugno.
1345 1066 1598 1122 Vestigium
1621 1067 1786 1123 sigilli.

1161 1195 1275 1236 522

844 1270 897 1312 Ρ.
932 1268 1346 1312 HIERONYMUS
1379 1269 1600 1311 NADAL

731 1344 980 1382 SANCTO
1020 1343 1373 1382 FRANCISCO
1400 1345 1476 1380 DE
1514 1343 1709 1391 BORJA

945 1417 1136 1454 PAmsus,
1163 1418 1208 1455 29
1233 1418 1340 1453 JUNu
1369 1409 1459 1454 1568
1487 1411 1514 1446 ¹.

400 1493 432 1519 Ι.
460 1484 509 1518 Ρ.
536 1484 642 1518 Pae'z
666 1484 780 1530 apud
802 1483 910 1518 viros
937 1482 1083 1517 nobiles
1106 1479 1284 1527 offendit
1310 1481 1355 1516 in
1378 1481 1563 1517 concione
1586 1481 1809 1518 Mediolani
1837 1483 2048 1520 habita.—

445 1552 480 1578 2.
502 1542 710 1578 Francisci
727 1543 775 1578 de
794 1542 967 1577 Fons-eea
986 1540 1134 1577 merita
1152 1552 1254 1588 erga
1273 1540 1525 1577 Societatem:
1544 1541 1677 1589 ignoti
1689 1542 1814 1578 amici
1821 1543 2046 1589 promissae

445 1602 680 1638 donationes
694 1604 771 1648 pro
789 1602 905 1637 domo
918 1600 1170 1648 probationis
1188 1601 1232 1636 in
1254 1598 1480 1636 Germania
1503 1600 1863 1648 instituenda.—3.
1892 1602 2047 1638 Maldo·

448 1664 591 1697 natum
614 1660 839 1696 Lovanium
857 1672 876 1696 e
894 1660 1061 1707 collegio
1079 1659 1302 1705 parisiensi
1320 1659 1591 1706 transfererri
1611 1662 1838 1706 procurant
1863 1661 2047 1698 ministri

444 1719 556 1767 regis
575 1719 829 1766 Hispaniae:
853 1718 897 1754 id
920 1718 1223 1764 impediendum
1247 1721 1374 1754 censet
1398 1717 1626 1754 Natalis.—
1639 1729 1679 1764 4.
1707 1719 1950 1766 inspectione
1967 1722 2043 1757 col-

446 1779 547 1827 legii
561 1779 802 1827 parisiensis
810 1778 903 1825 jam
922 1779 976 1813 ad
995 1778 1123 1825 finem
1149 1780 1351 1825 vergente,
1371 1779 1426 1813 ad
1449 1779 1527 1814 iter
1559 1778 1739 1815 Verduni
1761 1779 1824 1815 vel
1850 1780 2044 1828 Lugduni

447 1839 734 1884 arripiendum
751 1849 791 1874 se
810 1838 971 1873 Natalis
994 1837 1185 1885 accingit.

499 1930 535 1960 Ι.
595 1917 731 1975 Jhus.
758 1916 899 1960 Molto
922 1916 1036 1959 Rdo.
1064 1917 1117 1958 P.
1144 1916 1202 1959 N.
1228 1914 1276 1958 in
1297 1914 1383 1958 Χ.0
1408 1916 1504 1959 Pax
1527 1915 1715 1970 Christi,
1740 1923 1831 1960 etc.
1858 1918 1922 1961 La
1945 1926 2040 1963 set-

404 1995 573 2038 timana
595 2000 776 2050 passata
798 1992 926 2036 scrisi
948 1994 1034 2036 3113
1064 1994 1117 2036 P.
1144 1994 1222 2045 V.,
1247 1991 1513 2036 auisandola
1534 2007 1665 2037 come
1686 2007 1765 2036 ero
1787 1993 1988 2040 arriu'ato
2016 2011 2042 2040 a
2112 1991 2116 1994 ’
2172 1981 2174 1984 ’

405 2070 551 2128 quest'
574 2070 822 2115 vniuersitzi
846 2070 891 2112 di
915 2069 1102 2127 Pariggi
1127 2069 1201 2113 alli
1230 2080 1279 2124 15
1303 2069 1348 2112 di
1369 2076 1547 2125 questo.
1579 2071 1722 2124 Hora,
1754 2086 1803 2115 se
1835 2072 1923 2116 ben
1950 2088 2043 2117 non

405 2151 465 2192 ho
487 2150 650 2194 lettera
671 2148 790 2192 della
813 2150 866 2190 Ρ.
893 2149 950 2191 V.
976 2162 1001 2190 a
1029 2148 1116 2191 che
1144 2147 1280 2192 debbi
1309 2146 1579 2204 risponder’‚
1611 2148 1672 2191 mi
1699 2148 1724 2192 ὲ
1750 2163 1885 2206 parso
1912 2150 2044 2196 nien-

405 2226 633 2271 tedimeno
655 2223 860 2268 scriuerli
882 2225 972 2269 due
995 2239 1023 2267 o
1047 2232 1116 2267 tre
1138 2238 1243 2267 cose
1265 2224 1353 2268 che
1374 2225 1436 2266 m’
1460 2238 1727 2280 occorrono,
1752 2240 1888 2270 senza
1909 2226 2045 2271 indu-

405 2303 549 2360 giam,
578 2303 621 2345 13
648 2301 791 2359 prima
818 2301 876 2345 de
907 2301 1027 2356 quali
1055 2303 1235 2345 haueuo
1263 2308 1453 2357 pensato
1490 2301 1681 2346 scriuer'
1715 2302 1760 2345 di
1793 2305 2039 2359 Brussella;

407 2395 480 2423 ma
500 2395 581 2437 per
602 2380 646 2422 la
668 2380 785 2423 freta
806 2379 922 2421 dena
945 2377 1107 2434 partita
1130 2393 1221 2421 non
1242 2378 1397 2435 puotc,
1426 2385 1473 2422 et
1500 2380 1682 2435 quando
1713 2380 1842 2424 scrisi
1869 2381 1915 2424 di
1952 2396 2042 2437 qua

407 2456 720 2501 ultimamente
741 2454 803 2497 mi
825 2455 1016 2498 scordai.
1042 2456 1120 2498 Ho
1142 2455 1290 2498 inteso
1319 2454 1366 2497 in
1396 2456 1626 2500 Brussella
1653 2458 1739 2500 che
1765 2457 2039 2513 predicando

406 2534 436 2576 il
469 2535 522 2576 P.
557 2535 677 2577 Paez
704 2533 719 2553 ²
749 2546 775 2575 a
802 2531 950 2588 giomi
978 2531 1145 2587 passati
1175 2531 1223 2574 in
1255 2530 1424 2575 Milano
1457 2532 1590 2589 (doue
1620 2532 1808 2577 intendo
1843 2534 1868 2577 ὲ
1901 2535 2040 2578 molto

407 2617 558 2654 acetto
580 2611 622 2653 al
644 2610 762 2652 duca
783 2607 826 2651 d'
850 2609 1203 2664 Alburquerque
1225 2609 1257 2661 ³,
1278 2608 1384 2665 etc.)
1403 2608 1674 2665 riprendeua
1690 2609 1720 2652 il
1737 2611 1872 2654 modo
1889 2611 1935 2654 di
1957 2627 2040 2657 ne-

406 2686 554 2743 gotiar
575 2687 694 2731 della
715 2692 856 2738 corte,
884 2700 910 2728 o
933 2685 1051 2728 simil
1079 2699 1202 2738 cosa,
1227 2691 1272 2729 et
1301 2692 1371 2728 tra
1397 2686 1427 2727 1'
1460 2686 1572 2730 altre
1594 2685 1706 2731 dise:
1737 2688 1824 2732 «Se
1860 2689 2044 2734 vuolete

406 2765 578 2808 hauere
600 2762 736 2806 officii
758 2776 785 2805 o
806 2761 990 2814 carichi‚
1018 2776 1075 2805 no
1099 2777 1147 2807 es
1169 2768 1396 2806 menester
1424 2761 1524 2806 sino
1557 2770 1687 2807 vntar
1723 2764 1790 2808 135
1827 2779 1986 2809 manos
2020 2770 2046 2810 3

478 2906 486 2925 ¹
541 2907 598 2941 Ex
630 2905 858 2951 archetypo,
889 2915 911 2939 a
941 2903 1120 2950 Jimenez
1149 2909 1323 2946 exarato,
1354 2909 1395 2939 et
1421 2903 1571 2940 Natalis
1600 2917 1717 2942 manu
1743 2907 1978 2955 subscripto,
2006 2908 2045 2944 in

407 2964 538 3011 Epist.
564 2965 720 3006 Natal.,
740 2964 793 3009 11,
811 2962 957 3009 duplici
975 2962 1060 3008 fol.,
1079 2962 1150 2998 206
1168 2961 1267 3007 (322,
1287 2962 1387 3008 323).

472 3027 485 3045 ²
538 3025 722 3069 Jacobus,
743 3033 814 3058 seu
833 3021 1017 3058 Didacus.
1039 3023 1099 3057 De
1118 3033 1165 3057 eo
1183 3021 1339 3069 saepius
1357 3021 1506 3066 dictum
1523 3028 1585 3059 est
1602 3023 1642 3060 in
1660 3024 1790 3072 Epist.
1810 3025 1968 3073 NataL,
1987 3027 2039 3063 ΙΙ.

472 3083 485 3103 ³
537 3083 698 3119 Gabriel
717 3082 766 3118 de
785 3082 821 3118 la
838 3081 988 3127 Cueva,
1006 3082 1247 3126 gubernator
1264 3081 1577 3119 mediolanensis.
