2228 3548
939 268 964 304 6
988 268 1091 314 MAJI
1119 267 1210 315 1567
1771 269 1844 317 463

1013 387 1137 430 480

689 477 742 519 P.
778 474 1192 519 HIERONYMUS
1224 473 1444 518 NADAL

584 549 832 589 SANCTO
869 549 1223 588 FRANCISCO
1248 550 1325 586 DE
1363 549 1556 597 BORJA

657 624 886 653 AUGUSTAE
903 623 1192 659 mevmonuu,
1210 615 1234 651 6
1250 623 1343 659 uam
1363 615 1453 660 1567
1476 618 1502 652 ¹.

249 703 287 730 1.
315 693 499 743 Negotiis
519 694 805 741 herbipolensis
833 697 871 730 et
898 693 1092 741 spirensis
1119 693 1282 742 collegii
1310 694 1435 729 Patri
1465 694 1588 730 Vinck
1616 695 1892 741 demandatis,

298 754 461 790 Natalis
482 754 673 791 Leodium
687 753 1072 801 proficiscitur.—2.
1090 753 1153 790 De
1175 753 1452 790 concionatore
1464 754 1713 801 Antverpiae
1735 765 1891 792 conser-

294 815 428 850 vando
441 814 640 862 Borgiam
659 814 847 850 consulit.
858 833 900 840 —
905 823 938 860 3.
957 814 1022 850 An
1040 813 1314 862 significanda
1330 813 1382 848 sit
1391 813 1688 861 fundatoribus
1704 814 1891 863 collegio-

294 885 388 909 rum
417 874 594 919 libertas,
619 885 741 919 quam
770 872 883 909 habet
913 872 1089 908 Societas
1116 883 1164 908 ex
1191 872 1277 908 suis
1298 872 1660 918 constitutionibus,
1678 873 1890 911 deserendi

291 933 479 981 collegia,
497 944 598 980 quae
615 933 690 968 sibi
708 943 787 968 non
804 932 990 979 expedire
1004 931 1269 978 judicaverit.
1280 941 1360 976 -4.
1382 931 1442 967 De
1455 932 1607 967 duobus
1623 932 1740 968 sociis
1758 933 1886 970 Fran·

293 992 499 1040 cofordiae
515 992 761 1040 degentibus,
780 991 843 1028 nil
858 992 1121 1028 immutatum
1131 990 1278 1038 fuisse.

344 1083 380 1114 1.
441 1071 576 1128 Jhus.
610 1070 752 1114 Molto
773 1069 892 1113 Rdo.
925 1070 978 1113 P.
999 1069 1058 1113 N.
1081 1068 1128 1112 in
1151 1067 1349 1112 Christo.
1377 1071 1472 1112 Pax
1494 1068 1680 1123 Christi,
1700 1077 1793 1114 etc.
1821 1071 1888 1115 La

247 1146 490 1191 settimana
512 1154 690 1203 passata
725 1145 852 1190 scrisi
888 1146 974 1190 alla
1007 1147 1060 1190 P.
1101 1146 1159 1190 V.
1184 1152 1231 1190 et
1267 1144 1438 1202 rispose
1466 1146 1552 1189 alle
1573 1161 1657 1191 sue
1684 1147 1742 1190 de
1764 1159 1820 1191 22
1839 1147 1887 1190 di

251 1227 422 1277 Marzo,
447 1231 492 1268 et
514 1238 606 1267 non
626 1225 686 1268 ho
714 1223 938 1268 riceuutte
959 1223 1087 1267 altre.
1112 1224 1164 1267 In
1191 1230 1352 1279 questa
1380 1223 1483 1267 saro
1509 1224 1665 1268 breue.
1698 1225 1886 1270 Hauera

252 1301 370 1345 visto
386 1302 429 1344 la
445 1302 499 1345 P.
515 1302 572 1345 V.
587 1315 718 1346 come
733 1302 915 1346 haueuo
930 1299 1246 1353 determinato,
1258 1299 1410 1344 subito
1423 1301 1509 1344 che
1524 1301 1694 1345 hauese
1709 1300 1839 1344 finito
1863 1307 1886 1330 ²

250 1379 402 1434 quello
423 1379 508 1422 che
529 1377 566 1422 si
594 1379 774 1422 haueua
794 1391 822 1422 a
842 1377 937 1421 fare
964 1376 1011 1420 in
1039 1382 1202 1433 questo
1228 1377 1437 1434 collegio,
1468 1384 1514 1422 et
1535 1391 1619 1421 con
1644 1379 1759 1421 Mro.
1792 1378 1886 1422 Co-

249 1462 372 1499 stero
388 1456 421 1508 ²,
442 1455 473 1498 il
489 1455 622 1511 quale
637 1457 818 1500 haueuo
838 1454 1080 1507 chiamato‚
1099 1453 1302 1511 partirmi
1318 1469 1398 1511 per
1418 1453 1566 1512 Spira‚
1587 1469 1667 1511 per
1683 1461 1886 1511 aspetta-

251 1547 301 1577 re
322 1533 365 1576 la
392 1532 667 1593 resolutione
688 1532 806 1588 della
835 1533 887 1576 P.
914 1533 967 1576 V.
993 1545 1126 1588 sopra
1146 1531 1190 1576 le
1210 1530 1480 1584 fundationi,
1505 1533 1886 1589 presupponendo

224 1611 335 1654 ‘che
356 1609 520 1654 nisuna
541 1623 647 1654 cosa
668 1617 870 1666 puoteuo
906 1615 1092 1652 trattare
1122 1608 1213 1652 co’l
1234 1609 1364 1652 Rmo.
1395 1608 1624 1654 leodiense
1647 1610 1680 1661 ³,
1716 1610 1774 1653 ne
1796 1610 1886 1653 co'l

251 1688 382 1731 Rmo.
403 1687 700 1732 odomarense
716 1686 749 1739 ⁴,
770 1686 1002 1743 pensando
1017 1686 1103 1730 che
1119 1685 1216 1729 loro
1232 1699 1397 1730 ancora
1413 1689 1635 1743 vrgerent
1650 1685 1695 1729 di
1714 1687 1885 1748 hauere

249 1763 427 1808 lettioni
448 1763 494 1807 di
515 1763 744 1820 theologia
764 1770 811 1807 et
831 1761 1116 1820 predicatori.
1141 1761 1276 1819 Dipoi
1296 1776 1445 1808 venne
1465 1762 1497 1806 il
1520 1765 1573 1806 P.
1600 1764 1812 1816 Costero,
1838 1771 1886 1807 et

253 1840 315 1884 mi
331 1842 390 1884 ha
410 1840 634 1884 asicurato
651 1842 752 1893 che,
772 1840 831 1884 ne
845 1840 876 1883 l’
895 1854 1003 1892 uno,
1023 1840 1081 1883 ne
1096 1837 1125 1882 l'
1148 1839 1262 1883 altro
1276 1839 1323 1882 di
1345 1839 1481 1896 quelli
1500 1839 1616 1883 Rmi.
1637 1839 1807 1885 ricerca
1827 1841 1886 1884 da

253 1917 344 1971 noi,
359 1919 418 1962 ne
434 1917 730 1975 predicatore,
750 1918 807 1962 ne
825 1917 1071 1974 theologia3
1092 1923 1138 1962 et
1153 1917 1247 1961 cosi
1263 1916 1323 1960 mi
1338 1905 1472 1975 parse
1488 1919 1652 1961 mutar'
1672 1917 1702 1960 il
1719 1932 1885 1975 propo-

249 1994 337 2038 sito
359 1996 445 2040 che
464 1996 645 2039 haueuo
667 1994 870 2052 pigliato;
896 1992 1200 2051 giongendosi
1221 1994 1294 2038 ch'
1317 1993 1351 2038 il
1372 1997 1424 2038 Ρ.
1450 1995 1642 2038 Costero
1658 1993 1719 2037 mi
1737 1993 1886 2051 signi-

249 2072 397 2115 ficaua
417 2072 590 2129 grande
618 2071 840 2117 necessita
876 2070 920 2115 di
959 2077 1144 2114 trattare
1179 2077 1331 2127 presto
1366 2071 1516 2128 questi
1548 2070 1737 2127 negotii,
1770 2077 1817 2115 et
1840 2070 1884 2115 io

247 2149 461 2193 andando
491 2164 518 2192 a
540 2149 670 2206 Spira
691 2156 738 2193 et
765 2150 884 2193 forse
920 2163 947 2192 a
975 2147 1211 2205 Herbipoli
1246 2148 1309 2192 mi
1343 2150 1522 2193 haueuo
1560 2149 1617 2191 da
1647 2150 1882 2192 trattener’

250 2232 393 2278 tanto,
418 2227 504 2270 che
524 2225 801 2278 rstornando,
827 2240 918 2269 non
941 2232 1139 2282 puoteuo
1167 2226 1323 2270 hauer’
1354 2233 1507 2282 tempo
1534 2239 1614 2282 per
1641 2225 1755 2269 altra
1777 2238 1885 2269 cosa

250 2303 337 2347 che
358 2317 439 2359 per
460 2303 626 2347 andare
648 2303 734 2346 alla
771 2303 896 2347 fonte
916 2303 973 2346 de
1010 2301 1156 2359 Liegi‚
1186 2302 1274 2353 alla
1296 2303 1428 2359 quale
1464 2301 1677 2347 etiamdio
1700 2302 1885 2347 andarei

254 2380 399 2423 tardo.
420 2379 481 2423 Di
503 2379 638 2423 modo
661 2381 745 2424 che
764 2379 826 2422 mi
843 2393 973 2436 parse
994 2378 1251 2424 necessario
1269 2381 1430 2424 mutar'
1452 2379 1484 2423 il
1505 2378 1750 2437 proposito,
1770 2385 1817 2423 et
1838 2378 1886 2423 in

329 2517 350 2539 ⁸
387 2509 645 2546 Emendatum
662 2521 684 2545 a
702 2509 794 2546 libr.
817 2521 866 2545 ex
884 2509 1151 2545 determinato
1168 2509 1234 2546 che
1243 2509 1384 2558 finito.

329 2613 340 2634 ¹
391 2612 450 2647 Ex
473 2611 699 2657 archetypo,
729 2621 752 2645 a
780 2609 959 2656 Jimenez
990 2614 1161 2653 exarato,
1193 2614 1234 2645 et
1263 2610 1412 2647 Natalis
1436 2622 1552 2646 manu
1576 2609 1812 2656 subscripto,
1843 2608 1886 2645 in

253 2671 386 2718 Epist.
411 2670 567 2715 Natal.‚
585 2670 638 2716 11,
655 2668 800 2716 duplici
818 2668 885 2705 fol.
899 2696 910 2715 ,
931 2666 998 2704 183
1014 2666 1128 2713 (432).

323 2733 337 2752 ²
388 2729 618 2766 Franciscus
649 2718 852 2775 Costerfis,
875 2727 1008 2775 paucis
1031 2732 1122 2763 ante
1145 2726 1284 2764 diebus
1306 2729 1555 2776 provincialis
1579 2727 1813 2774 nominatus,
1841 2733 1885 2764 ut

252 2789 352 2836 ipse,
369 2788 434 2824 die
452 2796 473 2834 5
492 2788 583 2835 Maji
604 2787 709 2834 1567,
727 2787 835 2823 hisce
852 2785 984 2822 verbis
1007 2785 1173 2832 Borgiae
1191 2786 1409 2824 nuntiabat:
1436 2787 1610 2824 «Retulit
1635 2786 1728 2822 mihi
1750 2785 1878 2822 Rdus.

252 2848 300 2884 P.
324 2847 476 2883 Natalis
493 2846 569 2883 sibi
587 2859 675 2884 esse
693 2858 715 2882 a
732 2847 778 2882 P.
797 2846 851 2883 V.
873 2845 1060 2893 scriptum
1078 2857 1154 2892 me,
1179 2846 1246 2893 qui
1268 2847 1458 2883 hactenus
1477 2858 1619 2883 nomen
1642 2845 1762 2881 habui
1780 2845 1885 2882 vice-

251 2905 516 2954 prouincialis,
546 2906 784 2942 declaratum
814 2916 902 2941 esse
931 2903 1209 2952 prouincialem
1239 2904 1433 2942 inferioris
1464 2905 1717 2942 Germaniae.
1732 2932 1740 2941 .
1755 2917 1794 2942 .»
1824 2905 1886 2940 Ex

253 2966 439 3013 Regem,
463 2965 564 3001 Cod.
590 2975 632 3012 33
643 2965 703 3012 f),
722 2965 790 3002 fol.
810 2965 882 3001 260
899 2964 1013 3010 (429).

324 3026 340 3047 ³
388 3024 587 3061 Gerardus
612 3036 687 3061 van
710 3024 940 3061 Groesbeek
963 3025 1074 3068 (1562
1088 3042 1103 3050 -
1120 3025 1141 3059 1
1165 3023 1284 3070 1580).
1303 3026 1439 3072 GAMs,
1458 3026 1539 3062 loc.
1560 3024 1655 3068 cit.‚
1673 3034 1769 3071 pag.
1799 3031 1887 3068 ²49·

327 3086 341 3107 ⁴
392 3083 590 3120 Gerardus
607 3084 656 3119 de
675 3084 947 3121 Hamericourt
964 3081 1074 3128 (1563
1092 3103 1105 3110 -
1123 3084 1144 3118 1-
1165 3086 1284 3130 1577).
1304 3084 1442 3131 GAMS,
1466 3085 1546 3121 loc.
1573 3083 1657 3131 cit.‚
1678 3094 1771 3131 pag.
1795 3082 1890 3127 619.
