2228 3548
880 281 927 318 26
952 280 1162 319 Oea-onius
1191 282 1282 329 1566
1779 291 1854 330 279

1023 383 1145 424 11⁴¹ae

707 450 759 493 P.
797 450 1212 495 HIERONYMUS
1244 451 1464 495 NADAL

607 519 850 559 SANCTO
877 520 1224 559 FRANCISCO
1256 521 1333 558 DE
1357 521 1553 569 BORJA

727 589 953 627 nonAcnn,
979 581 1024 616 26
1050 589 1260 617 ocTossms
1289 581 1380 627 1566
1407 583 1435 618 ¹.

262 647 549 695 Responsiones
579 646 719 682 Patris
747 645 886 682 Nadal
914 647 1034 682 datae
1057 647 1226 694 reginae
1244 646 1503 695 Margaritae
1525 649 1574 685 de
1597 646 1844 695 confessario
1866 650 1905 683 et

919 707 967 742 de
985 707 1237 743 muneribus.

351 772 381 830 †
414 774 548 829 Quae
569 771 683 814 dixit
707 774 760 815 Ρ.
795 771 971 816 Natalis
1001 778 1021 799 ⁸
1048 772 1276 816 secundae
1303 787 1524 830 personae
1552 773 1567 794 ¹
1598 773 1655 816 26
1685 772 1904 817 Octobris

264 848 496 895 Monachii
520 850 552 892 ³.

322 970 325 977 ,
354 926 555 970 Primum
581 925 772 983 agnouit
801 925 950 969 Patris
978 933 1024 970 et
1053 926 1240 969 fratrum
1271 933 1317 969 et
1344 925 1486 983 ipsius
1517 926 1755 979 beneficia,
1790 933 1900 980 etc.,

262 1004 434 1061 gratias
452 1003 563 1061 egit,
584 1011 630 1047 et
646 1003 811 1047 obtulit
827 1002 1068 1048 Societatis
1084 1003 1248 1056 officia,
1267 1010 1355 1048 etc.
1370 1003 1549 1048 Deinde
1565 1003 1678 1047 dixit
1694 1003 1780 1046 sibi
1798 1017 1900 1060 gra·

265 1081 482 1125 tissimam
506 1080 647 1126 fuisse
668 1080 1026 1137 responsionem,
1051 1094 1186 1136 quam
1209 1079 1307 1136 ipsa
1337 1081 1524 1125 dederat
1546 1082 1608 1124 M.
1636 1080 1843 1125 Hermeti
1866 1081 1899 1134 ⁴3

263 1174 320 1202 ex
348 1173 438 1214 qua
465 1157 686 1202 intellexit
708 1157 851 1214 ipsam
880 1158 1071 1214 probare
1099 1171 1215 1213 quae
1243 1163 1375 1213 gesta
1406 1164 1536 1200 erant
1565 1156 1814 1213 Oeniponti
1845 1158 1904 1202 de

264 1235 566 1281 confessariis.
587 1235 836 1292 Respondit
851 1234 941 1287 illa,
961 1250 1010 1279 se
1027 1249 1118 1277 non
1135 1235 1341 1290 probare,
1362 1235 1484 1290 quod
1501 1234 1592 1277 sint
1609 1235 1701 1278 duo
1719 1235 1901 1278 confes-

265 1314 386 1358 sarii.
408 1313 496 1358 Cui
512 1312 724 1369 respondi
745 1326 830 1357 nec
854 1325 925 1355 me
939 1311 1050 1354 illud
1068 1312 1274 1368 probare;
1295 1325 1387 1354 non
1404 1311 1526 1367 quod
1543 1326 1635 1355 non
1655 1311 1715 1366 sit
1732 1311 1903 1354 bonum

263 1405 364 1435 esse
381 1392 511 1444 duos3
532 1391 611 1434 sed
622 1390 743 1446 quod
761 1389 921 1434 melius
932 1396 1053 1434 esset
1070 1403 1210 1432 unum
1228 1402 1344 1442 esse,
1365 1396 1411 1432 et
1428 1403 1511 1432 nos
1527 1388 1639 1431 illud
1655 1388 1823 1433 debere
1845 1403 1903 1432 ex

260 1468 485 1521 instituto,
506 1468 627 1523 quod
644 1467 806 1511 melius
822 1473 907 1519 est,
928 1467 1119 1523 probare
1140 1473 1185 1510 et
1207 1480 1464 1522 procurare.
1486 1466 1602 1509 Illud
1620 1479 1692 1509 me
1709 1479 1902 1509 consen—

260 1546 389 1599 sisse,
410 1552 462 1588 ut
483 1551 663 1602 gratum
683 1545 875 1591 facerem
896 1551 986 1587 tam
1004 1543 1173 1596 multis,
1194 1543 1271 1599 qui
1293 1544 1414 1599 apud
1432 1558 1504 1588 me
1520 1542 1633 1586 illud
1649 1543 1902 1586 contende-

240 1630 363 1668 rent
385 1630 473 1668 etc.
500 1623 617 1666 Cum
642 1621 873 1666 uideretur
894 1634 1071 1678 urgere,
1094 1627 1143 1663 ut
1159 1620 1317 1664 saltem
1335 1620 1392 1664 ad
1408 1619 1646 1664 dimidium
1667 1620 1741 1663 uel
1759 1634 1900 1663 unum

261 1715 431 1744 annum
454 1699 653 1745 redirent
674 1699 732 1742 ad
754 1713 913 1752 unum;
940 1698 1167 1754 respondi,
1192 1712 1266 1741 me
1287 1712 1379 1741 non
1395 1712 1532 1754 posse
1549 1697 1660 1740 illud
1678 1697 1896 1753 polliceri.

264 1778 403 1834 Quod
425 1777 587 1822 attinet
614 1778 670 1820 ad
699 1775 784 1819 tria
810 1775 886 1819 illa
914 1775 1076 1832 capita:
1114 1774 1316 1818 Primum
1338 1774 1395 1818 de
1426 1773 1644 1818 crucifixo
1680 1774 1897 1830 pretioso,

266 1855 387 1911 quod
409 1854 723 1898 aestimaretur
746 1864 831 1909 500
856 1854 928 1896 uel
950 1866 1037 1907 400
1058 1851 1301 1906 coronatis;
1328 1852 1396 1895 2.⁰
1413 1852 1471 1896 de
1491 1850 1639 1903 donis,
1660 1866 1778 1907 quae
1796 1851 1904 1894 mit-

266 1939 363 1977 tere
383 1933 589 1975 solebant
611 1932 668 1974 ad
689 1930 881 1987 collegia
909 1937 1080 1983 nostra,
1106 1936 1284 1985 praeter
1315 1929 1536 1974 ferculum
1569 1935 1615 1972 et
1647 1928 1902 1972 subsidium

263 2009 544 2052 infirmorum
569 2023 651 2064 pro
672 2008 866 2064 collegio
893 2007 1213 2063 oenipontan03
1247 2005 1310 2062 3.⁰
1337 2021 1395 2050 an
1424 2005 1471 2049 in
1499 2020 1654 2051 earum
1692 2005 1900 2062 peregri-

262 2085 523 2130 nationibus
544 2086 763 2130 deberent
784 2083 1048 2129 confessarii
1070 2083 1170 2127 illas
1190 2083 1410 2127 comitari:
1431 2082 1661 2139 respondi,
1681 2083 1738 2125 de
1755 2082 1809 2125 iis
1827 2097 1901 2126 re-

262 2163 350 2206 bus
371 2163 720 2219 exspectandam
744 2176 845 2206 esse
861 2160 1132 2205 sententiam
1151 2159 1298 2204 Patris
1320 2160 1563 2218 generalis,
1585 2160 1641 2202 ad
1658 2173 1794 2215 quem
1811 2158 1900 2201 iam

263 2241 320 2284 de
341 2239 428 2284 illis
448 2239 666 2295 scriptum
689 2245 773 2283 est.
801 2239 1108 2282 Vehementer
1132 2245 1282 2281 tamen
1303 2237 1379 2282 illa
1401 2237 1606 2294 negauit,
1629 2235 1742 2279 tanti
1765 2235 1902 2279 aesti-

264 2316 480 2360 mandum
516 2315 800 2360 crucifixum.
834 2317 1076 2360 Praeterea
1103 2314 1315 2372 respondi
1342 2316 1400 2360 de
1431 2313 1726 2366 confessario,
1768 2327 1903 2369 quem

265 2394 339 2438 hic
362 2394 462 2436 uult
483 2394 668 2438 habere:
699 2406 802 2436 cum
831 2392 971 2435 sciam
1000 2392 1142 2449 ipsam
1170 2391 1301 2437 breui
1330 2395 1634 2450 profecturam
1668 2390 1905 2446 Oenipon-

268 2479 381 2524 tum,
406 2486 480 2516 me
507 2471 777 2524 concedere,
808 2478 859 2514 ut
891 2484 1034 2513 unum
1063 2485 1089 2514 e
1116 2469 1283 2514 nostris
1309 2471 1399 2514 hoc
1431 2470 1531 2513 loco
1563 2468 1705 2526 possit
1736 2468 1904 2510 habere

268 2549 442 2593 interea
462 2547 804 2592 confessarium.
829 2549 900 2591 De
927 2546 1069 2591 calice
1091 2539 1145 2591 et*
1158 2546 1323 2604 pixide,
1349 2547 1427 2591 ubi
1451 2547 1574 2591 uaria
1595 2545 1746 2589 altaris
1768 2559 1902 2587 orna-

338 2693 359 2714 2
397 2694 418 2721 2
436 2686 557 2721 verba
575 2697 690 2733 seqq.
714 2689 805 2720 sunt
822 2683 969 2719 librarii
988 2695 1104 2718 manu
1122 2682 1284 2730 scripta.

333 2803 344 2824 ¹
395 2803 453 2839 Ex
483 2804 722 2850 apographo,
755 2802 908 2838 Natalis
935 2801 1047 2848 jussu
1081 2801 1243 2848 scripto,
1259 2806 1300 2837 et
1329 2802 1380 2837 ab
1406 2801 1490 2849 ipso
1515 2801 1677 2837 Romam
1704 2797 1839 2843 misso,
1862 2797 1902 2833 in

263 2863 399 2910 Epist.
423 2862 579 2908 Natat„
597 2863 650 2909 II,
668 2862 784 2898 unico
801 2862 894 2907 fol.,
915 2869 983 2907 192
1003 2860 1123 2906 (146).

335 2926 349 2945 ²
400 2922 467 2958 Sc.
491 2921 651 2968 reginae
669 2921 922 2968 Margaritae.
946 2920 1048 2956 Vide
1069 2920 1192 2968 epist.
1211 2925 1459 2968 sequentem,
1473 2925 1514 2956 et
1530 2930 1660 2966 supra,
1679 2916 1797 2964 epist.
1817 2915 1903 2962 376,

264 2994 310 3018 n.
331 2981 367 3027 33
387 2981 472 3029 390,
492 2993 531 3017 n.
551 2981 586 3025 83
605 2979 690 3026 4393
710 2986 750 3016 et
766 2990 850 3026 444,
870 2992 909 3018 n.
933 2988 968 3015 1.

338 3043 352 3062 ³
402 3041 478 3077 Hic
494 3040 632 3077 titulus
650 3040 704 3076 ita
721 3039 762 3075 in
779 3039 1003 3086 apographo
1020 3038 1234 3086 reperitur.

336 3101 350 3121 ⁴
401 3101 448 3137 P.
473 3101 640 3136 Hermes
659 3099 883 3146 Halpawer,
902 3098 969 3146 qui
989 3097 1226 3145 Margaritae
1242 3110 1265 3134 a
1281 3098 1594 3135 confessionibus
1611 3101 1711 3132 erat.
