2228 3548
376 0 609 27 fflmmwfvv'ssw
634 0 731 20 μιν
743 0 782 29 T:
795 0 1037 25 νῦνέτι-νγ]
1046 0 1116 23 '³⁸23
1130 0 1170 12 ”A

715 277 757 315 15
783 253 1048 307 SEPTEuBRlS
1073 277 1128 304 m·
1153 276 1174 313 5
1201 267 1422 306 Oc‘ronms
1450 267 1542 313 1566
1827 266 1900 314 239

298 371 443 415 husiti
464 378 511 414 et
532 371 779 424 lutherani,
803 378 850 415 et
872 371 1130 415 uorrebono
1161 371 1402 426 proueder’
1427 385 1508 426 per
1529 377 1681 427 tempo
1708 369 1741 413 il
1761 370 1947 427 signore

301 454 352 492 et
372 449 402 491 1³
427 448 741 492 arciuescouo:
766 451 807 492 c’
832 450 858 492 ἑ
877 463 938 492 un
959 446 1233 491 monasterio
1255 447 1448 504 grande,
1473 447 1607 503 quale
1631 447 1847 504 uogliono
1863 463 1946 505 ap-

306 524 474 582 plicare
495 526 582 568 alla
603 525 908 582 Compagnia,
928 525 971 568 al
993 525 1126 581 quale
1143 525 1169 567 e
1191 538 1369 567 annexa
1389 525 1433 567 la
1449 524 1687 580 parrochia
1705 531 1750 568 et
1767 539 1877 568 cura
1897 526 1943 568 d’

305 601 457 646 anime
477 603 596 646 della
619 610 752 655 terra,
777 605 863 646 che
879 604 904 646 e
921 617 1013 646 una
1033 602 1144 646 sola.
1161 602 1227 645 La
1242 601 1435 654 rendita,
1455 602 1654 645 secondo
1677 603 1706 645 l’
1726 602 1944 648 informa-

308 679 432 724 tione
453 681 538 723 che
559 681 618 723 ho
640 686 828 736 possuto
850 681 1041 731 hauere,
1066 680 1167 722 sara
1187 678 1246 722 da
1267 677 1387 722 mille
1408 677 1454 721 in
1484 691 1595 722 1200
1624 679 1768 723 talleri
1790 695 1799 722 ε
1831 681 1857 723 e
1887 681 1946 725 de

303 756 512 800 canonici
537 757 754 813 regolari:
780 771 871 800 non
894 757 965 800 c'e
987 770 1036 801 se
1058 770 1149 798 non
1173 770 1265 798 uno
1287 756 1373 800 che
1395 770 1444 800 se
1465 756 1566 799 dice
1588 756 1760 812 priore,
1785 764 1832 800 et
1853 771 1945 800 non

239 887 242 890 ἢ
305 833 412 877 viue
433 834 550 877 bene
572 834 770 877 secondo
792 835 877 878 che
899 833 1062 876 dicono
1089 834 1117 875 ¹.
1142 833 1178 875 Il
1199 832 1432 888 superiore
1453 833 1510 876 de
1539 833 1645 875 tutti
1674 834 1786 886 loro,
1811 835 1946 889 quale

305 911 332 954 ὲ
353 910 399 953 in
424 913 590 967 Praga,
615 918 850 963 consente‚
875 910 1074 954 secondo
1096 911 1182 953 che
1203 910 1232 951 l'
1257 908 1552 953 arciuescouo
1574 909 1690 963 dice,
1711 911 1798 954 alla
1813 911 1948 955 vnio-

307 1002 380 1031 ne.
407 976 444 1031 E
461 994 676 1031 contento
693 988 724 1030 l’
743 986 1038 1031 arciuescouo
1054 988 1139 1029 che
1155 985 1193 1028 si
1209 985 1364 1028 diuida
1380 986 1422 1028 la
1439 987 1691 1041 parrochia,
1712 994 1758 1031 et
1774 988 1811 1031 si
1831 987 1946 1031 sacci

308 1078 368 1107 vn
390 1064 560 1107 vicario
587 1071 824 1120 perpetuo,
856 1078 884 1106 o
913 1077 1023 1107 uero
1050 1077 1111 1105 vn
1139 1069 1313 1113 curato,
1345 1063 1665 1118 assegnandoli
1695 1071 1819 1108 certa
1841 1079 1948 1120 por-

308 1141 432 1185 tione
454 1141 725 1195 sufficiente3
750 1148 796 1184 et
818 1141 983 1197 perche
1005 1139 1036 1182 il
1064 1138 1337 1183 monasterio
1367 1140 1425 1182 ha
1456 1138 1563 1195 pagi
1594 1139 1773 1193 rustici,
1799 1140 1946 1198 campi

308 1227 355 1262 et
376 1218 564 1275 piscine,
589 1219 621 1261 il
642 1218 825 1275 signore
842 1232 868 1260 a
891 1216 1047 1260 Rossis
1068 1224 1292 1272 promette
1308 1215 1353 1258 di
1371 1215 1560 1273 pigliare
1579 1224 1696 1260 tutto
1714 1219 1881 1273 quello,
1901 1226 1948 1262 et

310 1297 419 1340 dare
441 1295 618 1340 rendita
640 1302 764 1339 certa
785 1295 872 1338 alla
887 1293 1173 1350 Compagnia
1194 1308 1331 1337 senza
1352 1293 1665 1337 solecitudine.
1688 1295 1731 1337 A
1749 1309 1822 1339 me
1839 1309 1948 1351 pare

310 1374 396 1416 che
418 1373 507 1416 co’l
527 1380 679 1428 tempo
700 1387 750 1416 se
770 1372 862 1428 puo
884 1371 1064 1414 fundar'
1088 1371 1193 1427 quel
1215 1370 1424 1427 collegio,
1450 1378 1496 1414 et
1518 1385 1609 1413 non
1627 1372 1884 1415 sarebbono
1901 1372 1948 1415 di

307 1448 536 1506 bisognio,
570 1463 712 1492 senon
745 1447 819 1491 doi
847 1447 1002 1491 mastri
1032 1446 1110 1504 piu
1139 1447 1185 1490 di
1214 1447 1352 1503 quelli
1380 1449 1464 1491 che
1492 1447 1533 1490 ci
1562 1462 1673 1491 sono
1702 1449 1765 1500 la,
1791 1448 1804 1490 i
1827 1449 1950 1504 quali

308 1541 422 1570 sono
459 1541 521 1569 un
559 1526 750 1578 fratello,
785 1533 831 1570 et
867 1525 898 1568 il
934 1526 1100 1568 dottor'
1125 1525 1412 1569 Wenceslao.
1451 1526 1553 1568 Non
1591 1526 1744 1578 credo,
1782 1525 1945 1579 padre,

242 1661 249 1662 ἶ
307 1604 515 1648 haueroa
535 1603 580 1646 in
603 1610 765 1658 questo
793 1603 885 1646 dab
904 1602 1001 1647 dire
1029 1601 1107 1658 piu
1135 1616 1241 1646 cose
1277 1600 1323 1644 di
1359 1608 1521 1657 queste
1558 1604 1642 1646 che
1674 1610 1804 1646 tocco
1839 1617 1947 1659 qua,

308 1681 490 1736 quando
521 1679 722 1724 scriuero
750 1680 792 1723 al
820 1680 1011 1736 lungho.
1045 1678 1334 1735 Aggiongesi
1362 1681 1559 1723 anchora
1591 1695 1617 1723 a
1649 1688 1827 1736 questo,
1864 1682 1949 1725 che

309 1758 550 1802 Casanoua
573 1759 598 1801 e
620 1772 711 1800 una
732 1764 851 1800 terra
873 1771 1048 1813 grossa,
1075 1756 1215 1799 molto
1236 1757 1476 1812 populosa,
1501 1757 1621 1800 doue
1650 1771 1741 1800 una
1763 1757 1950 1813 signora

313 1834 500 1879 uecchia
515 1836 549 1887 ³,
575 1841 760 1891 parente
781 1834 854 1877 del
876 1833 1059 1890 signore
1080 1834 1136 1876 de
1160 1833 1308 1889 quella
1329 1840 1464 1887 terra,
1484 1834 1708 1879 uorrebbe
1731 1834 1945 1891 applicar'

383 1978 404 1999 ⁸
443 1971 528 2007 Hoc
547 1971 660 2006 verb.
683 1969 831 2006 addidit
850 1969 942 2005 libr.
966 1980 1081 2015 supra
1100 1969 1278 2004 vers.—b
1293 1969 1379 2005 Hoc
1397 1971 1512 2006 verb.
1535 1970 1683 2006 addidit
1709 1970 1802 2007 libr.
1832 1983 1949 2018 supra

312 2040 416 2065 vers.

311 2130 578 2175 Gubernator,
597 2129 710 2173 (haec
728 2128 832 2163 enirn
851 2127 891 2163 in
909 2138 969 2173 ea,
988 2133 1028 2163 et
1046 2127 1242 2163 nonnullis
1260 2127 1346 2164 aliis
1364 2129 1539 2164 Familiis
1559 2129 1718 2175 vigebat
1741 2135 1950 2165 consuetu-

309 2188 375 2230 do,
394 2193 437 2224 ut
457 2188 576 2234 major
594 2193 688 2223 natu
712 2188 850 2222 haeres
868 2192 975 2222 esset
992 2186 1180 2233 omnium,
1199 2198 1244 2222 ac
1262 2188 1467 2230 Dominus,
1488 2194 1528 2224 et
1546 2188 1760 2235 supremus
1780 2189 1951 2236 Amplis-

313 2246 434 2283 simae
459 2248 609 2283 Domus
636 2246 926 2291 Gubernator).
952 2245 1138 2293 Idemque
1171 2246 1402 2282 Wilhelmus
1436 2247 1650 2295 Supremus
1673 2248 1800 2294 Regni
1826 2249 1951 2284 Bohe-

313 2307 420 2342 miae
439 2305 701 2350 Camerarius,
721 2309 761 2340 et
779 2305 988 2340 Procerum
1018 2304 1383 2351 potentissimus...»
1410 2306 1616 2353 SchDL,
1636 2308 1709 2342 loc.
1730 2306 1814 2353 cit.,
1833 2319 1872 2342 n.
1887 2315 1949 2353 45.

388 2368 399 2388 ¹
450 2366 510 2400 De
529 2366 671 2400 abbate
689 2363 803 2410 hujus
823 2363 1047 2399 monasterii
1064 2365 1160 2399 haec
1177 2375 1336 2400 romano
1353 2365 1529 2412 pontifici
1546 2366 1680 2402 retulit
1698 2377 1832 2401 caesar
1849 2366 1912 2402 die
1925 2366 1950 2401 6

313 2423 498 2462 Octobris
522 2424 611 2469 1566
628 2423 667 2459 in
685 2422 840 2464 litteris,
859 2423 1000 2470 quibus
1019 2422 1243 2459 facultatem
1262 2424 1357 2460 illud
1374 2424 1563 2461 Societati
1581 2425 1799 2472 applicandi
1818 2430 1952 2472 postu-

314 2485 433 2520 labat:
455 2485 624 2519 «Verum
639 2483 715 2518 iam
730 2483 779 2518 ab
793 2482 940 2529 aliquot
953 2482 1064 2518 annis
1078 2482 1319 2528 negligentia
1333 2489 1372 2520 et
1386 2484 1534 2520 incuria
1549 2484 1761 2520 novissime
1775 2483 1952 2520 defuncti

313 2543 482 2590 abbatis,
509 2543 575 2591 qui
599 2554 687 2578 cum
713 2541 833 2577 vitam
858 2553 1014 2588 prorsus
1037 2541 1266 2578 dissolutam
1290 2554 1334 2578 ac
1358 2543 1540 2580 vitiosam
1565 2549 1714 2590 ageret,
1740 2543 1857 2579 nullis
1882 2555 1951 2579 un-

313 2615 429 2650 quam
462 2602 791 2638 admonitionibus
821 2600 1267 2648 reprehensionibusque
1291 2603 1418 2639 locum
1449 2603 1665 2651 reliquerit,
1698 2614 1811 2638 usum
1841 2603 1953 2638 hora-

315 2673 400 2697 rum
423 2661 697 2697 canonicarum
720 2662 834 2707 plane
858 2659 1124 2695 intermissum
1148 2671 1251 2706 esse,
1275 2661 1369 2708 quin
1393 2662 1510 2697 immo
1534 2662 1660 2709 qualis
1686 2661 1805 2697 fuerit
1829 2662 1953 2697 abbas

316 2722 414 2757 tales
439 2721 557 2756 etiam
584 2721 707 2757 fuisse
729 2719 1025 2764 conventuales,
1049 2718 1115 2766 qui
1145 2730 1223 2754 non
1245 2720 1405 2756 reveriti
1429 2721 1508 2757 sint
1532 2720 1687 2768 saepius
1712 2732 1761 2756 ex
1784 2721 1955 2756 claustro

315 2780 541 2815 monasterii
560 2779 667 2815 exire
686 2785 726 2815 et
744 2784 845 2814 totas
862 2777 986 2813 ferme
1003 2783 1140 2813 noctes
1158 2777 1198 2813 in
1214 2779 1381 2825 publicis
1398 2779 1625 2816 diversoriis
1644 2779 1814 2826 potando
1832 2785 1872 2814 et
1889 2791 1954 2815 res

314 2838 500 2875 scurriles
518 2838 719 2874 tractando
736 2848 982 2882 consumere,
1002 2836 1055 2872 ita
1072 2842 1116 2872 ut
1132 2836 1210 2872 duo
1229 2848 1280 2873 ex
1303 2837 1380 2874 illis
1403 2839 1730 2875 conventualibus
1750 2840 1868 2874 etiam
1886 2839 1955 2874 ho-

315 2897 473 2933 micidio
490 2891 644 2933 cuidam
662 2896 872 2944 praeterita
889 2895 1018 2931 hieme
1042 2901 1082 2931 et
1105 2901 1224 2932 noctu
1247 2897 1454 2934 commisso
1480 2897 1778 2934 interfuerint.»
1804 2898 1874 2934 W.
1897 2898 1948 2934 E.

315 2957 544 2997 SCHWARZ,
562 2956 703 3003 Briefe
721 2957 806 2992 und
823 2956 953 2990 Akten
969 2967 1044 2990 zur
1065 2954 1288 2991 Geschichte
1306 2956 1590 2993 Maximilians
1607 2958 1663 2999 II,
1683 2958 1715 3001 I,
1734 2956 1795 3003 34,
1813 2956 1878 3002 35.

391 3020 406 3038 ²
458 3017 585 3060 Anna,
610 3015 659 3051 de
688 3026 764 3063 qua
793 3020 834 3050 et
857 3014 906 3050 de
929 3013 1120 3050 coenobio
1144 3013 1431 3052 franciscalium
1450 3015 1505 3052 cf.
1537 3017 1742 3060 semum,
1763 3017 1840 3052 loc.
1870 3016 1956 3060 cit.,

316 3087 370 3112 nn
384 3101 394 3111 .
417 3083 463 3120 45
483 3075 546 3120 48.
