2228 3548
439 259 510 297 574
958 251 1098 287 Emsr.
1125 249 1170 285 P.
1198 250 1352 287 NADAL
1367 271 1383 276 -
1401 258 1470 297 515

1150 350 1264 391 515

867 422 908 458 S.
938 422 1272 459 FRANCISCUS
1298 423 1370 459 DE
1394 423 1566 471 BORJA

725 489 933 533 PATRI
979 489 1412 533 HIERONYMO
1459 490 1702 534 NADAL

915 574 1077 612 ROMAE,
1103 564 1151 601 30
1178 574 1324 601 MARTn
1352 565 1443 611 1568
1471 566 1503 602 ¹.

383 642 417 667 1.
454 633 555 668 Acta
579 631 756 674 Natalis,
788 631 970 679 Borgiae
1000 631 1247 678 probantur:
1271 630 1358 678 ejus
1382 632 1427 667 in
1455 630 1640 668 Galliam
1661 632 1861 680 profectio
1883 634 2030 682 difler-

432 695 602 727 tur.—2.
627 691 684 727 De
718 692 887 726 Andrea
905 691 1094 727 Boccatio
1117 693 1154 726 et
1183 689 1370 727 Cornelio
1401 691 1690 737 Oerschot.-3.
1722 691 1882 729 Scholia
1906 697 1943 731 et
1969 695 2031 731 in-

426 752 666 788 structiones
684 751 857 786 Romam
875 751 1087 786 emendata
1107 751 1442 795 mittantur.—4.
1463 750 1607 786 Abbati
1624 751 1854 797 Aquicincti
1871 757 2031 802 respon-

424 824 515 847 sum
533 814 588 848 est
603 811 805 859 negative:
825 810 975 853 Leodii,
987 813 1206 857 antequam
1224 810 1441 859 collegium
1455 811 1711 857 instituatur,
1723 812 1850 859 pauci
1862 814 1959 850 socii
1972 827 2032 851 re·

429 872 689 914 sideant.-5.
710 870 771 906 De
786 870 966 906 Henrico
983 870 1193 917 Dionysio,
1213 871 1336 906 Petro
1360 871 1472 906 Phae
1495 873 1532 906 et
1540 870 1704 917 Joanne
1727 871 1904 907 Astensi:
1916 875 2042 921 pecu-⁷

431 933 525 967 niae
547 931 725 966 Lovanio
743 930 916 967 Romam
935 930 1184 966 missae—6.
1206 930 1267 966 De
1287 930 1389 966 libro
1407 931 1581 966 doctoris
1604 930 1765 966 Torres:
1782 932 1830 968 de
1854 933 1943 968 ΡΡ.
1958 933 2033 981 ]α-

428 992 516 1027 vier
552 994 589 1027 et
621 991 767 1026 Acosta
793 990 1062 1038 Antverpiam
1094 990 1327 1035 missis.-7.
1363 990 1426 1026 De
1460 990 1773 1038 ingolstadiensi
1802 992 2034 1040 collegio.—

427 1051 467 1087 8.
490 1051 585 1086 Post
602 1050 799 1098 scriptum
817 1050 864 1085 de
882 1050 999 1085 domo
1017 1050 1186 1086 Altierii
1204 1050 1355 1086 Romae
1373 1062 1398 1085 a
1418 1049 1611 1085 Societate
1629 1052 1776 1097 empta.

481 1141 517 1172 Ι.
577 1129 711 1186 Jhus.
740 1127 883 1171 Molto
904 1127 1019 1171 Rdo.
1046 1127 1092 1170 in
1116 1129 1238 1184 Xpo.
1267 1128 1430 1172 Padre.
1460 1129 1556 1171 Pax
1578 1127 1685 1184 Xpi.
1711 1134 1800 1172 etc.
1836 1131 1925 1174 Per
1954 1129 2030 1174 uia

384 1206 431 1250 di
453 1205 649 1251 Venetia
673 1207 709 1248 s’
735 1204 759 1248 ὲ
782 1205 945 1248 alcune
969 1205 1091 1248 uolte
1114 1204 1274 1248 scritto
1297 1219 1324 1248 a
1346 1206 1403 1249 V.
1431 1206 1485 1248 R.
1511 1204 1559 1248 in
1581 1204 1775 1262 risposta
1791 1206 1909 1251 delle
1924 1221 2022 1251 sue.

385 1282 565 1341 Doppoi
589 1284 625 1326 s'
652 1282 675 1326 ὲ
698 1281 905 1326 riceuuta
927 1282 1078 1337 quella
1099 1282 1145 1324 di
1174 1292 1222 1337 15
1247 1282 1292 1324 di
1309 1281 1516 1335 Febraio‚
1544 1282 1655 1326 satta
1677 1282 1723 1325 in
1741 1283 1962 1338 Louani0,
1983 1292 2028 1330 et

386 1363 425 1405 s'
450 1362 475 1405 e
497 1360 644 1404 intesa
667 1360 697 1402 l’
724 1358 941 1404 elettione
963 1359 1035 1403 del
1059 1366 1351 1416 procuratore
1374 1374 1454 1416 per
1475 1359 1605 1404 uenir
1628 1375 1655 1404 a
1671 1361 1830 1415 Roma3
1850 1361 2028 1406 benche

383 1439 566 1482 bastara
587 1437 653 1482 sia
675 1436 752 1493 qui
775 1452 855 1493 per
878 1443 996 1480 tutto
1034 1438 1310 1492 Settembre,
1350 1452 1400 1482 se
1422 1452 1518 1481 non
1549 1436 1587 1481 si
1617 1439 1787 1482 hauera
1819 1438 1935 1482 altro
1966 1438 2029 1482 ri-

384 1522 537 1573 spetto
560 1517 645 1560 che
669 1530 695 1558 a
718 1515 799 1558 far’
826 1515 855 1557 1’
883 1514 1027 1558 usfitio
1049 1515 1107 1559 de
1127 1521 1421 1572 procuratore
1449 1522 1485 1558 a.
1511 1516 1587 1559 Ha
1609 1515 1722 1561 fatto
1738 1515 1856 1561 bene
1871 1517 1930 1561 V.
1951 1517 2026 1570 R.,

385 1594 537 1651 doppo
560 1594 645 1636 che
667 1593 728 1635 ha
750 1592 879 1635 finito
902 1592 943 1635 la
967 1591 1120 1646 uisita,
1139 1593 1183 1635 d’
1204 1591 1387 1635 ordinar
1405 1592 1447 1635 al
1463 1583 1744 1649 prouinciale
1760 1593 2030 1650 gouernassi

385 1685 468 1715 sua
490 1669 719 1728 prouintia
741 1669 883 1714 libera
905 1676 950 1713 et
972 1669 1305 1724 intieramente,
1331 1669 1544 1713 restando
1566 1671 1676 1726 pero
1693 1683 1780 1714 con
1802 1670 1845 1714 13
1867 1680 2026 1727 super-

383 1748 658 1793 intendenza
681 1747 729 1790 in
751 1748 854 1791 loco
877 1746 983 1800 mio,
1008 1746 1220 1791 massime
1242 1762 1334 1790 non
1356 1746 1394 1790 si
1410 1747 1622 1791 hauendo
1654 1761 1743 1803 qua
1761 1747 1964 1791 riceuuta
1982 1747 2024 1791 la

382 1825 518 1870 uisita
535 1826 653 1868 della
670 1824 858 1869 inferior
874 1823 1136 1870 Germania.
1164 1825 1221 1868 Et
1242 1823 1391 1868 insino
1413 1838 1439 1867 a
1469 1829 1596 1868 tanto
1617 1825 1705 1868 che
1727 1825 1877 1880 quella
1900 1824 1938 1868 si
1961 1824 2022 1867 ri-

380 1918 512 1958 ceua,
546 1910 591 1948 et
620 1902 658 1946 si
688 1902 833 1946 faccia
870 1903 1079 1959 risposta,
1119 1917 1211 1946 non
1249 1902 1467 1947 accadera
1505 1902 1573 1946 far
1608 1901 1861 1946 mutatione
1899 1901 2021 1946 circa

379 1982 409 2024 Γ
435 1980 660 2025 auctorita
683 1979 728 2024 di
751 1981 808 2024 V.
835 1982 889 2024 R.
917 1981 1003 2024 Del
1025 1980 1167 2024 andar
1189 1979 1235 2023 in
1258 1978 1465 2034 Francia,
1491 1993 1518 2023 o
1545 1966 1653 2032 non,
1685 1978 1723 2023 si
1752 1979 1861 2023 dara
1894 1978 2021 2023 auiso

381 2074 407 2102 3
438 2060 496 2103 V.
531 2059 587 2103 R.
620 2058 666 2101 di
695 2059 802 2114 quel
830 2059 915 2102 che
945 2060 1006 2102 ha
1034 2058 1092 2101 da
1121 2058 1231 2113 fare,
1262 2056 1430 2114 perche
1459 2057 1622 2102 adesso
1643 2063 1789 2101 stamo
1807 2072 1833 2100 a
1855 2057 2024 2102 uedere

380 2151 510 2181 come
535 2150 688 2180 uanno
709 2135 805 2180 lile
826 2150 947 2189 cose,
973 2142 1019 2180 et
1041 2135 1189 2178 insino
1211 2150 1237 2178 a
1261 2142 1403 2188 tanto,
1430 2136 1515 2178 che
1543 2148 1635 2178 non
1662 2133 1700 2178 si
1730 2135 1847 2178 ueda
1875 2134 2022 2178 sicur-

379 2217 442 2268 ta,
468 2229 561 2258 non
584 2214 802 2258 accadera
824 2215 910 2257 che
933 2215 990 2257 V.
1018 2214 1074 2257 R.
1101 2213 1234 2257 uada.

470 2303 513 2336 2.
580 2291 714 2336 Circa
736 2291 779 2334 13
801 2289 1084 2347 professione
1111 2290 1184 2334 del
1214 2291 1267 2333 P.
1301 2289 1488 2334 Andrea
1517 2288 1757 2344 Boccacio,
1791 2303 1899 2346 pare
1931 2288 2021 2332 ben

378 2369 446 2413 sia
468 2369 513 2413 di
538 2380 607 2413 tre
633 2367 745 2412 uoti.
772 2368 959 2424 Quanto
982 2368 1025 2411 al
1055 2370 1108 2411 P.
1142 2367 1387 2419 Cornellio,
1423 2367 1612 2412 intendo
1644 2381 1735 2411 non
1768 2367 1828 2410 ha
1858 2367 2020 2411 lettere

378 2445 624 2491 sufficienti
645 2444 781 2490 etiam
803 2458 883 2501 per
905 2445 1180 2489 confessare.
1208 2446 1264 2488 V.
1292 2445 1346 2488 R.
1372 2444 1490 2489 ueda
1512 2444 1619 2501 qual
1640 2450 1793 2501 tempo
1811 2442 1841 2486 li
1859 2444 2018 2500 parera

378 2523 493 2567 darli
514 2538 594 2580 per
615 2521 833 2575 studiare‚
860 2521 986 2566 accio
1008 2536 1143 2578 possa
1164 2521 1232 2564 far
1253 2521 1297 2565 la
1318 2520 1570 2577 profession
1592 2521 1638 2564 di
1661 2527 1729 2565 tre
1751 2519 1861 2564 uoti.

472 2614 513 2656 3.
579 2601 645 2644 La
667 2598 939 2655 occupation
962 2598 1009 2642 di
1031 2600 1089 2643 V.
1115 2599 1170 2642 R.
1197 2597 1244 2642 in
1266 2597 1446 2643 riueder
1466 2597 1498 2641 li
1526 2597 1688 2651 scritti,
1719 2597 1781 2641 mi
1807 2596 1949 2654 piace.
1982 2596 2017 2639 Il

451 2745 473 2766 a
510 2738 556 2773 In
574 2748 697 2784 marg.
717 2736 896 2784 Jimenez
914 2748 1031 2772 manu
1054 2722 1244 2782 responsa
1265 2734 1418 2770 Natalis
1442 2733 1664 2771 indicantur
1686 2734 1747 2770 his
1770 2734 1917 2770 verbis:
1938 2734 2020 2771 Me-

376 2798 511 2832 moria
530 2797 576 2833 di
592 2796 816 2833 dimandar
832 2794 881 2830 M
884 2802 935 2831 ‚ro
962 2794 1134 2831 Giacobo
1152 2794 1261 2830 della
1283 2792 1419 2840 Croce,
1438 2804 1460 2829 o
1476 2804 1570 2830 vero
1588 2793 1716 2829 Paolo
1728 2794 1934 2841 perugino
1953 2794 2019 2829 che

372 2857 570 2892 studiana
589 2856 789 2904 theologia
807 2855 851 2890 in
870 2855 1033 2890 Padua.
1048 2854 1127 2891 Del
1141 2854 1190 2889 P.
1207 2853 1419 2900 Mariana,
1433 2855 1470 2888 et
1483 2855 1639 2901 repeter
1651 2853 1717 2889 del
1729 2853 1810 2889 mio
1823 2853 2017 2889 scriuere.

449 2956 459 2976 ¹
511 2956 569 2992 Ex
587 2957 815 3003 archetypo,
834 2966 856 2990 a
873 2954 1101 2990 Fernandez
1131 2958 1306 2999 exarato,
1330 2958 1371 2989 et
1388 2953 1554 2999 Borgiae
1580 2965 1697 2990 manu
1713 2954 1949 3002 subscripto,
1977 2953 2018 2990 in

379 3014 476 3050 Cod.
498 3025 562 3062 34,
581 3015 727 3063 duplici
744 3014 836 3057 fol„
856 3013 926 3049 230
943 3013 1019 3058 (36,
1038 3013 1113 3059 37).
1132 3013 1282 3050 Ultima
1299 3013 1420 3048 verba
1445 3013 1488 3048 V.
1510 3012 1558 3048 R.
1576 3015 1683 3060 sepa.
1710 3018 1786 3050 etc.
1812 3018 1903 3050 sunt
1922 3014 2018 3050 Bor-

372 3073 464 3119 giae
484 3086 600 3110 manu
617 3074 762 3110 addita.
782 3072 883 3110 Vide
902 3072 1017 3120 epist.
1039 3081 1124 3120 510,
1139 3072 1204 3109 cui
1220 3073 1317 3108 haec
1334 3071 1558 3119 respondet.
