2228 3548
677 307 936 345 PROOEMIUM
958 315 1099 343 TERTII
1122 315 1353 345 VOLUMINIS
1707 317 1810 346 XXIII

186 422 328 473 ⁴nunc
349 422 454 453 cum
477 408 679 454 externis
701 410 1018 455 conversando
1048 409 1181 467 (664).
1215 410 1376 455 Electo
1405 411 1639 456 Everardo
1670 412 1858 455 Mercu-

206 492 336 538 riano
367 492 628 550 praeposito
656 493 860 551 generali
888 492 1150 547 Societatis,
1180 493 1357 538 Natalis
1381 495 1477 551 Jam
1510 501 1661 540 aetate
1690 509 1856 552 prove-

207 582 327 630 ctus,
351 583 398 621 et
419 575 634 634 regimini
654 592 763 634 prae
784 577 912 621 senio
933 577 1166 631 inhabilis,
1189 576 1303 621 nihil
1324 578 1503 636 gratius
1523 579 1624 623 Deo
1646 593 1696 623 se
1722 593 1858 636 prae-

207 665 328 703 stare
349 672 484 716 posse
505 659 786 715 existimans,
810 674 947 717 quam
977 668 1027 705 ut
1055 660 1237 718 scriptis
1264 661 1360 706 suis
1388 668 1639 706 extremam
1667 676 1855 705 manum

204 741 474 799 imponeret,
499 742 546 786 id
563 744 795 788 Everardo
811 743 1064 802 proposuit.
1087 744 1419 799 Mercurianus,
1439 752 1602 802 utpote
1620 744 1697 802 qui
1714 746 1858 803 probe

202 834 395 871 noverat
431 841 650 882 amorem,
690 842 782 884 quo
817 828 994 872 Natalis
1030 827 1078 872 in
1111 842 1357 886 germanos
1384 830 1647 892 ferebatur,
1669 836 1854 886 gratum

201 910 433 955 facturum
454 911 578 955 bono
600 910 699 956 seni
721 911 969 956 arbitratus
991 918 1077 966 est,
1102 911 1141 956 si
1162 926 1269 956 eum
1296 911 1344 956 in
1375 911 1670 957 Germaniam
1698 912 1853 956 mitte—

199 1002 268 1039 ret
298 996 418 1052 (731,
450 995 568 1054 734).
600 997 759 1052 Itaque
787 997 933 1041 Roma
960 998 1195 1053 profectus
1223 1003 1294 1040 est
1321 996 1498 1041 Natalis
1534 1010 1691 1042 mense
1728 997 1852 1053 Majo

199 1078 308 1122 anni
336 1090 464 1135 1574,
491 1078 746 1124 Bononiam
769 1079 976 1137 pervenit
997 1079 1071 1125 die
1094 1092 1118 1123 2
1124 1090 1148 1135 5
1173 1079 1380 1136 ejusdem
1403 1079 1591 1133 mensis,
1613 1079 1852 1138 Oenipon-

202 1170 295 1206 tem
323 1175 374 1218 13
389 1163 532 1221 Junii,
556 1170 603 1207 et
623 1163 781 1220 paucis
800 1169 905 1220 post
924 1162 1088 1207 diebus
1106 1163 1289 1216 Halam,
1310 1177 1429 1219 quae
1451 1170 1522 1208 est
1539 1164 1649 1207 urbs
1667 1163 1848 1218 Tirolis,

202 1260 371 1304 magna
392 1246 530 1291 animi
550 1246 862 1291 consolatione
883 1246 1122 1304 ingressus
1142 1254 1213 1291 est
1236 1247 1355 1304 (666,
1380 1247 1501 1304 667).

291 1329 332 1387 c)
355 1330 542 1374 Natalis
563 1330 614 1373 in
636 1330 816 1374 halensi
836 1330 1275 1388 collegia—Tribus
1297 1329 1431 1375 annis
1453 1337 1499 1376 et
1516 1330 1700 1374 duobus
1715 1330 1847 1374 circi—

200 1419 270 1457 ter
290 1412 525 1458 mensibus
547 1413 694 1459 Halae
714 1412 829 1457 vixit
847 1415 902 1459 P.
922 1413 1115 1467 Natalis,
1140 1413 1296 1470 ibique
1317 1412 1708 1471 septuagesimum
1731 1427 1843 1457 suae

197 1496 358 1542 aetatis
380 1511 552 1540 annum
575 1496 790 1554 explevit.
817 1498 938 1541 Toto
960 1499 1047 1541 hoc
1071 1497 1288 1554 temporis
1308 1498 1457 1555 lapsu,
1483 1498 1557 1541 vel
1578 1496 1842 1551 scribendo,

194 1581 270 1625 vel
290 1580 387 1626 suis
406 1581 588 1639 scriptis
610 1582 908 1628 emendandis
929 1596 1115 1639 operam
1138 1581 1340 1638 navavit,
1366 1590 1412 1628 et
1434 1582 1664 1626 interdum
1688 1580 1845 1638 aliqua

197 1663 443 1722 superioris
477 1665 755 1711 Germaniae
786 1666 981 1723 collegia
1010 1665 1181 1711 invisit.
1215 1666 1424 1724 Singulis
1454 1665 1691 1712 mensibus
1721 1666 1843 1709 Eve—

199 1749 335 1792 rardo
356 1748 646 1794 Mercuriano
667 1749 876 1795 scribere.
890 1750 1032 1795 semel
1053 1750 1215 1794 saltem
1233 1750 1452 1804 assuevit,
1472 1749 1740 1806 litterasque
1756 1763 1842 1806 pa—

201 1838 332 1877 terno
353 1847 508 1878 amore
529 1834 685 1890 plenas
705 1835 764 1878 ab
785 1833 862 1877 illo
883 1832 1048 1879 eximio
1068 1833 1184 1888 viro,
1208 1834 1287 1890 qui
1308 1848 1486 1878 summa
1506 1832 1749 1891 prudentia
1766 1839 1841 1876 to-

201 1923 295 1961 tam
316 1916 596 1963 Societatem
617 1919 923 1975 gubernabat‚
949 1919 1210 1974 frequenter
1236 1918 1425 1976 recepit.
1450 1919 1627 1964 Omnes
1654 1918 1736 1962 has
1763 1916 1841 1960 lit-

200 2006 322 2044 teras
339 1999 477 2045 simul
498 1999 575 2045 hic
596 2002 798 2046 edendas
818 2000 1049 2056 duximus3
1074 2001 1284 2058 quamvis
1299 2001 1421 2046 enim
1438 2001 1615 2045 minora
1635 1999 1839 2044 subsidia

196 2082 412 2129 historiae
433 2086 687 2140 conferant,
712 2099 849 2141 quam
877 2085 1218 2142 praecedentes,
1244 2086 1302 2131 de
1329 2085 1498 2142 quibus
1518 2086 1744 2129 hactenus
1765 2083 1834 2127 di-

194 2166 360 2220 ximus,
384 2174 538 2212 tamen
559 2167 745 2214 minime
766 2183 952 2226 prorsus
973 2167 1158 2212 inutiles
1179 2169 1355 2214 censeri
1378 2170 1566 2214 debent.
1585 2170 1635 2212 In
1657 2167 1714 2212 iis
1736 2174 1837 2213 ete-

194 2249 288 2294 nim
311 2266 367 2296 ex
391 2265 482 2295 una
497 2258 625 2308 parte
639 2252 792 2297 elucet
809 2251 1083 2296 Mercuriani
1104 2267 1217 2310 erga
1233 2254 1443 2298 Natalem
1461 2251 1768 2305 observantia,
1789 2259 1837 2296 et

195 2347 346 2377 rerum
368 2348 451 2392 pro
473 2334 703 2380 Societate
724 2336 781 2379 ab
804 2335 904 2392 ipso
925 2342 1159 2393 gestarum
1186 2336 1406 2382 memoria
1433 2343 1480 2382 et
1508 2351 1602 2380 non
1628 2335 1836 2392 vulgaris

196 2417 469 2464 aestimatio.
494 2419 564 2462 En
585 2432 678 2475 quo
698 2425 833 2475 pacto
854 2418 952 2476 ipse
972 2419 1287 2465 Mercurianus
1309 2422 1424 2466 haec
1446 2419 1584 2465 animi
1606 2419 1677 2463 sui
1699 2432 1836 2463 sensa

199 2502 413 2556 Hoffaeo,
436 2501 711 2547 Germaniae
732 2501 980 2559 superioris
999 2502 1282 2559 provinciali,
1299 2503 1547 2561 aperiebat:
1577 2520 1595 2544 «
1608 2509 1836 2558 ...tuaque

198 2585 353 2630 omnia
373 2585 582 2643 collegia,
609 2585 885 2642 ubicumque
906 2584 949 2631 ei
969 2586 1192 2643 placuerit
1213 2586 1499 2640 commorari,
1519 2586 1656 2643 cupio
1679 2592 1730 2630 ut
1749 2600 1834 2643 pa-

198 2675 341 2723 teant,
375 2676 513 2726 atque
549 2670 664 2714 adeo
700 2684 727 2713 a
762 2670 845 2714 Τ.“ι
871 2670 927 2714 R.
944 2675 966 2697 Β
984 2702 994 2723 ,
1037 2676 1253 2727 tanquam
1280 2669 1392 2714 mihi
1422 2668 1525 2727 ipsi,
1559 2669 1832 2714 offerantur.

194 2752 432 2810 Optimum
453 2752 575 2798 enim
596 2766 770 2806 senem,
794 2759 841 2797 et
862 2759 1122 2797 nostrarum
1144 2767 1296 2799 rerum
1319 2752 1663 2810 peritissimum,
1682 2751 1834 2796 redire

189 2837 248 2880 ad
268 2850 368 2890 uos,
392 2843 444 2880 ut
464 2837 589 2881 bono
610 2836 750 2880 omini
773 2842 928 2882 uestro
950 2851 1051 2881 esse
1073 2837 1208 2890 duco,
1234 2837 1299 2881 ita
1325 2851 1419 2881 non
1451 2835 1613 2880 dubito
1641 2835 1752 2893 quin
1774 2849 1832 2880 ex

187 2919 392 2964 eiusdem
414 2918 597 2964 diuinae
618 2918 933 2977 prouidentiae
956 2918 1254 2977 dispositione
1269 2919 1529 2977 proueniat3
1550 2918 1673 2976 quia,
1692 2917 1832 2962 mira—

188 3003 270 3047 bili
289 3003 427 3048 huius
448 3004 724 3062 apostolicae
744 3003 866 3049 sedis
885 3002 1126 3058 beneficio,
1145 3018 1257 3062 erga
1272 3003 1583 3057 Germaniam,
1602 3016 1831 3047 summum

191 3085 453 3143 pontificem
469 3087 527 3131 ad
542 3100 785 3144 germanos
801 3086 1026 3131 iuuandos
1040 3085 1244 3132 induxit»
1261 3087 1395 3146 (817).
1416 3085 1604 3132 «Merita
1621 3092 1668 3130 et
1682 3085 1835 3130 uirtus
