2228 3548
75 20 79 27 v
108 0 422 28 >s·,-‚·-v-·wffisr¹:3.-1·‘vs;;
436 0 485 17 τ-’ζ-
499 0 549 20 ἦν
566 0 661 21 *mv-tx·
681 0 736 17 ’τη-’,(-
756 5 765 24 ,
785 0 802 21 j
824 0 861 19 as
887 0 898 2 r
915 0 935 14 v·
951 0 987 20 ves
999 1 1011 9 r
1027 0 1047 20 s
1119 0 1121 2 ·
1188 0 1197 10 ἰ
1217 0 1254 5 ·
1281 0 1310 8 ⁴·-

976 312 1001 348 4
1025 302 1130 346 MAjt
1159 302 1251 348 1566
1835 316 1885 353 99

278 409 328 448 et
348 402 395 446 di
416 402 704 447 Ferdinando
725 403 886 461 primo,
911 403 957 448 in
980 410 1133 461 tempo
1159 406 1244 449 che
1271 405 1303 448 li
1334 406 1547 451 catholici
1574 421 1714 452 erano
1742 406 1821 464 piu
1844 422 1930 464 po-

280 479 397 524 tenti
418 487 465 525 et
486 480 809 537 specialmente
829 482 860 524 1’
883 481 1128 539 imperator
1148 483 1300 538 Carlo,
1325 490 1372 527 et
1400 483 1432 526 li
1460 484 1708 542 aduersarij
1724 491 1746 514 ²
1766 499 1929 529 manco

284 557 389 601 forti
410 565 456 602 et
476 557 700 602 licentiosi
721 560 806 603 che
826 560 1008 604 adesso:
1039 566 1086 604 et
1112 559 1207 604 cosi
1234 575 1499 617 pensauano
1520 561 1553 605 li
1574 561 1787 606 catholici
1811 561 1928 606 rice-

286 649 396 701 uere
417 650 531 692 gran
549 635 570 663 b
604 635 751 693 gratia
779 637 853 680 dal
878 636 1063 694 signore
1084 637 1226 691 1ddio,
1253 652 1302 682 se
1324 646 1593 695 puotessero
1621 640 1892 686 confirmare
1909 646 1926 668 ‘²

287 713 437 769 quella
460 713 621 769 paced.
648 714 700 758 Li
722 713 969 771 aduersarij
997 715 1055 758 ad
1083 715 1195 772 ogni
1222 716 1356 760 modo
1378 716 1607 761 uoleuano
1637 716 1927 774 aggiongere

283 797 409 834 certe
425 791 671 847 conditionj
690 805 823 848 sopra
845 792 978 835 modo
992 791 1295 847 intollerabili,
1315 800 1362 838 et
1378 800 1572 838 stauano
1589 799 1670 851 pe‘r
1686 794 1719 837 il
1740 801 1926 839 contra-

284 867 351 911 rio
371 867 401 910 li
424 868 634 911 catholici
654 883 681 912 a
702 883 796 912 non
824 868 1108 926 aggiongere
1134 870 1291 926 parola
1320 869 1534 924 nissuna,
1554 878 1601 916 et
1622 870 1660 915 si
1691 871 1814 916 tiene
1845 870 1945 928 per'

281 952 407 989 certo
435 947 519 990 che
547 947 641 989 cosi
675 946 714 989 si
745 946 1072 990 conchiuderae
1095 979 1105 999 ,
1136 948 1304 1003 perche
1335 947 1431 991 cosi
1462 947 1505 991 ci
1537 949 1596 992 ha
1627 948 1755 992 detto
1789 961 1816 992 a
1851 948 1927 993 noi

279 1023 432 1079 quello
453 1023 527 1068 del
548 1025 669 1081 Jona
694 1025 723 1068 ¹.
749 1023 1040 1068 Trattandosi
1061 1030 1223 1080 questo
1241 1023 1428 1081 negotio
1446 1038 1598 1070 uenne
1620 1039 1713 1069 una
1729 1026 1892 1071 lettera
1912 1025 1927 1054 f

280 1100 383 1143 dell'
409 1100 555 1144 amico
574 1101 632 1144 de
653 1100 928 1158 Rodriguez,
953 1101 1072 1144 nella
1093 1100 1226 1157 quale
1247 1100 1411 1146 diceua
1432 1102 1508 1145 all'
1528 1110 1714 1159 agente,
1735 1104 1822 1147 che
1844 1117 1925 1147 ue-

279 1177 475 1222 nendosi
492 1193 518 1221 a
533 1177 815 1222 conclusion'
833 1178 1028 1222 alchuna
1044 1179 1129 1222 che
1146 1177 1453 1234 pregiudieasi
1470 1181 1496 1222 a
1513 1179 1582 1222 los
1600 1180 1753 1223 fueros
1769 1194 1860 1235 que
1876 1193 1925 1224 se

281 1255 499 1308 hizieron‚
519 1256 668 1300 donde
689 1269 750 1312 yo
766 1254 872 1300 vine
892 1269 923 1311 y
944 1261 1109 1300 estuue
1130 1269 1264 1311 poco,
1289 1270 1320 1311 y
1343 1259 1473 1300 tome
1490 1260 1612 1300 atras
1629 1271 1739 1313 para
1761 1258 1927 1300 acabar

283 1332 344 1377 mi
366 1331 499 1376 visita
526 1333 738 1390 passada,
768 1331 938 1377 hiziese
965 1346 1057 1375 una
1086 1331 1408 1389 protestacion.
1436 1334 1615 1390 Questa
1635 1334 1796 1378 lettera
1828 1336 1926 1378 fece

280 1409 582 1468 grandissima
603 1410 836 1463 difficolta‚
862 1417 908 1454 et
930 1410 1023 1454 cosi
1046 1409 1087 1454 ci
1111 1410 1311 1453 furonooe
1334 1418 1548 1467 proposte
1566 1411 1671 1456 dall'
1697 1419 1866 1468 agente
1883 1412 1925 1456 le

278 1487 504 1544 questionj
530 1489 615 1531 che
636 1488 679 1531 la
703 1488 799 1531 1³2³
819 1488 905 1532 V.⁸
919 1487 1104 1539 uedera,
1125 1487 1247 1543 quali
1265 1502 1428 1532 sarano
1445 1502 1531 1532 con
1549 1495 1711 1545 questa
1733 1488 1923 1533 insieme

273 1578 363 1609 con
393 1565 436 1610 le
458 1565 756 1622 responsionj.
790 1567 846 1609 Et
877 1565 1003 1609 accio
1040 1565 1084 1608 la
1119 1566 1215 1608 ΡΒ
1236 1566 1321 1609 V.²
1355 1565 1491 1625 habia
1523 1565 1843 1610 informatione
1877 1566 1923 1609 di

248 1648 253 1649 ⁷
277 1642 429 1699 quello
450 1644 535 1687 che
562 1643 604 1686 la
631 1642 668 1686 si
691 1650 835 1695 tocca‚
861 1643 1028 1687 mando
1056 1642 1102 1685 in
1139 1657 1199 1685 un
1222 1643 1335 1686 altra
1364 1642 1577 1686 scrittura
1606 1649 1814 1699 separata
1846 1642 1923 1699 piu

277 1720 321 1764 al
341 1720 517 1777 lungho
538 1720 580 1763 la
602 1719 905 1776 explicatione
926 1719 1043 1764 delle
1066 1726 1221 1763 nostre
1243 1718 1528 1776 responsionj
1553 1720 1586 1763 ¹.

368 1810 411 1852 4.
478 1799 535 1841 Et
557 1804 675 1842 tutte
702 1804 862 1853 queste
890 1796 1102 1840 scritture
1129 1796 1167 1840 si
1199 1797 1426 1840 mandano
1448 1812 1474 1840 a
1497 1798 1554 1841 V.
1583 1798 1636 1841 P.
1663 1812 1742 1854 per
1771 1797 1799 1840 il
1831 1798 1922 1841 fine

281 1875 356 1932 gia
375 1870 519 1927 detto,
539 1875 706 1932 perche
724 1874 935 1919 temiamo
950 1875 1279 1931 grandemente
1297 1875 1398 1927 che,
1420 1876 1456 1918 ε’
1477 1873 1524 1917 in
1546 1881 1709 1930 questo
1733 1874 1924 1931 negotio

280 1959 408 1997 tanto
428 1952 699 2009 importante
721 1959 768 1997 et
788 1951 1038 2009 pericoloso
1060 1951 1098 1995 si
1120 1966 1178 1995 ua
1200 1951 1247 1994 in
1271 1952 1422 2005 frena,
1449 1967 1541 1996 non
1563 1952 1602 1995 si
1632 1951 1805 2009 uenghi
1819 1950 1843 1980 ¹²
1865 1954 1921 1995 ad

280 2044 371 2074 una
393 2031 566 2087 grande
587 2036 765 2074 rottura
785 2036 832 2074 et
853 2030 1004 2073 danno
1026 2028 1378 2086 irrecuperabile
1402 2028 1430 2084 ¹,
1450 2030 1652 2073 secondo
1673 2029 1716 2074 le
1737 2029 1920 2073 circun-

349 2150 370 2171 2·
400 2144 469 2178 Bo.
501 2142 824 2178 avversarii.-b
855 2142 925 2177 Bo.
953 2142 1198 2189 grande.—c
1239 2141 1310 2177 Bo.
1337 2143 1539 2189 potessero
1567 2140 1777 2189 conferma
1807 2153 1919 2178 re.—

275 2202 297 2231 d
326 2203 396 2238 Bo.
416 2202 469 2238 ita
487 2201 677 2248 expolivit
701 2212 814 2248 seqq.
840 2212 964 2248 usque
988 2199 1037 2236 ad
1060 2201 1229 2236 nissuna
1253 2199 1369 2237 incl.:
1393 2199 1465 2237 Gli
1481 2202 1712 2238 avversarii
1728 2200 1921 2237 volevano

273 2263 329 2299 ad
358 2262 455 2310 ogni
485 2261 601 2296 modo
629 2261 885 2308 aggiungere
915 2262 1018 2295 certe
1047 2259 1274 2296 condizioni
1302 2262 1424 2308 sopra
1449 2261 1566 2296 modo
1589 2260 1874 2305 intollerabili‚·
1900 2273 1920 2297 e

272 2324 442 2358 stavano
468 2324 543 2368 per
571 2320 603 2356 il
620 2319 826 2355 contrario
853 2319 870 2354 i
892 2319 1070 2355 cattolici
1092 2331 1118 2354 a
1143 2330 1222 2354 non
1247 2319 1505 2368 aggiungere
1523 2319 1675 2367 parola
1699 2319 1919 2356 alcuna.—

275 2389 294 2410 e
309 2382 383 2417 Bo.
408 2380 538 2416 omitt.
566 2387 609 2414 10
638 2379 759 2414 verba
777 2377 961 2426 seqq.—f
1004 2378 1078 2414 Bo.
1111 2377 1166 2414 ita
1183 2378 1351 2414 mutavit
1375 2390 1488 2426 seqq.
1512 2390 1637 2427 usque
1655 2378 1703 2414 ad
1722 2381 1918 2426 protesta-

274 2441 366 2478 cidn
390 2439 510 2476 incl.:
537 2439 601 2475 del
626 2439 758 2485 Papa,
776 2437 886 2474 nella
909 2437 1027 2484 quale
1045 2437 1185 2473 diceva
1211 2438 1254 2473 al
1283 2437 1447 2487 Legato,
1464 2439 1530 2475 che
1548 2438 1763 2475 venendosi
1779 2450 1805 2473 a
1829 2449 1916 2474 con·

273 2500 450 2538 elusione
467 2499 617 2535 alcuna
634 2498 700 2533 che
714 2497 1018 2544 pregiudicasse
1041 2496 1085 2532 ai
1102 2497 1253 2544 diritti,
1263 2497 1421 2544 facesse
1439 2510 1524 2533 una
1537 2499 1734 2545 protesta.
1758 2495 1916 2544 Omnia,

276 2571 377 2608 quae
400 2558 551 2595 Natalis
578 2568 757 2594 sermone
779 2556 944 2603 hispano
967 2555 1031 2592 hic
1049 2556 1221 2603 scripsit,
1240 2556 1372 2594 omisit
1389 2558 1485 2601 Bo.;
1506 2556 1609 2593 unde
1633 2567 1810 2592 mancam
1827 2556 1917 2593 reli-

276 2618 362 2667 quit
379 2617 631 2662 sententiam,
650 2622 690 2652 et
707 2627 777 2663 pro
795 2620 877 2651 tota
906 2615 1080 2651 clausula
1111 2614 1327 2662 hispanica,
1345 2627 1463 2664 quam
1481 2627 1598 2663 supra
1615 2614 1914 2662 explicavimus,

235 2664 242 2671 ’
277 2679 408 2727 posuit
423 2676 624 2725 generalia
641 2675 707 2711 illa
724 2674 802 2711 duo
819 2675 954 2710 verba:
974 2674 1018 2710 ai
1034 2674 1185 2710 diritti.
1200 2681 1260 2709 -ε
1289 2675 1360 2711 Bo.
1379 2674 1586 2722 sequentia
1604 2674 1658 2710 ita
1677 2675 1912 2721 composuit:

267 2741 454 2786 proposte
470 2736 541 2773 dal
562 2735 710 2783 Legato
727 2734 763 2770 le
785 2734 993 2781 quistioni,
1012 2734 1078 2770 che
1106 2733 1148 2768 V.
1168 2733 1223 2769 Ρ.
1246 2734 1371 2770 ὐεᾱνὰ
1390 2746 1462 2770 con
1481 2736 1637 2781 questa,
1655 2733 1823 2770 insieme
1842 2745 1915 2770 con

271 2798 307 2834 le
325 2798 508 2845 risposte.
532 2795 570 2831 E
590 2794 698 2831 accio
725 2794 768 2829 V.
788 2793 842 2829 P.
864 2792 981 2828 abbia
997 2791 1296 2840 informazione
1319 2793 1364 2829 di
1388 2793 1522 2840 quello
1540 2793 1606 2829 che
1623 2793 1668 2828 in
1686 2804 1765 2829 esse
1784 2793 1820 2828 si
1837 2795 1913 2829 toc-

267 2869 336 2899 ca‚
366 2856 517 2892 mando
545 2855 591 2890 in
620 2866 677 2889 un
706 2853 818 2889 altra
847 2852 1043 2888 scrittura
1068 2854 1259 2899 separata
1289 2851 1332 2888 la
1354 2851 1617 2900 esplicazione
1647 2851 1749 2888 delle
1778 2854 1913 2888 nostre

267 2915 453 2962 risposte.
466 2912 532 2940 —h
552 2913 626 2947 Bo.
649 2910 865 2959 venga.-¹
897 2911 967 2946 Bo.
987 2910 1272 2957 irreparabile.

341 3005 351 3025 ¹
403 3000 731 3047 Archiepiscopus
765 3010 820 3035 sc.
839 2998 1084 3045 trevirensis,
1103 2998 1275 3044 Joannes
1294 3010 1372 3035 von
1395 2998 1466 3035 der
1492 2997 1756 3045 Leyen.Vide
1774 3010 1909 3046 supra,

270 3073 359 3110 pag.
380 3061 438 3108 96,
461 3068 521 3106 97,
540 3064 678 3095 annot.
705 3066 738 3094 1.

341 3123 357 3144 ³
406 3120 519 3156 Hanc
536 3116 836 3165 explicationem
853 3117 975 3153 habes
993 3115 1106 3158 infra,
1125 3116 1201 3152 sub
1218 3116 1349 3153 littera
1365 3117 1415 3154 E.
