2228 3548
683 294 940 332 PROOEMIUM
966 304 1106 333 TER'rn
1130 303 1362 334 voummrs
1712 306 1799 334 XXV

195 403 287 440 tur.
315 397 414 440 Hos
440 403 511 441 «et
531 396 646 441 alios
673 396 720 440 id
748 412 898 455 genus
925 411 1096 442 naevos
1118 397 1166 442 in
1193 397 1271 442 tali
1299 400 1435 444 Patre
1462 399 1841 444 dissimulandos»

193 480 414 524 censebat
441 479 669 533 Canisius,
702 480 989 525 Mercuriano
1020 481 1077 524 26
1097 480 1224 539 Junii
1258 492 1367 538 1575
1403 482 1625 527 scribens.
1658 485 1844 529 Mercu-

198 563 353 607 rianus
380 563 488 608 item
516 564 731 617 Hoffaeo,
756 563 1015 621 provinciae
1033 565 1323 618 moderatori,
1346 566 1426 623 qui
1447 574 1572 612 certe
1588 574 1634 611 et
1656 567 1843 611 Canisio

193 654 243 691 et
277 647 376 691 aliis
404 647 608 705 egregiis
634 648 743 692 viris
778 647 912 692 nimis
939 663 1051 706 erga
1077 649 1278 706 seipsum
1306 657 1353 695 et
1380 665 1492 708 erga
1519 651 1632 696 alios
1666 650 1844 709 rigidus
1918 679 1921 681 -

193 731 453 785 videbatur,
478 733 591 776 haec
612 731 730 776 inter
751 731 838 776 alia
859 733 917 777 de
934 732 1086 777 Natali
1102 733 1298 790 scripsit:
1327 735 1529 779 «Omnes
1546 749 1656 780 uero
1679 736 1843 780 fratres

191 822 391 869 nostros,
410 829 492 872 pro
509 830 593 859 sua
607 815 655 858 in
673 816 980 861 uenerandam
1003 815 1124 860 illam
1142 816 1355 863 canitiem
1377 818 1683 872 obseruantia,
1704 817 1840 875 aequi

189 898 390 955 bonique
411 900 702 943 consulturos
729 899 880 956 siquid
907 900 1137 944 interdum
1158 902 1294 958 paulo
1315 902 1503 947 liberius
1532 903 1590 946 ab
1618 892 1718 960 ipso
1738 902 1838 948 fieri

189 983 518 1039 perspexerint.
539 985 633 1028 T.m
647 985 741 1029 R.¹¹¹
755 983 921 1027 iterum
939 990 1075 1040 atque
1092 984 1258 1029 iterum
1273 987 1454 1042 postulo
1470 978 1644 1030 bonum
1659 1002 1834 1040 senem,

187 1065 358 1122 quibus
374 1066 556 1123 poterit,
581 1066 743 1110 studiis
760 1066 1011 1124 officiisque
1031 1068 1244 1124 prosequi
1266 1083 1357 1112 non
1375 1069 1677 1126 fatigetur...»
1700 1071 1834 1127 (824).

282 1149 505 1203 Tandem,
530 1150 710 1207 expleto
724 1150 821 1206 jam
843 1150 959 1195 libro
986 1150 1335 1195 meditationum
1365 1151 1486 1198 vitae
1518 1153 1689 1197 Christi
1718 1153 1834 1198 ima-

193 1231 381 1289 ginibus
402 1241 639 1286 exornato,
665 1233 918 1278 emendatis
940 1233 1142 1290 scholiis,
1161 1234 1540 1279 instructionibus
1557 1243 1603 1282 et
1620 1237 1837 1281 observa-

197 1315 397 1360 tionibus
427 1315 755 1373 spiritualibus,
791 1316 952 1361 aetatis
985 1332 1105 1362 anno
1136 1318 1492 1376 septuagesimo,
1528 1320 1762 1363 laboribus
1792 1328 1838 1364 et

190 1398 559 1456 aegritudinibus
579 1400 858 1454 debilitatus,
882 1401 1159 1447 Germaniae
1187 1401 1358 1459 frigora
1384 1402 1558 1456 timere,
1583 1410 1629 1447 et
1657 1403 1835 1448 caelum

189 1481 344 1527 Italiae
365 1482 571 1540 cogitare
592 1484 759 1541 coepit,
779 1485 902 1541 quod
924 1485 1107 1541 quidem
1125 1485 1166 1531 ei
1188 1485 1416 1530 salubrius
1435 1487 1639 1530 futurum
1662 1486 1829 1531 medici

187 1573 471 1611 censuerunt
492 1568 627 1626 (731).
654 1569 783 1614 Haec
806 1559 956 1613 omnia
978 1568 1235 1626 praeposito
1257 1570 1461 1627 generali
1481 1570 1708 1628 exposuit,
1733 1571 1829 1628 qui,

189 1651 315 1694 nulla
334 1665 463 1696 mora
484 1651 767 1709 interposita,
794 1652 944 1697 Natali
961 1652 1157 1710 scripsit,
1181 1660 1233 1697 ut
1255 1653 1489 1708 Venetias,
1516 1654 1588 1699 vel
1610 1654 1833 1699 Mediola-

190 1748 317 1789 num,
341 1741 422 1779 aut
443 1736 633 1779 Romam
655 1750 705 1781 se
726 1738 970 1789 conferret,
996 1736 1134 1793 idque
1156 1737 1467 1795 gratissimum
1489 1737 1575 1781 sibi
1605 1739 1699 1782 fore
1727 1753 1832 1782 sae-

191 1817 309 1874 pius,
333 1825 379 1862 et
395 1819 548 1864 verbis
562 1834 715 1864 amore
731 1820 895 1877 plenis,
915 1820 957 1866 ei
975 1820 1253 1878 significavit
1268 1822 1389 1880 (736,
1411 1833 1514 1877 744,
1535 1823 1652 1879 747).
1669 1821 1832 1879 Igitur,

187 1908 388 1947 exeunte
410 1917 566 1948 mense
588 1886 824 1961 Augusto,
848 1919 968 1948 anno
1003 1915 1132 1960 1577,
1162 1905 1336 1950 Italiam
1364 1905 1509 1963 petiit,
1535 1913 1582 1950 et
1613 1904 1835 1951 Venetias

191 1986 398 2042 pervenit
426 1999 476 2042 13
499 1987 784 2043 Septembris
806 1989 925 2046 (748,
953 1987 1070 2046 749).
1092 1988 1300 2034 Venetiis
1316 1989 1583 2034 immoratus
1599 1996 1670 2033 est
1688 2003 1835 2046 usque

186 2070 247 2113 ad
282 2085 365 2115 ver
392 2069 499 2114 anni
532 2071 661 2126 1578,
696 2085 787 2127 quo
817 2072 1000 2116 tandem
1029 2073 1220 2116 Romam
1246 2087 1474 2126 reversus,
1499 2073 1684 2117 ultimos
1710 2072 1833 2118 vitae

184 2167 300 2197 suae
322 2167 466 2197 annos
487 2153 535 2196 in
556 2154 693 2198 domo
715 2155 995 2211 probationis
1017 2155 1164 2199 sancti
1180 2157 1396 2202 Andreae
1417 2157 1657 2214 transegit,
1682 2156 1834 2201 miris-

187 2252 280 2294 que
301 2237 602 2292 obedientiae,
627 2238 930 2292 demissionis,
955 2239 1250 2296 omniumque
1272 2241 1492 2285 virtutum
1514 2241 1734 2298 exemplis
1750 2256 1833 2285 no-

188 2321 313 2365 vitiis
352 2321 520 2367 ibidem
557 2322 948 2367 commorantibus
984 2324 1238 2380 praefulsit,
1277 2325 1425 2370 donec
1461 2324 1655 2369 vinculis
1692 2325 1831 2382 hujus

190 2404 479 2450 mortalitatis
500 2406 694 2461 solutus,
718 2406 791 2450 die
815 2419 840 2462 3
863 2406 1034 2464 Aprilis
1055 2407 1163 2451 anni
1190 2409 1317 2464 1580,
1342 2409 1400 2453 ad
1421 2423 1612 2466 superos
1634 2409 1832 2453 evolavit

189 2488 311 2546 (751,
338 2488 458 2546 852)-

281 2573 433 2630 Hujus
454 2572 632 2630 egregii
652 2573 738 2617 viri
759 2581 890 2630 gesta
912 2581 957 2619 et
978 2574 1172 2620 virtutes
1193 2576 1383 2620 summis
1410 2575 1623 2619 laudibus
1651 2576 1832 2620 extule—

189 2663 296 2700 runt
333 2657 591 2713 complures
619 2656 862 2702 sanctitate
887 2664 934 2701 et
961 2657 1150 2703 scientia
1177 2659 1413 2717 conspicui
1440 2659 1542 2722 viri,
1577 2658 1623 2702 in
1660 2659 1829 2715 quibus

184 2738 410 2796 singulari
436 2740 667 2786 mentione
699 2740 829 2798 digni
856 2755 1042 2798 prorsus
1070 2743 1227 2787 haberi
1253 2744 1422 2788 debent
1455 2746 1508 2787 Β.
1540 2743 1747 2800 Ignatius
1772 2744 1832 2786 de

185 2822 405 2868 Acevedo
422 2829 468 2867 et
484 2824 798 2868 Gundisalvus
814 2824 871 2869 de
888 2823 1096 2879 Silveira,
1108 2825 1186 2882 qui
1202 2826 1473 2870 catholicam
1491 2826 1628 2870 fidem
1645 2825 1830 2883 proprio

181 2905 412 2962 sanguine
453 2907 791 2951 confirmarunt
832 2908 1100 2965 (828-830),
1139 2909 1454 2953 Gundisalvus
1482 2910 1596 2964 Vaz,
1630 2908 1831 2953 Michael

183 2987 245 3031 de
269 2988 452 3033 Bairros
488 2990 609 3048 (827,
651 2991 754 3043 828,
795 2991 913 3047 830),
961 2991 1010 3036 S.
1056 2991 1328 3037 Franciscus
1365 2992 1535 3049 Borgia
1557 2993 1661 3050 (754
1696 2992 1822 3048 etc.),

188 3072 244 3114 Β.
286 3073 452 3116 Petrus
489 3073 702 3118 Canisius
739 3075 858 3132 (762,
900 3075 1004 3129 776,
1044 3075 1169 3133 etc.),
1210 3075 1445 3120 Emericus
1476 3077 1513 3119 F
1515 3076 1657 3121 orsler
1689 3075 1826 3133 (780),

835 0 1446 33 7.12*,!‘⁴2·57155s321r7⁷·1?3{3-11'·*rr3-<9f‘2‘02t'xxf2
1468 0 1540 25 ξιτψ
1551 0 1564 22 f.
1574 0 1630 19 ·.<·-.’-
1643 3 1665 23 ‘5
1680 0 1722 25 χὴ
1736 0 1739 4 ’
1754 0 1800 22 ψ’·
1831 0 1856 25 .''
1894 0 1899 2 ·
1927 0 1946 17 v
1960 0 1993 12 *2-
2008 0 2083 25 ‘W'
2101 0 2108 3 ·
