2228 3548
362 289 434 326 492
885 277 1023 312 Emsr.
1050 274 1095 311 P.
1123 275 1395 322 NADAL-488

313 380 465 425 scriue
496 380 538 422 13
570 381 622 422 P.
649 380 706 422 V.
729 369 819 423 ι0116
846 377 947 422 (1106
975 378 1095 422 116113
1125 383 1260 421 suaa:
1295 378 1458 434 «quelli
1488 380 1573 424 che
1594 378 1710 422 finiti
1738 376 1813 421 doi
1842 378 1950 422 anni

315 460 465 500 hanno
483 457 595 499 satta
611 455 763 499 buona
780 453 1050 511 probatione
1066 456 1103 498 s'
1127 453 1378 498 accettino»
1389 489 1398 499 .
1418 456 1466 499 Io
1482 454 1668 499 intendo
1690 457 1777 500 che
1797 457 1950 499 hanno

316 549 342 577 a
364 535 459 576 fare
480 531 556 576 doi
578 531 685 575 anni
706 532 763 575 de
786 530 1071 588 probatione,
1097 545 1124 574 0
1147 530 1381 575 continuoi
1403 546 1430 575 0
1446 531 1766 586 discontinuoi,
1792 539 1838 577 et
1854 535 1949 576 cosi

313 610 526 654 hauendo
548 608 578 651 li
607 615 771 664 quatro
793 608 889 652 voti
911 608 1018 653 delli
1045 607 1146 661 tali,
1172 608 1211 651 si
1242 609 1472 665 possonob
1493 615 1689 654 acettare
1722 609 1877 654 auanti
1899 611 1944 653 d’

313 685 497 730 alchuni
514 685 810 742 per-scholari
833 685 1087 743 approbati.
1108 687 1166 730 V.
1186 687 1246 730 P.
1270 687 1329 728 m'
1350 685 1640 741 aduertischi,
1660 700 1789 731 come
1809 687 1854 731 lo
1875 687 1948 730 in—

314 764 467 817 tende,
491 764 658 820 perche
681 777 794 806 sono
815 763 943 807 molti
959 778 1039 820 per
1056 763 1103 806 di
1125 777 1216 819 qua
1232 765 1317 807 che
1333 778 1446 807 sono
1463 763 1567 807 stati
1583 763 1661 820 piu
1677 764 1734 809 de
1749 764 1825 808 doi
1842 765 1949 808 anni

312 842 433 886 nella
455 840 757 897 Compagnia,
782 847 828 885 et
850 842 1004 884 hanno
1027 841 1139 884 satta
1160 842 1313 886 buona
1334 840 1615 898 probatione,
1636 855 1710 885 ma
1730 856 1822 885 non
1841 849 1859 870 ‘³
1872 842 1948 886 doi

314 917 424 961 anni
445 918 503 962 de
524 917 808 974 probatione.

406 1009 448 1051 3.
513 994 731 1052 Supplico
752 995 796 1038 la
819 997 872 1039 P.
899 995 958 1039 V.
984 994 1045 1038 mi
1066 995 1220 1039 mandi
1241 996 1391 1051 quello
1413 997 1488 1039 ch’
1507 995 1538 1038 11
1561 997 1614 1039 P.
1635 995 1950 1054 Ribadeneyra

314 1074 374 1115 ha
395 1071 554 1116 scritto
576 1071 696 1116 circa
717 1071 823 1117 delli
844 1071 1083 1115 infortunii
1109 1073 1318 1116 accaduti
1345 1088 1372 1117 a
1401 1072 1538 1129 quelli
1565 1075 1650 1117 che
1678 1087 1791 1116 sono
1814 1073 1949 1117 usciti

311 1150 431 1195 della
458 1149 743 1207 Compagnia
769 1151 791 1192 ¹.
828 1151 886 1193 Et
917 1157 1078 1206 questo
1107 1165 1133 1194 a
1165 1151 1315 1207 quella
1342 1151 1387 1194 di
1418 1165 1459 1207 3,
1485 1152 1602 1196 nella
1634 1152 1767 1208 quale
1799 1155 1950 1195 tamen

314 1241 406 1271 non
428 1227 616 1271 intendo
639 1227 789 1282 quello
811 1228 898 1270 che
918 1226 1018 1271 dice
1041 1228 1084 1272 la
1106 1230 1159 1272 P.
1186 1229 1264 1282 V.,
1286 1235 1456 1284 quanto
1473 1229 1515 1271 al
1536 1228 1713 1273 diuidet
1731 1229 1777 1273 la
1797 1243 1951 1274 mezza

311 1306 423 1348 hora
445 1304 549 1349 dell’
575 1303 781 1348 oratione
802 1304 920 1360 dopo
948 1318 1078 1359 cena,
1103 1307 1271 1360 perche
1293 1305 1394 1350 dice
1423 1305 1517 1349 cosi
1545 1306 1588 1349 la
1615 1306 1792 1351 lettera:
1822 1323 1840 1347 «
1865 1295 1964 1350 Pifl'

314 1387 466 1438 presto
487 1380 548 1423 mi
569 1396 677 1438 pare
698 1381 951 1437 puotrebbe
972 1381 1161 1427 riuscire
1184 1383 1265 1427 far'
1291 1389 1359 1427 tre
1387 1383 1535 1439 quarti
1557 1382 1603 1426 di
1625 1385 1737 1427 hora
1753 1384 1795 1427 la
1817 1382 1951 1427 mati-

315 1473 388 1511 na,
413 1472 505 1502 vno
526 1457 680 1501 auanti
703 1457 749 1501 di
769 1458 993 1512 desinare,
1019 1466 1065 1504 et
1087 1459 1201 1503 altro
1222 1461 1342 1517 dopo
1364 1474 1477 1504 cena
1489 1476 1526 1504 »z
1554 1468 1599 1505 et
1622 1464 1773 1504 tamen
1790 1466 1953 1517 questo

313 1535 507 1580 sarebbe
534 1535 660 1580 leuar
689 1550 750 1578 vn
779 1542 956 1592 quarto,
990 1544 1036 1580 et
1068 1551 1160 1580 non
1190 1539 1347 1582 hauer'
1372 1539 1416 1581 d’
1441 1537 1647 1582 oratione
1675 1553 1724 1583 se
1751 1552 1844 1581 non
1871 1539 1950 1582 vn’

314 1614 426 1656 hora
448 1618 493 1657 et
513 1627 575 1654 vn
596 1611 683 1666 4⁰3
709 1612 740 1655 il
761 1614 846 1658 che
868 1628 959 1657 non
981 1615 1043 1658 ho
1065 1615 1222 1658 voluto
1244 1614 1477 1671 essequire
1498 1614 1616 1659 insin
1639 1617 1724 1660 che
1746 1616 1789 1659 la
1806 1617 1860 1659 P.
1887 1617 1946 1659 V.

316 1704 390 1735 1116
411 1690 455 1732 10
477 1689 691 1734 dechiari.
1487 1747 1489 1749 Ι

403 1779 447 1821 4.
512 1768 699 1822 Quanto
721 1783 747 1811 a
770 1769 917 1823 quella
939 1770 996 1814 de
1019 1781 1090 1812 20.
1117 1769 1206 1814 Gia
1233 1771 1292 1813 ha
1313 1769 1430 1814 visto
1457 1771 1500 1813 la
1522 1772 1576 1814 P.
1602 1771 1660 1814 V.
1685 1772 1769 1814 che
1797 1769 1950 1814 subito

314 1845 400 1887 che
429 1843 565 1887 veddi
593 1858 684 1887 non
713 1846 852 1889 esser’
876 1846 1090 1902 pericolo,
1122 1846 1269 1909 passai
1296 1861 1377 1904 per
1409 1854 1526 1891 tutta
1553 1848 1589 1891 F
1592 1846 1749 1891 iandra
1775 1847 1818 1890 al
1844 1847 1950 1891 lun·

315 1935 378 1978 go
404 1920 442 1965 d.
467 1920 517 1965 Si
538 1935 596 1964 va
617 1920 919 1965 sicuramente
941 1937 1019 1979 per
1042 1930 1161 1967 tutto
1182 1938 1269 1968 con
1290 1924 1333 1968 la
1361 1924 1507 1981 gratia
1528 1925 1601 1968 del
1623 1924 1837 1981 Signore.
1871 1923 1951 1968 Pi-

315 1997 461 2055 gliaro
482 1998 513 2040 l’
533 1997 772 2041 occasione
794 1998 840 2041 di
862 1999 1110 2044 dimandar’
1129 2000 1334 2058 suggetti
1355 2002 1413 2044 da
1434 2002 1633 2058 Spagna‚
1654 2016 1703 2045 se
1719 2001 1751 2044 il
1771 2016 1822 2046 re
1839 2000 1951 2045 Phi-

315 2075 438 2132 lippo
459 2074 711 2119 dimandasi
735 2076 801 2118 far
822 2076 1002 2133 collegii
1030 2092 1111 2134 per
1132 2091 1215 2121 sua
1235 2085 1364 2134 parte
1385 2078 1432 2121 in
1453 2086 1612 2134 queste
1634 2078 1952 2131 bande,-come

318 2152 362 2195 la
385 2154 438 2196 P.
464 2153 522 2196 V.
548 2151 610 2194 mi
632 2151 796 2206 scriue3
821 2154 996 2197 benche
1012 2168 1102 2197 non
1121 2169 1240 2212 nega
1257 2157 1341 2199 che
1362 2155 1406 2198 d’
1432 2155 1545 2199 altro
1561 2155 1695 2198 modo
1717 2154 1755 2198 si
1770 2153 1952 2211 possino

313 2228 594 2283 dimandare,
620 2228 812 2272 dicendo
835 2230 898 2286 (se
925 2233 1087 2286 puotra
1108 2232 1274 2276 vedere
1305 2246 1354 2277 se
1382 2232 1481 2275 sara
1509 2231 1743 2288 spediente
1771 2230 1950 2274 diman-

314 2306 462 2360 darli).
485 2307 542 2349 Et
563 2309 714 2348 tamen
731 2305 775 2349 io
796 2321 887 2349 non
909 2307 970 2350 mi
991 2307 1168 2352 ricordo
1189 2310 1344 2353 hauer’
1365 2309 1535 2354 intesso
1550 2309 1669 2352 dalla
1686 2311 1739 2352 P.
1762 2309 1819 2352 V.
1845 2309 1947 2361 0116,

314 2384 526 2427 hauendo
547 2382 675 2426 finita
695 2383 739 2426 la
759 2382 891 2426 visita
913 2384 958 2426 di
980 2385 1016 2428 F
1018 2384 1175 2429 iandra
1192 2386 1292 2443 (che
1313 2385 1494 2442 puotria
1514 2388 1651 2429 esser'
1670 2392 1823 2442 presto
1844 2384 1950 2427 fini-

313 2467 376 2513 ta,
401 2475 451 2505 se
472 2459 515 2504 10
537 2474 629 2504 11011
651 2459 740 2503 fusi
760 2467 931 2504 venuto
953 2462 1040 2505 alla
1061 2462 1218 2519 fonte),
1238 2462 1376 2506 habbi
1393 2463 1450 2506 da
1471 2469 1698 2519 aspettare
1719 2462 1766 2505 in
1787 2467 1948 2517 queste

314 2537 464 2580 bande
485 2538 528 2581 al
550 2551 599 2581 re
621 2536 858 2580 catholico.
885 2538 950 2582 La
971 2540 1025 2581 P.
1047 2540 1104 2583 V.
1125 2541 1185 2582 m’
1205 2538 1479 2583 aduertischi
1500 2539 1545 2582 di
1567 2545 1743 2595 questo,
1768 2552 1817 2582 se
1837 2538 1869 2581 1’
1888 2539 1948 2580 ho

314 2614 373 2657 da
396 2620 622 2670 aspettare
644 2628 671 2657 o
693 2627 800 2666 non,
820 2614 947 2658 finita
963 2616 1006 2659 la
1022 2615 1169 2660 visita.
1193 2617 1378 2672 Quanto
1394 2617 1480 2660 alle
1497 2631 1601 2660 cose
1617 2615 1663 2659 di
1679 2614 1884 2670 Colonia,
1902 2621 1949 2658 61

314 2690 459 2734 mezzi
478 2705 561 2747 per
590 2690 762 2735 euitare
789 2690 853 2747 gli
881 2690 1107 2736 incomodi
1127 2695 1213 2738 che
1234 2693 1265 2736 li
1286 2693 1428 2737 nostri
1452 2695 1608 2736 hanno
1635 2691 1777 2749 patito
1799 2698 1846 2737 et
1865 2706 1948 2748 pa-

314 2766 507 2820 tiscono,
548 2767 593 2811 io
631 2769 691 2810 ho
719 2766 877 2810 scritto
915 2768 991 2825 gia
1027 2784 1054 2813 a
1090 2769 1295 2823 Colonia,
1339 2771 1424 2814 che
1460 2772 1575 2814 Mro.
1607 2769 1845 2814 Leonardo
1866 2768 1882 2789 ²
1904 2775 1951 2812 et

386 2885 407 2905 a
447 2878 635 2925 Sequitur
652 2881 785 2925 questo
803 2878 1052 2916 obliteratum
1070 2892 1093 2916 a
1110 2881 1274 2916 libr.-b
1286 2880 1545 2917 Emendatum
1564 2892 1586 2916 a
1610 2880 1701 2916 libr.
1728 2891 1778 2916 ex
1799 2880 1951 2916 hanno.

310 2941 331 2962 c
350 2934 537 2982 Sequitur
554 2937 601 2972 de
622 2936 874 2973 obliteratum
893 2949 915 2972 a
934 2938 1095 2974 libr.-d
1110 2939 1297 2988 Sequitur
1313 2942 1351 2976 et
1368 2939 1630 2977 obliteratum.

387 3022 396 3042 ¹
448 3024 549 3059 Vide
566 3025 685 3072 epist.
709 3024 794 3071 464,
813 3037 854 3062 n.
873 3036 912 3072 9.

383 3082 398 3102 ²
448 3082 603 3128 Kessel,
621 3088 748 3120 rector
766 3084 922 3131 collegii
940 3085 1194 3124 coloniensis.
