2228 3548
402 279 473 306 XVI
831 264 1088 300 PROOEMIUM
1113 268 1254 297 TERTu
1278 266 1508 297 VOLmssle

355 388 447 418 non
469 370 629 423 labori,
655 383 748 412 non
770 365 1010 410 itineribus
1032 377 1240 420 parcens,
1273 378 1300 406 a
1330 362 1403 406 die
1438 363 1464 405 8
1496 361 1671 419 Aprilis
1708 363 1821 418 1566
1851 365 1909 408 ad
1941 376 1998 408 20

349 457 461 516 Julii
484 455 687 512 ejusdem
711 450 835 504 anni3
862 456 906 494 et
929 448 1093 492 deinde
1117 447 1235 504 (post
1257 446 1475 490 Austriae
1497 446 1842 506 inspectionem)
1866 462 1893 492 a
1923 447 1997 493 die

358 557 383 598 3
407 539 622 586 Octobris
646 551 790 592 usque
813 535 871 577 ad
892 522 1039 576 finem¹
1052 531 1326 576 Novembris
1364 531 1491 586 1566.
1524 531 1616 576 Sex
1643 531 1787 588 igitur
1814 547 1995 578 menses

354 623 573 681 impendit
596 622 642 664 in
665 617 940 664 Germaniae
962 614 1168 672 collegiis
1197 614 1544 671 perlustrandis,
1575 614 1742 670 quibus
1770 615 1994 672 septimus

358 707 461 751 addi
498 710 649 760 potest
686 702 743 745 ab
783 698 911 742 initio
939 712 1002 741 sc.
1045 696 1197 740 Martii
1229 697 1286 739 ad
1316 696 1487 753 primos
1523 696 1695 753 Aprilis
1731 697 1850 749 dies3
1890 713 1994 742 nam

355 789 440 835 etsi
468 803 522 831 eo
551 795 752 842 tempore
779 781 977 839 negotiis
1012 780 1299 837 potissimum
1322 780 1568 837 augustani
1590 789 1845 825 conventus
1865 781 1998 826 disti-

355 879 555 923 neretur,
580 870 723 912 multa
746 867 842 922 jam
871 872 981 908 tunc
1010 878 1115 907 curn
1143 864 1508 909 moderatoribus
1535 863 1820 921 provinciae,
1853 866 1998 909 multa

354 971 457 1000 curn
496 953 682 1010 Borgia,
724 952 782 996 de
819 951 955 994 rebus
993 955 1038 994 et
1076 947 1282 1005 personis
1312 947 1592 992 Germaniae
1624 948 1821 992 contulit
1837 949 1996 1007 (5-62).

357 1038 595 1096 Expetitus
623 1037 768 1079 multo
797 1041 930 1078 antea
957 1048 983 1076 a
1016 1031 1232 1075 Patribus
1264 1031 1496 1088 germanis
1533 1038 1579 1075 et
1611 1047 1638 1075 a
1674 1031 1892 1075 cardinali
1919 1047 1998 1076 au-

356 1131 552 1181 gustano
590 1122 763 1165 Ottone
791 1119 1043 1161 Truchsess
1082 1117 1140 1173 (2,
1177 1115 1420 1171 845—850),
1458 1114 1595 1159 alacri
1633 1115 1809 1160 Natalis
1844 1116 1995 1160 animo

358 1209 443 1251 iter
471 1203 744 1250 Germaniae
772 1201 980 1258 arripuit,
1012 1207 1057 1245 et
1087 1199 1278 1252 fortiter,
1312 1199 1430 1243 inter
1450 1199 1596 1253 nives,
1621 1199 1802 1256 pluvias
1830 1207 1876 1245 et
1911 1215 1991 1258 pe-

358 1290 518 1342 ricula,
558 1286 754 1331 confecit
798 1284 981 1342 (15-18).
1021 1283 1232 1338 Cumque
1267 1282 1439 1326 bellum
1467 1281 1691 1326 turcicum
1719 1282 1991 1338 immineret,

358 1375 406 1418 in
433 1373 544 1416 illud
566 1370 789 1429 proficisci
818 1375 1019 1425 exoptat,
1046 1374 1096 1410 ut
1127 1366 1346 1410 militibus
1372 1366 1577 1411 subsidia
1614 1367 1851 1424 religionis
1882 1382 1995 1412 con·

362 1459 478 1501 ferre
513 1456 682 1508 valeat3
723 1454 803 1497 sed
840 1452 1072 1496 dissuadet
1105 1450 1151 1494 id
1195 1450 1430 1504 Canisius,
1477 1457 1524 1494 et
1565 1450 1736 1508 Borgia
1770 1451 1994 1495 utiliorem

360 1555 542 1598 operam
571 1539 617 1582 in
646 1536 852 1593 collegiis
881 1534 1157 1580 Germaniae
1192 1533 1442 1579 invisendis
1480 1534 1738 1592 positurum
1766 1534 1997 1580 existimat

362 1626 450 1683 (19,
477 1636 548 1679 34,
575 1623 646 1677 56,
674 1622 759 1678 70).
786 1618 1024 1665 Scribendi
1052 1617 1353 1662 ministerium
1385 1631 1467 1674 pro
1493 1617 1611 1661 virili
1641 1619 1766 1663 fovet
1794 1620 1883 1676 (21,
1919 1629 1992 1674 25,
2038 1603 2040 1607 ’

362 1709 434 1761 26,
476 1718 546 1762 37,
586 1718 659 1760 43,
701 1713 772 1759 73,
814 1704 916 1755 821,
958 1702 1076 1758 822).
1118 1700 1507 1758 Augustinianam
1540 1702 1891 1756 confessionem,
1917 1716 1994 1746 or—

363 1791 560 1834 thodoxo
597 1789 768 1832 calamo
808 1786 1040 1842 scriptam,
1073 1791 1360 1842 augustanae
1388 1767 1663 1831 confessioni
1695 1786 1862 1844 opponi
1889 1801 1993 1843 pro·

361 1877 438 1918 bat
461 1873 562 1931 (21).
588 1874 638 1916 In
660 1870 939 1916 Kemnitium
960 1869 1099 1913 libros
1122 1869 1432 1926 apologeticos
1454 1885 1481 1914 a
1504 1869 1645 1914 Paiva
1665 1870 1802 1914 scribi
1823 1871 1991 1928 satagit

362 1959 449 2016 (84,
495 1970 591 2012 123,
634 1956 734 2011 356,
775 1965 883 2009 357,
923 1954 1041 2009 435).
1083 1953 1259 1997 Libello
1299 1953 1478 1997 comitis
1518 1953 1705 2011 palatini
1743 1968 1769 1998 a
1806 1954 1991 1999 Canisio

360 2040 621 2097 responderi
643 2046 772 2082 curat
795 2039 882 2095 (72,
905 2037 992 2093 73).
1019 2037 1094 2079 Ab
1112 2036 1399 2093 imperatrice
1416 2036 1626 2094 primum,
1650 2036 1757 2082 dein
1772 2038 1831 2081 ab
1847 2037 1992 2094 impe-

361 2131 508 2167 ratore
530 2122 717 2166 comiter
740 2126 974 2176 exceptus,
999 2119 1179 2163 illorum
1202 2134 1314 2176 erga
1334 2119 1611 2165 Societatem
1627 2120 1992 2166 benevolentiam

362 2206 581 2251 demereri
604 2206 756 2249 studet
780 2204 868 2261 (27,
896 2214 967 2257 37,
995 2216 1066 2260 39,
1092 2203 1180 2261 49).
1207 2203 1483 2248 Germaniae
1505 2203 1859 2258 amantissimus,
1879 2205 1993 2262 opti-

362 2290 445 2333 mis
466 2290 587 2332 illam
609 2286 824 2344 operariis
846 2292 891 2329 et
914 2285 1211 2342 scriptoribus
1232 2286 1379 2330 dotari
1400 2286 1532 2331 enixe
1560 2288 1761 2343 postulat
1794 2289 1882 2346 (32,
1915 2302 1987 2344 33,

361 2385 434 2427 42,
462 2383 532 2427 51,
564 2381 661 2425 155,
687 2382 789 2422 201,
815 2369 918 2421 216,
943 2368 1060 2424 etc).
1085 2370 1288 2426 Juvenes
1310 2376 1439 2426 aptos
1460 2370 1517 2413 ad
1535 2369 1812 2415 Societatem
1830 2385 1990 2428 quam·-

362 2456 513 2511 plures
536 2453 713 2497 admitti
734 2458 934 2508 exoptat,
958 2459 1004 2495 et
1027 2463 1082 2507 50
1105 2453 1312 2497 alumnos
1334 2468 1577 2510 germanos
1598 2455 1769 2498 Romae
1790 2469 1817 2498 a
1837 2454 1989 2511 ponti·
2015 2463 2019 2467 '

361 2539 446 2582 fice
479 2536 722 2582 sustentari
758 2535 883 2591 cupit
918 2536 1050 2592 (138).
1082 2535 1371 2580 Novitiorum
1406 2536 1561 2580 domui
1603 2536 1988 2582 contributionem

361 2621 554 2677 collegia
575 2619 771 2676 pendere
794 2625 925 2661 curat
954 2619 1072 2675 (332,
1104 2620 1206 2673 782,
1239 2620 1355 2676 783).
1382 2622 1473 2664 Pro
1500 2620 1693 2678 collegio
1714 2635 1901 2664 romano
1922 2622 1989 2665 la—

361 2704 491 2747 borat
520 2703 651 2760 (193).
683 2703 908 2745 Votorum
943 2700 1212 2758 simplicium
1240 2702 1480 2748 Societatis
1506 2703 1767 2748 firmitatem
1788 2704 1991 2749 defendit

363 2786 495 2844 (194).
528 2784 761 2828 Canisium
791 2783 930 2827 sacris
958 2784 1321 2840 expeditionibus
1356 2785 1658 2841 liberandum,
1702 2787 1841 2843 idque
1876 2801 1993 2844 pon·
2066 2808 2071 2811 ⁷

363 2868 473 2912 tifici
504 2882 690 2910 romano
727 2867 1010 2911 suadendum
1038 2874 1167 2923 putat
1205 2869 1328 2925 (133,
1365 2879 1463 2924 135,
1494 2869 1619 2926 etc.).
1649 2870 1772 2926 Erga
1799 2871 1994 2914 Germa-

362 2950 482 2994 niam
505 2964 679 2993 summa
699 2947 983 3005 benignitate
1005 2951 1226 2994 utendum
1253 2958 1427 3006 censet,
1451 2951 1588 3008 idque
1609 2952 1742 2997 enixe
1764 2953 1813 2997 S.
1840 2953 1924 2997 Pio
1947 2954 1990 2997 V

360 3032 703 3091 proponendum
724 3031 904 3087 saepius
926 3031 1122 3076 inculcat
1143 3033 1189 3077 in
1213 3034 1307 3078 suis
1329 3034 1530 3092 epistolis
1551 3035 1749 3093 Borgiae
1770 3035 1904 3090 datis,
1929 3051 1986 3081 ex
