<?xml version="1.0" encoding="UTF-8"?>
<!DOCTYPE html PUBLIC "-//W3C//DTD XHTML 1.0 Transitional//EN"
    "http://www.w3.org/TR/xhtml1/DTD/xhtml1-transitional.dtd">
<html xmlns="http://www.w3.org/1999/xhtml" xml:lang="en" lang="en">
 <head>
  <title>
</title>
<meta http-equiv="Content-Type" content="text/html;charset=utf-8" />
  <meta name='ocr-system' content='tesseract 3.04.00' />
  <meta name='ocr-capabilities' content='ocr_page ocr_carea ocr_par ocr_line ocrx_word'/>
</head>
<body>
  <div class='ocr_page' id='page_1' title='image "./epistolaephieron03nadauoft_0754.png"; bbox 0 0 2228 3548; ppageno 0'>
   <div class='ocr_carea' id='block_1_1' title="bbox 387 314 1418 364">
    <p class='ocr_par' dir='ltr' id='par_1_1' title="bbox 387 314 1418 364">
     <span class='ocr_line' id='line_1_1' title="bbox 387 314 1418 364; baseline -0.002 -10"><span class='ocrx_word' id='word_1_1' title='bbox 387 318 456 364; x_wconf 88' lang='lat'>716</span> <span class='ocrx_word' id='word_1_2' title='bbox 906 316 1043 352; x_wconf 74' lang='lat' dir='ltr'>EPIST.</span> <span class='ocrx_word' id='word_1_3' title='bbox 1071 314 1117 351; x_wconf 92' lang='lat' dir='ltr'>P.</span> <span class='ocrx_word' id='word_1_4' title='bbox 1145 315 1418 363; x_wconf 71' lang='lat' dir='ltr'><strong>NADAL—593</strong></span> 
     </span>
    </p>
   </div>
   <div class='ocr_carea' id='block_1_2' title="bbox 331 416 1978 551">
    <p class='ocr_par' dir='ltr' id='par_1_2' title="bbox 331 416 1978 551">
     <span class='ocr_line' id='line_1_2' title="bbox 331 416 1978 475; baseline -0.001 -12"><span class='ocrx_word' id='word_1_5' title='bbox 331 432 506 475; x_wconf 85' lang='lat' dir='ltr'>augere</span> <span class='ocrx_word' id='word_1_6' title='bbox 529 417 759 474; x_wconf 84' lang='lat' dir='ltr'>dignetur.</span> <span class='ocrx_word' id='word_1_7' title='bbox 786 418 839 460; x_wconf 91' lang='lat' dir='ltr'>R.</span> <span class='ocrx_word' id='word_1_8' title='bbox 854 423 895 444; x_wconf 72' lang='lat'>²⁶</span> <span class='ocrx_word' id='word_1_9' title='bbox 913 418 1041 460; x_wconf 85' lang='lat' dir='ltr'><strong>Tuae</strong></span> <span class='ocrx_word' id='word_1_10' title='bbox 1057 416 1270 472; x_wconf 88' lang='lat' dir='ltr'>precibus</span> <span class='ocrx_word' id='word_1_11' title='bbox 1287 424 1333 461; x_wconf 93' lang='lat' dir='ltr'>et</span> <span class='ocrx_word' id='word_1_12' title='bbox 1349 417 1518 461; x_wconf 87' lang='lat' dir='ltr'>sanctis</span> <span class='ocrx_word' id='word_1_13' title='bbox 1535 417 1768 462; x_wconf 87' lang='lat' dir='ltr'>sacrificiis</span> <span class='ocrx_word' id='word_1_14' title='bbox 1783 433 1855 463; x_wconf 89' lang='lat' dir='ltr'>me</span> <span class='ocrx_word' id='word_1_15' title='bbox 1872 420 1950 475; x_wconf 92' lang='lat' dir='ltr'>plu</span> <span class='ocrx_word' id='word_1_16' title='bbox 1963 445 1978 452; x_wconf 84' lang='lat'><em>-</em></span> 
     </span>
     <span class='ocr_line' id='line_1_3' title="bbox 332 493 1772 551; baseline 0 -12"><span class='ocrx_word' id='word_1_17' title='bbox 332 496 496 539; x_wconf 89' lang='lat' dir='ltr'>rimum</span> <span class='ocrx_word' id='word_1_18' title='bbox 518 494 805 538; x_wconf 88' lang='lat' dir='ltr'>commendo.</span> <span class='ocrx_word' id='word_1_19' title='bbox 831 495 1019 548; x_wconf 91' lang='lat' dir='ltr'>Romae,</span> <span class='ocrx_word' id='word_1_20' title='bbox 1044 493 1189 550; x_wconf 86' lang='lat' dir='ltr'>pridie</span> <span class='ocrx_word' id='word_1_21' title='bbox 1210 494 1423 539; x_wconf 90' lang='lat' dir='ltr'>calendas</span> <span class='ocrx_word' id='word_1_22' title='bbox 1446 494 1617 551; x_wconf 89' lang='lat' dir='ltr'>Aprilis</span> <span class='ocrx_word' id='word_1_23' title='bbox 1645 496 1772 550; x_wconf 89' lang='lat'><strong>1576.</strong></span> 
     </span>
    </p>
   </div>
   <div class='ocr_carea' id='block_1_3' title="bbox 1095 640 1220 681">
    <p class='ocr_par' dir='ltr' id='par_1_3' title="bbox 1095 640 1220 681">
     <span class='ocr_line' id='line_1_4' title="bbox 1095 640 1220 681; baseline 0 0"><span class='ocrx_word' id='word_1_24' title='bbox 1095 640 1220 681; x_wconf 66' lang='lat'>598</span> 
     </span>
    </p>
   </div>
   <div class='ocr_carea' id='block_1_4' title="bbox 666 726 1643 938">
    <p class='ocr_par' dir='ltr' id='par_1_4' title="bbox 666 726 1643 938">
     <span class='ocr_line' id='line_1_5' title="bbox 781 726 1529 771; baseline 0.003 -2"><span class='ocrx_word' id='word_1_25' title='bbox 781 727 835 769; x_wconf 90' lang='grc' dir='ltr'>Ρ.</span> <span class='ocrx_word' id='word_1_26' title='bbox 862 726 1277 771; x_wconf 86' lang='lat' dir='ltr'>HIERONYMUS</span> <span class='ocrx_word' id='word_1_27' title='bbox 1309 727 1529 771; x_wconf 90' lang='lat' dir='ltr'><strong>NADAL</strong></span> 
     </span>
     <span class='ocr_line' id='line_1_6' title="bbox 666 814 1643 853; baseline 0.003 -3"><span class='ocrx_word' id='word_1_28' title='bbox 666 814 837 850; x_wconf 89' lang='lat' dir='ltr'><strong>PATRI</strong></span> <span class='ocrx_word' id='word_1_29' title='bbox 870 814 1204 852; x_wconf 89' lang='lat' dir='ltr'><strong>EVERARDO</strong></span> <span class='ocrx_word' id='word_1_30' title='bbox 1235 814 1643 853; x_wconf 90' lang='lat' dir='ltr'><strong>MERCURIANO</strong></span> 
     </span>
     <span class='ocr_line' id='line_1_7' title="bbox 907 893 1404 938; baseline 0 -10"><span class='ocrx_word' id='word_1_31' title='bbox 907 901 1070 935; x_wconf 77' lang='lat' dir='ltr'>HALAE,</span> <span class='ocrx_word' id='word_1_32' title='bbox 1094 900 1137 928; x_wconf 94' lang='lat'>10</span> <span class='ocrx_word' id='word_1_33' title='bbox 1154 901 1247 936; x_wconf 74' lang='lat' dir='ltr'>MAJ!</span> <span class='ocrx_word' id='word_1_34' title='bbox 1269 893 1359 938; x_wconf 89' lang='lat'><strong>1576</strong></span> <span class='ocrx_word' id='word_1_35' title='bbox 1379 893 1404 928; x_wconf 91' lang='lat'>¹.</span> 
     </span>
    </p>
   </div>
   <div class='ocr_carea' id='block_1_5' title="bbox 340 970 1979 1076">
    <p class='ocr_par' dir='ltr' id='par_1_5' title="bbox 340 970 1979 1076">
     <span class='ocr_line' id='line_1_8' title="bbox 340 970 1979 1015; baseline 0.001 -10"><span class='ocrx_word' id='word_1_36' title='bbox 340 970 401 1005; x_wconf 86' lang='lat' dir='ltr'>De</span> <span class='ocrx_word' id='word_1_37' title='bbox 418 981 490 1005; x_wconf 87' lang='lat' dir='ltr'>suo</span> <span class='ocrx_word' id='word_1_38' title='bbox 506 970 624 1005; x_wconf 83' lang='lat' dir='ltr'>socio:</span> <span class='ocrx_word' id='word_1_39' title='bbox 643 970 774 1006; x_wconf 79' lang='lat' dir='ltr'>icones</span> <span class='ocrx_word' id='word_1_40' title='bbox 790 982 817 1005; x_wconf 85' lang='lat' dir='ltr'>a</span> <span class='ocrx_word' id='word_1_41' title='bbox 833 981 873 1006; x_wconf 82' lang='lat' dir='ltr'>se</span> <span class='ocrx_word' id='word_1_42' title='bbox 889 971 1113 1005; x_wconf 83' lang='lat' dir='ltr'>adornatas</span> <span class='ocrx_word' id='word_1_43' title='bbox 1131 982 1211 1006; x_wconf 87' lang='lat' dir='ltr'>non</span> <span class='ocrx_word' id='word_1_44' title='bbox 1228 971 1404 1006; x_wconf 84' lang='lat' dir='ltr'>edendas</span> <span class='ocrx_word' id='word_1_45' title='bbox 1419 972 1563 1015; x_wconf 82' lang='lat' dir='ltr'>censet‚·</span> <span class='ocrx_word' id='word_1_46' title='bbox 1580 982 1666 1007; x_wconf 86' lang='lat' dir='ltr'>rem</span> <span class='ocrx_word' id='word_1_47' title='bbox 1690 973 1826 1007; x_wconf 87' lang='lat' dir='ltr'>tamen</span> <span class='ocrx_word' id='word_1_48' title='bbox 1849 982 1979 1007; x_wconf 85' lang='lat' dir='ltr'>censo·</span> 
     </span>
     <span class='ocr_line' id='line_1_9' title="bbox 902 1029 1420 1076; baseline 0.002 -11"><span class='ocrx_word' id='word_1_49' title='bbox 902 1041 996 1065; x_wconf 88' lang='lat' dir='ltr'>rum</span> <span class='ocrx_word' id='word_1_50' title='bbox 1012 1029 1173 1076; x_wconf 79' lang='lat' dir='ltr'>judicio</span> <span class='ocrx_word' id='word_1_51' title='bbox 1191 1030 1420 1066; x_wconf 82' lang='lat' dir='ltr'>committit.</span> 
     </span>
    </p>
   </div>
   <div class='ocr_carea' id='block_1_6' title="bbox 334 1113 2035 2787">
    <p class='ocr_par' dir='ltr' id='par_1_6' title="bbox 334 1113 2035 2787">
     <span class='ocr_line' id='line_1_10' title="bbox 429 1113 1971 1171; baseline 0.002 -15"><span class='ocrx_word' id='word_1_52' title='bbox 429 1114 459 1171; x_wconf 60' lang='grc' dir='ltr'>’ξ’</span> <span class='ocrx_word' id='word_1_53' title='bbox 494 1113 757 1157; x_wconf 91' lang='lat' dir='ltr'>Admodum</span> <span class='ocrx_word' id='word_1_54' title='bbox 786 1113 899 1158; x_wconf 89' lang='lat' dir='ltr'>Rde.</span> <span class='ocrx_word' id='word_1_55' title='bbox 925 1113 972 1157; x_wconf 89' lang='lat' dir='ltr'>in</span> <span class='ocrx_word' id='word_1_56' title='bbox 1000 1113 1182 1158; x_wconf 90' lang='lat' dir='ltr'>Christo</span> <span class='ocrx_word' id='word_1_57' title='bbox 1206 1115 1259 1158; x_wconf 92' lang='lat' dir='ltr'>P.</span> <span class='ocrx_word' id='word_1_58' title='bbox 1286 1115 1344 1158; x_wconf 87' lang='lat' dir='ltr'>N.</span> <span class='ocrx_word' id='word_1_59' title='bbox 1372 1116 1469 1158; x_wconf 84' lang='lat' dir='ltr'>Pax</span> <span class='ocrx_word' id='word_1_60' title='bbox 1490 1113 1672 1158; x_wconf 85' lang='lat' dir='ltr'>Christi.</span> <span class='ocrx_word' id='word_1_61' title='bbox 1698 1115 1802 1159; x_wconf 92' lang='lat' dir='ltr'>Non</span> <span class='ocrx_word' id='word_1_62' title='bbox 1829 1115 1971 1159; x_wconf 84' lang='lat' dir='ltr'>aude-</span> 
     </span>
     <span class='ocr_line' id='line_1_11' title="bbox 340 1190 1972 1245; baseline 0.002 -12"><span class='ocrx_word' id='word_1_63' title='bbox 340 1191 447 1234; x_wconf 87' lang='lat' dir='ltr'>bam</span> <span class='ocrx_word' id='word_1_64' title='bbox 479 1191 536 1234; x_wconf 93' lang='lat' dir='ltr'>ad</span> <span class='ocrx_word' id='word_1_65' title='bbox 564 1197 626 1244; x_wconf 92' lang='lat' dir='ltr'>te,</span> <span class='ocrx_word' id='word_1_66' title='bbox 653 1193 806 1245; x_wconf 89' lang='lat' dir='ltr'>Pater,</span> <span class='ocrx_word' id='word_1_67' title='bbox 830 1190 1028 1234; x_wconf 89' lang='lat' dir='ltr'>scribere</span> <span class='ocrx_word' id='word_1_68' title='bbox 1055 1193 1278 1235; x_wconf 89' lang='lat' dir='ltr'>hactenus</span> <span class='ocrx_word' id='word_1_69' title='bbox 1305 1190 1459 1235; x_wconf 88' lang='lat' dir='ltr'>latine.</span> <span class='ocrx_word' id='word_1_70' title='bbox 1485 1192 1578 1237; x_wconf 87' lang='lat' dir='ltr'>Sed</span> <span class='ocrx_word' id='word_1_71' title='bbox 1600 1190 1853 1235; x_wconf 90' lang='lat' dir='ltr'>inuitarunt</span> <span class='ocrx_word' id='word_1_72' title='bbox 1881 1206 1972 1245; x_wconf 90' lang='lat' dir='ltr'>me,</span> 
     </span>
     <span class='ocr_line' id='line_1_12' title="bbox 338 1267 1970 1325; baseline 0.002 -15"><span class='ocrx_word' id='word_1_73' title='bbox 338 1274 389 1310; x_wconf 91' lang='lat' dir='ltr'>vt</span> <span class='ocrx_word' id='word_1_74' title='bbox 411 1267 458 1311; x_wconf 91' lang='lat' dir='ltr'>id</span> <span class='ocrx_word' id='word_1_75' title='bbox 479 1267 700 1324; x_wconf 87' lang='lat' dir='ltr'>experiar,</span> <span class='ocrx_word' id='word_1_76' title='bbox 725 1282 838 1324; x_wconf 88' lang='lat' dir='ltr'>quas</span> <span class='ocrx_word' id='word_1_77' title='bbox 859 1267 947 1311; x_wconf 90' lang='lat' dir='ltr'>iam</span> <span class='ocrx_word' id='word_1_78' title='bbox 972 1268 1154 1312; x_wconf 79' lang='lat' dir='ltr'>tertium</span> <span class='ocrx_word' id='word_1_79' title='bbox 1178 1268 1332 1325; x_wconf 89' lang='lat' dir='ltr'>accepi</span> <span class='ocrx_word' id='word_1_80' title='bbox 1353 1284 1408 1313; x_wconf 88' lang='lat' dir='ltr'>ex</span> <span class='ocrx_word' id='word_1_81' title='bbox 1431 1275 1475 1312; x_wconf 90' lang='lat' dir='ltr'>te</span> <span class='ocrx_word' id='word_1_82' title='bbox 1497 1268 1673 1313; x_wconf 89' lang='lat' dir='ltr'>latinas.</span> <span class='ocrx_word' id='word_1_83' title='bbox 1702 1270 1807 1325; x_wconf 78' lang='lat' dir='ltr'>Qua</span> <span class='ocrx_word' id='word_1_84' title='bbox 1829 1268 1876 1312; x_wconf 91' lang='lat' dir='ltr'>in</span> <span class='ocrx_word' id='word_1_85' title='bbox 1905 1284 1970 1322; x_wconf 87' lang='lat' dir='ltr'>re,</span> 
     </span>
     <span class='ocr_line' id='line_1_13' title="bbox 334 1344 1975 1402; baseline 0.001 -14"><span class='ocrx_word' id='word_1_86' title='bbox 334 1344 448 1388; x_wconf 92' lang='lat' dir='ltr'>illud</span> <span class='ocrx_word' id='word_1_87' title='bbox 476 1345 612 1399; x_wconf 84' lang='lat' dir='ltr'>etiam</span> <span class='ocrx_word' id='word_1_88' title='bbox 643 1344 803 1389; x_wconf 88' lang='lat' dir='ltr'>faciam</span> <span class='ocrx_word' id='word_1_89' title='bbox 832 1345 1166 1402; x_wconf 89' lang='lat' dir='ltr'>compendium;</span> <span class='ocrx_word' id='word_1_90' title='bbox 1192 1353 1350 1402; x_wconf 89' lang='lat' dir='ltr'>potero</span> <span class='ocrx_word' id='word_1_91' title='bbox 1379 1345 1499 1389; x_wconf 88' lang='lat' dir='ltr'>enim</span> <span class='ocrx_word' id='word_1_92' title='bbox 1522 1345 1669 1390; x_wconf 89' lang='lat' dir='ltr'>aliena</span> <span class='ocrx_word' id='word_1_93' title='bbox 1696 1360 1834 1389; x_wconf 89' lang='lat' dir='ltr'>manu</span> <span class='ocrx_word' id='word_1_94' title='bbox 1861 1345 1975 1394; x_wconf 87' lang='lat' dir='ltr'>scri-</span> 
     </span>
     <span class='ocr_line' id='line_1_14' title="bbox 337 1422 1976 1478; baseline 0.001 -13"><span class='ocrx_word' id='word_1_95' title='bbox 337 1423 463 1476; x_wconf 88' lang='lat' dir='ltr'>bere,</span> <span class='ocrx_word' id='word_1_96' title='bbox 489 1422 567 1478; x_wconf 92' lang='lat' dir='ltr'>qui</span> <span class='ocrx_word' id='word_1_97' title='bbox 589 1437 681 1466; x_wconf 90' lang='lat' dir='ltr'>non</span> <span class='ocrx_word' id='word_1_98' title='bbox 705 1422 836 1468; x_wconf 85' lang='lat' dir='ltr'>facile</span> <span class='ocrx_word' id='word_1_99' title='bbox 858 1437 959 1466; x_wconf 91' lang='lat' dir='ltr'>mea</span> <span class='ocrx_word' id='word_1_100' title='bbox 980 1422 1245 1467; x_wconf 84' lang='lat' dir='ltr'>scribebam.</span> <span class='ocrx_word' id='word_1_101' title='bbox 1270 1423 1461 1467; x_wconf 77' lang='lat' dir='ltr'>Mirifice</span> <span class='ocrx_word' id='word_1_102' title='bbox 1482 1430 1807 1467; x_wconf 88' lang='lat' dir='ltr'>recreauerunt</span> <span class='ocrx_word' id='word_1_103' title='bbox 1835 1438 1907 1467; x_wconf 91' lang='lat' dir='ltr'>me</span> <span class='ocrx_word' id='word_1_104' title='bbox 1928 1423 1976 1466; x_wconf 90' lang='lat' dir='ltr'>in</span> 
     </span>
     <span class='ocr_line' id='line_1_15' title="bbox 338 1499 1968 1557; baseline 0 -14"><span class='ocrx_word' id='word_1_105' title='bbox 338 1500 538 1543; x_wconf 90' lang='lat' dir='ltr'>Domino</span> <span class='ocrx_word' id='word_1_106' title='bbox 559 1499 716 1544; x_wconf 90' lang='lat' dir='ltr'>literae</span> <span class='ocrx_word' id='word_1_107' title='bbox 734 1507 854 1553; x_wconf 90' lang='lat' dir='ltr'>tuae,</span> <span class='ocrx_word' id='word_1_108' title='bbox 882 1502 1033 1554; x_wconf 88' lang='lat' dir='ltr'>Pater,</span> <span class='ocrx_word' id='word_1_109' title='bbox 1059 1515 1172 1556; x_wconf 90' lang='lat' dir='ltr'>quas</span> <span class='ocrx_word' id='word_1_110' title='bbox 1193 1500 1337 1557; x_wconf 86' lang='lat' dir='ltr'>pridie</span> <span class='ocrx_word' id='word_1_111' title='bbox 1359 1502 1576 1546; x_wconf 87' lang='lat' dir='ltr'>kalendas</span> <span class='ocrx_word' id='word_1_112' title='bbox 1599 1500 1769 1557; x_wconf 90' lang='lat' dir='ltr'>Aprilis</span> <span class='ocrx_word' id='word_1_113' title='bbox 1790 1500 1968 1544; x_wconf 87' lang='lat' dir='ltr'>dedisti.</span> 
     </span>
     <span class='ocr_line' id='line_1_16' title="bbox 336 1576 2035 1634; baseline 0.001 -14"><span class='ocrx_word' id='word_1_114' title='bbox 336 1576 463 1632; x_wconf 78' lang='lat' dir='ltr'>Quid</span> <span class='ocrx_word' id='word_1_115' title='bbox 485 1576 604 1621; x_wconf 91' lang='lat' dir='ltr'>enim</span> <span class='ocrx_word' id='word_1_116' title='bbox 628 1578 685 1620; x_wconf 94' lang='lat' dir='ltr'>ad</span> <span class='ocrx_word' id='word_1_117' title='bbox 706 1577 806 1621; x_wconf 88' lang='lat' dir='ltr'>illas</span> <span class='ocrx_word' id='word_1_118' title='bbox 827 1577 931 1620; x_wconf 91' lang='lat' dir='ltr'>addi</span> <span class='ocrx_word' id='word_1_119' title='bbox 953 1578 1103 1634; x_wconf 92' lang='lat' dir='ltr'>potuit</span> <span class='ocrx_word' id='word_1_120' title='bbox 1124 1585 1340 1634; x_wconf 89' lang='lat' dir='ltr'>paternae</span> <span class='ocrx_word' id='word_1_121' title='bbox 1359 1579 1430 1622; x_wconf 88' lang='lat' dir='ltr'>vel</span> <span class='ocrx_word' id='word_1_122' title='bbox 1452 1577 1754 1622; x_wconf 87' lang='lat' dir='ltr'>solicitudinis</span> <span class='ocrx_word' id='word_1_123' title='bbox 1775 1578 1849 1623; x_wconf 92' lang='lat' dir='ltr'>vel</span> <span class='ocrx_word' id='word_1_124' title='bbox 1871 1593 1978 1621; x_wconf 89' lang='lat' dir='ltr'>sua·</span> <span class='ocrx_word' id='word_1_125' title='bbox 2032 1579 2035 1582; x_wconf 68' lang='grc'>’</span> 
     </span>
     <span class='ocr_line' id='line_1_17' title="bbox 338 1653 1975 1712; baseline 0.002 -16"><span class='ocrx_word' id='word_1_126' title='bbox 338 1653 494 1697; x_wconf 86' lang='lat' dir='ltr'>uitatis</span> <span class='ocrx_word' id='word_1_127' title='bbox 514 1655 589 1698; x_wconf 89' lang='lat' dir='ltr'>vel</span> <span class='ocrx_word' id='word_1_128' title='bbox 609 1654 872 1698; x_wconf 88' lang='lat' dir='ltr'>charitatis?</span> <span class='ocrx_word' id='word_1_129' title='bbox 894 1656 994 1712; x_wconf 89' lang='lat' dir='ltr'>Ego</span> <span class='ocrx_word' id='word_1_130' title='bbox 1026 1654 1209 1711; x_wconf 91' lang='lat' dir='ltr'>quidem</span> <span class='ocrx_word' id='word_1_131' title='bbox 1241 1670 1429 1712; x_wconf 84' lang='lat' dir='ltr'>corpore</span> <span class='ocrx_word' id='word_1_132' title='bbox 1450 1670 1544 1699; x_wconf 92' lang='lat' dir='ltr'>non</span> <span class='ocrx_word' id='word_1_133' title='bbox 1575 1663 1666 1699; x_wconf 90' lang='lat' dir='ltr'>tam</span> <span class='ocrx_word' id='word_1_134' title='bbox 1699 1657 1815 1700; x_wconf 90' lang='lat' dir='ltr'>bene</span> <span class='ocrx_word' id='word_1_135' title='bbox 1843 1655 1975 1699; x_wconf 88' lang='lat' dir='ltr'>valeo</span> 
     </span>
     <span class='ocr_line' id='line_1_18' title="bbox 338 1731 1976 1790; baseline 0 -16"><span class='ocrx_word' id='word_1_136' title='bbox 338 1744 475 1786; x_wconf 86' lang='lat' dir='ltr'>quam</span> <span class='ocrx_word' id='word_1_137' title='bbox 497 1731 713 1784; x_wconf 83' lang='lat' dir='ltr'>solebam3</span> <span class='ocrx_word' id='word_1_138' title='bbox 738 1732 818 1775; x_wconf 88' lang='lat' dir='ltr'>sed</span> <span class='ocrx_word' id='word_1_139' title='bbox 840 1731 950 1775; x_wconf 94' lang='lat' dir='ltr'>illud</span> <span class='ocrx_word' id='word_1_140' title='bbox 971 1732 1117 1777; x_wconf 90' lang='lat' dir='ltr'>debeo</span> <span class='ocrx_word' id='word_1_141' title='bbox 1138 1732 1420 1776; x_wconf 90' lang='lat' dir='ltr'>orationibus</span> <span class='ocrx_word' id='word_1_142' title='bbox 1437 1732 1544 1787; x_wconf 90' lang='lat' dir='ltr'>tuis,</span> <span class='ocrx_word' id='word_1_143' title='bbox 1565 1733 1691 1790; x_wconf 75' lang='lat' dir='ltr'>quod</span> <span class='ocrx_word' id='word_1_144' title='bbox 1707 1732 1858 1775; x_wconf 90' lang='lat' dir='ltr'>animo</span> <span class='ocrx_word' id='word_1_145' title='bbox 1875 1746 1976 1775; x_wconf 92' lang='lat' dir='ltr'>sum</span> 
     </span>
     <span class='ocr_line' id='line_1_19' title="bbox 339 1808 1971 1866; baseline 0.001 -16"><span class='ocrx_word' id='word_1_146' title='bbox 339 1809 724 1865; x_wconf 78' lang='lat' dir='ltr'>vegetus.1taque</span> <span class='ocrx_word' id='word_1_147' title='bbox 741 1808 957 1865; x_wconf 89' lang='lat' dir='ltr'>quicquid</span> <span class='ocrx_word' id='word_1_148' title='bbox 973 1809 1083 1853; x_wconf 92' lang='lat' dir='ltr'>mihi</span> <span class='ocrx_word' id='word_1_149' title='bbox 1100 1809 1271 1864; x_wconf 91' lang='lat' dir='ltr'>euenit,</span> <span class='ocrx_word' id='word_1_150' title='bbox 1285 1811 1342 1854; x_wconf 92' lang='lat' dir='ltr'>ad</span> <span class='ocrx_word' id='word_1_151' title='bbox 1357 1809 1444 1855; x_wconf 92' lang='lat' dir='ltr'>Dei</span> <span class='ocrx_word' id='word_1_152' title='bbox 1461 1809 1790 1866; x_wconf 86' lang='lat' dir='ltr'>benignitatem</span> <span class='ocrx_word' id='word_1_153' title='bbox 1807 1810 1971 1853; x_wconf 89' lang='lat' dir='ltr'>refero.</span> 
     </span>
     <span class='ocr_line' id='line_1_20' title="bbox 339 1885 1971 1943; baseline 0 -15"><span class='ocrx_word' id='word_1_154' title='bbox 339 1886 447 1929; x_wconf 91' lang='lat' dir='ltr'>Non</span> <span class='ocrx_word' id='word_1_155' title='bbox 474 1893 586 1942; x_wconf 90' lang='lat' dir='ltr'>puto</span> <span class='ocrx_word' id='word_1_156' title='bbox 613 1885 746 1929; x_wconf 92' lang='lat' dir='ltr'>nouis</span> <span class='ocrx_word' id='word_1_157' title='bbox 776 1900 890 1942; x_wconf 91' lang='lat' dir='ltr'>opus</span> <span class='ocrx_word' id='word_1_158' title='bbox 917 1901 1017 1931; x_wconf 89' lang='lat' dir='ltr'>esse</span> <span class='ocrx_word' id='word_1_159' title='bbox 1045 1887 1513 1932; x_wconf 88' lang='lat' dir='ltr'>commendationibus</span> <span class='ocrx_word' id='word_1_160' title='bbox 1535 1887 1655 1943; x_wconf 90' lang='lat' dir='ltr'>apud</span> <span class='ocrx_word' id='word_1_161' title='bbox 1681 1888 1766 1930; x_wconf 89' lang='lat' dir='ltr'>hos</span> <span class='ocrx_word' id='word_1_162' title='bbox 1795 1888 1971 1930; x_wconf 86' lang='lat' dir='ltr'>Patres.</span> 
     </span>
     <span class='ocr_line' id='line_1_21' title="bbox 338 1962 1977 2021; baseline 0.001 -15"><span class='ocrx_word' id='word_1_163' title='bbox 338 1964 509 2018; x_wconf 87' lang='lat' dir='ltr'>Magna</span> <span class='ocrx_word' id='word_1_164' title='bbox 530 1977 603 2006; x_wconf 90' lang='lat' dir='ltr'>me</span> <span class='ocrx_word' id='word_1_165' title='bbox 624 1969 731 2006; x_wconf 91' lang='lat' dir='ltr'>sunt</span> <span class='ocrx_word' id='word_1_166' title='bbox 752 1977 928 2020; x_wconf 88' lang='lat' dir='ltr'>semper</span> <span class='ocrx_word' id='word_1_167' title='bbox 950 1964 1172 2020; x_wconf 87' lang='lat' dir='ltr'>complexi</span> <span class='ocrx_word' id='word_1_168' title='bbox 1199 1963 1484 2021; x_wconf 87' lang='lat' dir='ltr'>benignitate</span> <span class='ocrx_word' id='word_1_169' title='bbox 1506 1971 1551 2009; x_wconf 90' lang='lat' dir='ltr'>et</span> <span class='ocrx_word' id='word_1_170' title='bbox 1579 1978 1732 2009; x_wconf 91' lang='lat' dir='ltr'>amore</span> <span class='ocrx_word' id='word_1_171' title='bbox 1760 1978 1813 2007; x_wconf 89' lang='lat' dir='ltr'>ac</span> <span class='ocrx_word' id='word_1_172' title='bbox 1840 1962 1977 2007; x_wconf 89' lang='lat' dir='ltr'>etiam</span> 
     </span>
     <span class='ocr_line' id='line_1_22' title="bbox 339 2039 1979 2098; baseline 0.001 -16"><span class='ocrx_word' id='word_1_173' title='bbox 339 2039 640 2095; x_wconf 90' lang='lat' dir='ltr'>prouidentia.</span> <span class='ocrx_word' id='word_1_174' title='bbox 666 2041 737 2084; x_wconf 85' lang='lat' dir='ltr'>De</span> <span class='ocrx_word' id='word_1_175' title='bbox 757 2040 881 2084; x_wconf 91' lang='lat' dir='ltr'>socio</span> <span class='ocrx_word' id='word_1_176' title='bbox 903 2041 978 2098; x_wconf 89' lang='lat' dir='ltr'>egi</span> <span class='ocrx_word' id='word_1_177' title='bbox 995 2055 1099 2084; x_wconf 89' lang='lat' dir='ltr'>cum</span> <span class='ocrx_word' id='word_1_178' title='bbox 1122 2049 1418 2098; x_wconf 88' lang='lat' dir='ltr'>procuratore</span> <span class='ocrx_word' id='word_1_179' title='bbox 1435 2041 1570 2085; x_wconf 89' lang='lat' dir='ltr'>huius</span> <span class='ocrx_word' id='word_1_180' title='bbox 1586 2040 1849 2097; x_wconf 87' lang='lat' dir='ltr'>prouinciae</span> <span class='ocrx_word' id='word_1_181' title='bbox 1866 2041 1898 2083; x_wconf 79' lang='lat'>⁵.</span> <span class='ocrx_word' id='word_1_182' title='bbox 1920 2041 1979 2083; x_wconf 92' lang='lat' dir='ltr'>Et</span> 
     </span>
     <span class='ocr_line' id='line_1_23' title="bbox 341 2115 1980 2175; baseline 0 -16"><span class='ocrx_word' id='word_1_183' title='bbox 341 2131 413 2161; x_wconf 90' lang='lat' dir='ltr'>res</span> <span class='ocrx_word' id='word_1_184' title='bbox 436 2118 525 2160; x_wconf 89' lang='lat' dir='ltr'>huc</span> <span class='ocrx_word' id='word_1_185' title='bbox 542 2116 675 2160; x_wconf 91' lang='lat' dir='ltr'>rediit</span> <span class='ocrx_word' id='word_1_186' title='bbox 696 2116 860 2171; x_wconf 79' lang='lat' dir='ltr'>omnis,</span> <span class='ocrx_word' id='word_1_187' title='bbox 879 2131 979 2162; x_wconf 88' lang='lat' dir='ltr'>esse</span> <span class='ocrx_word' id='word_1_188' title='bbox 1002 2126 1284 2175; x_wconf 90' lang='lat' dir='ltr'>compertum</span> <span class='ocrx_word' id='word_1_189' title='bbox 1307 2134 1363 2163; x_wconf 89' lang='lat' dir='ltr'>ex</span> <span class='ocrx_word' id='word_1_190' title='bbox 1384 2120 1470 2162; x_wconf 92' lang='lat' dir='ltr'>hac</span> <span class='ocrx_word' id='word_1_191' title='bbox 1493 2117 1728 2175; x_wconf 79' lang='lat' dir='ltr'>prouincia</span> <span class='ocrx_word' id='word_1_192' title='bbox 1749 2116 1860 2160; x_wconf 89' lang='lat' dir='ltr'>mihi</span> <span class='ocrx_word' id='word_1_193' title='bbox 1882 2115 1980 2160; x_wconf 91' lang='lat' dir='ltr'>dari</span> 
     </span>
     <span class='ocr_line' id='line_1_24' title="bbox 341 2193 1981 2250; baseline 0.001 -14"><span class='ocrx_word' id='word_1_194' title='bbox 341 2208 433 2236; x_wconf 92' lang='lat' dir='ltr'>non</span> <span class='ocrx_word' id='word_1_195' title='bbox 455 2208 589 2250; x_wconf 92' lang='lat' dir='ltr'>posse</span> <span class='ocrx_word' id='word_1_196' title='bbox 610 2193 825 2238; x_wconf 89' lang='lat' dir='ltr'>idoneum</span> <span class='ocrx_word' id='word_1_197' title='bbox 847 2194 1031 2237; x_wconf 88' lang='lat' dir='ltr'>socium.</span> <span class='ocrx_word' id='word_1_198' title='bbox 1058 2196 1125 2239; x_wconf 88' lang='lat' dir='ltr'>Ex</span> <span class='ocrx_word' id='word_1_199' title='bbox 1146 2195 1273 2239; x_wconf 90' lang='lat' dir='ltr'>Italia</span> <span class='ocrx_word' id='word_1_200' title='bbox 1293 2202 1364 2239; x_wconf 88' lang='lat' dir='ltr'>est</span> <span class='ocrx_word' id='word_1_201' title='bbox 1385 2194 1588 2239; x_wconf 90' lang='lat' dir='ltr'>omnium</span> <span class='ocrx_word' id='word_1_202' title='bbox 1608 2202 1630 2223; x_wconf 69' lang='lat'><strong>³</strong></span> <span class='ocrx_word' id='word_1_203' title='bbox 1658 2193 1898 2238; x_wconf 83' lang='lat' dir='ltr'>consilium</span> <span class='ocrx_word' id='word_1_204' title='bbox 1921 2207 1981 2238; x_wconf 91' lang='lat' dir='ltr'>ne</span> 
     </span>
     <span class='ocr_line' id='line_1_25' title="bbox 341 2271 1982 2329; baseline 0.001 -16"><span class='ocrx_word' id='word_1_205' title='bbox 341 2277 507 2326; x_wconf 87' lang='lat' dir='ltr'>petam.</span> <span class='ocrx_word' id='word_1_206' title='bbox 534 2271 651 2314; x_wconf 88' lang='lat' dir='ltr'>Nam</span> <span class='ocrx_word' id='word_1_207' title='bbox 673 2277 720 2315; x_wconf 88' lang='lat' dir='ltr'>et</span> <span class='ocrx_word' id='word_1_208' title='bbox 739 2285 833 2314; x_wconf 91' lang='lat' dir='ltr'>non</span> <span class='ocrx_word' id='word_1_209' title='bbox 855 2271 1047 2316; x_wconf 90' lang='lat' dir='ltr'>libenter</span> <span class='ocrx_word' id='word_1_210' title='bbox 1069 2272 1143 2316; x_wconf 90' lang='lat' dir='ltr'>hic</span> <span class='ocrx_word' id='word_1_211' title='bbox 1165 2286 1265 2317; x_wconf 90' lang='lat' dir='ltr'>esse</span> <span class='ocrx_word' id='word_1_212' title='bbox 1287 2273 1434 2316; x_wconf 90' lang='lat' dir='ltr'>solent</span> <span class='ocrx_word' id='word_1_213' title='bbox 1452 2274 1515 2329; x_wconf 89' lang='lat' dir='ltr'>(vt</span> <span class='ocrx_word' id='word_1_214' title='bbox 1537 2271 1686 2327; x_wconf 89' lang='lat' dir='ltr'>audio)</span> <span class='ocrx_word' id='word_1_215' title='bbox 1709 2271 1820 2324; x_wconf 90' lang='lat' dir='ltr'>itali,</span> <span class='ocrx_word' id='word_1_216' title='bbox 1842 2278 1888 2314; x_wconf 90' lang='lat' dir='ltr'>et</span> <span class='ocrx_word' id='word_1_217' title='bbox 1910 2271 1982 2315; x_wconf 83' lang='lat' dir='ltr'>fa-</span> 
     </span>
     <span class='ocr_line' id='line_1_26' title="bbox 337 2347 1981 2406; baseline 0 -16"><span class='ocrx_word' id='word_1_218' title='bbox 337 2347 427 2391; x_wconf 85' lang='lat' dir='ltr'>cile</span> <span class='ocrx_word' id='word_1_219' title='bbox 454 2347 500 2390; x_wconf 92' lang='lat' dir='ltr'>in</span> <span class='ocrx_word' id='word_1_220' title='bbox 528 2347 834 2391; x_wconf 88' lang='lat' dir='ltr'>valetudinem</span> <span class='ocrx_word' id='word_1_221' title='bbox 862 2348 1069 2392; x_wconf 89' lang='lat' dir='ltr'>incidunt</span> <span class='ocrx_word' id='word_1_222' title='bbox 1105 2349 1344 2393; x_wconf 91' lang='lat' dir='ltr'>infirmam.</span> <span class='ocrx_word' id='word_1_223' title='bbox 1376 2350 1619 2406; x_wconf 89' lang='lat' dir='ltr'>Reliquum</span> <span class='ocrx_word' id='word_1_224' title='bbox 1650 2356 1719 2393; x_wconf 91' lang='lat' dir='ltr'>est</span> <span class='ocrx_word' id='word_1_225' title='bbox 1746 2355 1796 2391; x_wconf 91' lang='lat' dir='ltr'>vt</span> <span class='ocrx_word' id='word_1_226' title='bbox 1827 2348 1902 2392; x_wconf 88' lang='lat' dir='ltr'>vel</span> <span class='ocrx_word' id='word_1_227' title='bbox 1922 2361 1981 2391; x_wconf 86' lang='lat' dir='ltr'>ex</span> 
     </span>
     <span class='ocr_line' id='line_1_27' title="bbox 341 2424 1978 2482; baseline 0.001 -15"><span class='ocrx_word' id='word_1_228' title='bbox 341 2425 377 2467; x_wconf 93' lang='lat' dir='ltr'>F</span> <span class='ocrx_word' id='word_1_229' title='bbox 380 2424 596 2478; x_wconf 90' lang='lat' dir='ltr'>landriae,</span> <span class='ocrx_word' id='word_1_230' title='bbox 621 2425 693 2468; x_wconf 92' lang='lat' dir='ltr'>vel</span> <span class='ocrx_word' id='word_1_231' title='bbox 714 2438 771 2468; x_wconf 84' lang='lat' dir='ltr'>ex</span> <span class='ocrx_word' id='word_1_232' title='bbox 791 2426 941 2469; x_wconf 91' lang='lat' dir='ltr'>Rheni</span> <span class='ocrx_word' id='word_1_233' title='bbox 963 2427 1198 2482; x_wconf 88' lang='lat' dir='ltr'>prouincia</span> <span class='ocrx_word' id='word_1_234' title='bbox 1218 2427 1346 2470; x_wconf 90' lang='lat' dir='ltr'>illum</span> <span class='ocrx_word' id='word_1_235' title='bbox 1368 2428 1426 2472; x_wconf 92' lang='lat' dir='ltr'>de</span> <span class='ocrx_word' id='word_1_236' title='bbox 1446 2442 1583 2471; x_wconf 89' lang='lat' dir='ltr'>manu</span> <span class='ocrx_word' id='word_1_237' title='bbox 1605 2433 1700 2479; x_wconf 88' lang='lat' dir='ltr'>tua,</span> <span class='ocrx_word' id='word_1_238' title='bbox 1723 2428 1876 2477; x_wconf 91' lang='lat' dir='ltr'>Pater,</span> <span class='ocrx_word' id='word_1_239' title='bbox 1900 2438 1978 2468; x_wconf 90' lang='lat' dir='ltr'>ac-</span> 
     </span>
     <span class='ocr_line' id='line_1_28' title="bbox 339 2501 1973 2560; baseline -0.001 -16"><span class='ocrx_word' id='word_1_240' title='bbox 339 2501 520 2557; x_wconf 84' lang='lat' dir='ltr'>cipiam,</span> <span class='ocrx_word' id='word_1_241' title='bbox 546 2501 584 2545; x_wconf 88' lang='lat' dir='ltr'>si</span> <span class='ocrx_word' id='word_1_242' title='bbox 605 2501 687 2544; x_wconf 88' lang='lat' dir='ltr'>tibi</span> <span class='ocrx_word' id='word_1_243' title='bbox 708 2501 931 2546; x_wconf 86' lang='lat' dir='ltr'>videatur.</span> <span class='ocrx_word' id='word_1_244' title='bbox 958 2503 1070 2547; x_wconf 92' lang='lat' dir='ltr'>Mihi</span> <span class='ocrx_word' id='word_1_245' title='bbox 1096 2504 1180 2547; x_wconf 91' lang='lat' dir='ltr'>erit</span> <span class='ocrx_word' id='word_1_246' title='bbox 1208 2511 1390 2560; x_wconf 84' lang='lat' dir='ltr'>gratum</span> <span class='ocrx_word' id='word_1_247' title='bbox 1411 2503 1638 2547; x_wconf 88' lang='lat' dir='ltr'>vtrumuis</span> <span class='ocrx_word' id='word_1_248' title='bbox 1659 2517 1685 2546; x_wconf 91' lang='lat' dir='ltr'>e</span> <span class='ocrx_word' id='word_1_249' title='bbox 1707 2509 1786 2545; x_wconf 91' lang='lat' dir='ltr'>tua</span> <span class='ocrx_word' id='word_1_250' title='bbox 1811 2501 1973 2544; x_wconf 89' lang='lat' dir='ltr'>volun-</span> 
     </span>
     <span class='ocr_line' id='line_1_29' title="bbox 342 2577 1975 2637; baseline 0.001 -18"><span class='ocrx_word' id='word_1_251' title='bbox 342 2585 435 2622; x_wconf 88' lang='lat' dir='ltr'>tate</span> <span class='ocrx_word' id='word_1_252' title='bbox 471 2578 556 2621; x_wconf 91' lang='lat' dir='ltr'>erit</span> <span class='ocrx_word' id='word_1_253' title='bbox 597 2580 871 2635; x_wconf 86' lang='lat' dir='ltr'>profectum.</span> <span class='ocrx_word' id='word_1_254' title='bbox 911 2581 1152 2637; x_wconf 86' lang='lat' dir='ltr'>Imagines,</span> <span class='ocrx_word' id='word_1_255' title='bbox 1192 2580 1523 2634; x_wconf 87' lang='lat' dir='ltr'>annotationes,</span> <span class='ocrx_word' id='word_1_256' title='bbox 1557 2587 1604 2624; x_wconf 88' lang='lat' dir='ltr'>et</span> <span class='ocrx_word' id='word_1_257' title='bbox 1639 2577 1975 2630; x_wconf 90' lang='lat' dir='ltr'>meditationes,</span> 
     </span>
     <span class='ocr_line' id='line_1_30' title="bbox 342 2653 1979 2711; baseline 0 -15"><span class='ocrx_word' id='word_1_258' title='bbox 342 2668 484 2708; x_wconf 91' lang='lat' dir='ltr'>quum</span> <span class='ocrx_word' id='word_1_259' title='bbox 517 2669 608 2699; x_wconf 91' lang='lat' dir='ltr'>non</span> <span class='ocrx_word' id='word_1_260' title='bbox 645 2654 812 2711; x_wconf 88' lang='lat' dir='ltr'>possim</span> <span class='ocrx_word' id='word_1_261' title='bbox 841 2657 1068 2711; x_wconf 89' lang='lat' dir='ltr'>praesenti</span> <span class='ocrx_word' id='word_1_262' title='bbox 1099 2657 1315 2702; x_wconf 86' lang='lat' dir='ltr'>exhibere</span> <span class='ocrx_word' id='word_1_263' title='bbox 1351 2656 1671 2710; x_wconf 75' lang='lat' dir='ltr'>Harlemi0b⁵,</span> <span class='ocrx_word' id='word_1_264' title='bbox 1706 2655 1883 2698; x_wconf 89' lang='lat' dir='ltr'>mittam</span> <span class='ocrx_word' id='word_1_265' title='bbox 1921 2653 1979 2697; x_wconf 90' lang='lat' dir='ltr'>ad</span> 
     </span>
     <span class='ocr_line' id='line_1_31' title="bbox 342 2731 1981 2787; baseline -0.001 -13"><span class='ocrx_word' id='word_1_266' title='bbox 342 2745 449 2774; x_wconf 91' lang='lat' dir='ltr'>eum</span> <span class='ocrx_word' id='word_1_267' title='bbox 471 2731 743 2785; x_wconf 89' lang='lat' dir='ltr'>Louanium,</span> <span class='ocrx_word' id='word_1_268' title='bbox 767 2732 840 2775; x_wconf 90' lang='lat' dir='ltr'>vel</span> <span class='ocrx_word' id='word_1_269' title='bbox 862 2740 1010 2787; x_wconf 90' lang='lat' dir='ltr'>antea,</span> <span class='ocrx_word' id='word_1_270' title='bbox 1035 2735 1108 2778; x_wconf 89' lang='lat' dir='ltr'>vel</span> <span class='ocrx_word' id='word_1_271' title='bbox 1129 2741 1253 2779; x_wconf 87' lang='lat' dir='ltr'>certe</span> <span class='ocrx_word' id='word_1_272' title='bbox 1274 2733 1351 2777; x_wconf 92' lang='lat' dir='ltr'>vbi</span> <span class='ocrx_word' id='word_1_273' title='bbox 1372 2739 1628 2779; x_wconf 89' lang='lat' dir='ltr'>reuertetur</span> <span class='ocrx_word' id='word_1_274' title='bbox 1650 2733 1695 2775; x_wconf 89' lang='lat' dir='ltr'>in</span> <span class='ocrx_word' id='word_1_275' title='bbox 1725 2745 1854 2776; x_wconf 91' lang='lat' dir='ltr'>suam</span> <span class='ocrx_word' id='word_1_276' title='bbox 1875 2744 1981 2787; x_wconf 79' lang='lat' dir='ltr'>pro-</span> 
     </span>
    </p>
   </div>
   <div class='ocr_carea' id='block_1_7' title="bbox 351 2812 632 2818">
    <p class='ocr_par' dir='ltr' id='par_1_7' title="bbox 351 2812 632 2818">
     <span class='ocr_line' id='line_1_32' title="bbox 351 2812 632 2818; baseline 0 0"><span class='ocrx_word' id='word_1_277' title='bbox 351 2812 632 2818; x_wconf 95' lang='lat' dir='ltr'> </span> 
     </span>
    </p>
   </div>
   <div class='ocr_carea' id='block_1_8' title="bbox 416 2849 1344 2898">
    <p class='ocr_par' dir='ltr' id='par_1_8' title="bbox 416 2849 1344 2898">
     <span class='ocr_line' id='line_1_33' title="bbox 416 2849 1344 2898; baseline 0.005 -15"><span class='ocrx_word' id='word_1_278' title='bbox 416 2855 436 2876; x_wconf 62' lang='grc' dir='ltr'><strong>ὃ</strong></span> <span class='ocrx_word' id='word_1_279' title='bbox 477 2849 656 2895; x_wconf 88' lang='lat' dir='ltr'>Archet.,</span> <span class='ocrx_word' id='word_1_280' title='bbox 675 2849 902 2886; x_wconf 83' lang='lat' dir='ltr'>onium.-b</span> <span class='ocrx_word' id='word_1_281' title='bbox 917 2851 1094 2898; x_wconf 86' lang='lat' dir='ltr'>Archet.,</span> <span class='ocrx_word' id='word_1_282' title='bbox 1113 2852 1344 2889; x_wconf 88' lang='lat' dir='ltr'>Horlemio.</span> 
     </span>
    </p>
   </div>
   <div class='ocr_carea' id='block_1_9' title="bbox 351 2917 631 2924">
    <p class='ocr_par' dir='ltr' id='par_1_9' title="bbox 351 2917 631 2924">
     <span class='ocr_line' id='line_1_34' title="bbox 351 2917 631 2924; baseline 0 624"><span class='ocrx_word' id='word_1_283' title='bbox 351 2917 631 2924; x_wconf 95' lang='lat' dir='ltr'> </span> 
     </span>
    </p>
   </div>
   <div class='ocr_carea' id='block_1_10' title="bbox 342 2947 1986 3056">
    <p class='ocr_par' dir='ltr' id='par_1_10' title="bbox 342 2947 1986 3056">
     <span class='ocr_line' id='line_1_35' title="bbox 416 2947 1986 3000; baseline -0.001 -16"><span class='ocrx_word' id='word_1_284' title='bbox 416 2948 426 2968; x_wconf 92' lang='lat'>¹</span> <span class='ocrx_word' id='word_1_285' title='bbox 478 2949 536 2984; x_wconf 86' lang='lat' dir='ltr'>Ex</span> <span class='ocrx_word' id='word_1_286' title='bbox 571 2950 802 2997; x_wconf 66' lang='lat' dir='ltr'>archetypo,</span> <span class='ocrx_word' id='word_1_287' title='bbox 829 2950 870 2986; x_wconf 87' lang='lat' dir='ltr'>in</span> <span class='ocrx_word' id='word_1_288' title='bbox 903 2951 1033 2998; x_wconf 80' lang='lat' dir='ltr'>Epist.</span> <span class='ocrx_word' id='word_1_289' title='bbox 1061 2952 1216 2998; x_wconf 68' lang='lat' dir='ltr'>Natat„</span> <span class='ocrx_word' id='word_1_290' title='bbox 1252 2954 1305 2999; x_wconf 85' lang='grc' dir='ltr'>ΙΙ,</span> <span class='ocrx_word' id='word_1_291' title='bbox 1339 2952 1486 3000; x_wconf 87' lang='lat' dir='ltr'>duplici</span> <span class='ocrx_word' id='word_1_292' title='bbox 1514 2952 1598 2996; x_wconf 75' lang='lat' dir='ltr'>fol„</span> <span class='ocrx_word' id='word_1_293' title='bbox 1631 2961 1702 2998; x_wconf 82' lang='lat'>244</span> <span class='ocrx_word' id='word_1_294' title='bbox 1731 2950 1848 2997; x_wconf 85' lang='lat'>(172).</span> <span class='ocrx_word' id='word_1_295' title='bbox 1880 2947 1986 2984; x_wconf 82' lang='lat' dir='ltr'>Vide</span> 
     </span>
     <span class='ocr_line' id='line_1_36' title="bbox 342 3005 1017 3056; baseline 0.007 -16"><span class='ocrx_word' id='word_1_296' title='bbox 342 3005 465 3052; x_wconf 87' lang='lat' dir='ltr'>epist.</span> <span class='ocrx_word' id='word_1_297' title='bbox 490 3015 572 3052; x_wconf 87' lang='lat'>597,</span> <span class='ocrx_word' id='word_1_298' title='bbox 591 3008 656 3045; x_wconf 88' lang='lat' dir='ltr'>cui</span> <span class='ocrx_word' id='word_1_299' title='bbox 673 3009 770 3045; x_wconf 88' lang='lat' dir='ltr'>haec</span> <span class='ocrx_word' id='word_1_300' title='bbox 793 3010 1017 3056; x_wconf 89' lang='lat' dir='ltr'>respondet.</span> 
     </span>
    </p>
   </div>
   <div class='ocr_carea' id='block_1_11' title="bbox 413 3066 1927 3175">
    <p class='ocr_par' dir='ltr' id='par_1_11' title="bbox 413 3066 1927 3175">
     <span class='ocr_line' id='line_1_37' title="bbox 414 3066 1927 3118; baseline 0.002 -17"><span class='ocrx_word' id='word_1_301' title='bbox 414 3067 429 3087; x_wconf 77' lang='lat'><em>2</em></span> <span class='ocrx_word' id='word_1_302' title='bbox 479 3066 650 3111; x_wconf 78' lang='lat' dir='ltr'>joannes</span> <span class='ocrx_word' id='word_1_303' title='bbox 667 3068 927 3104; x_wconf 87' lang='lat' dir='ltr'>Rabenstein.</span> <span class='ocrx_word' id='word_1_304' title='bbox 952 3069 1053 3106; x_wconf 86' lang='lat' dir='ltr'>Vide</span> <span class='ocrx_word' id='word_1_305' title='bbox 1071 3070 1335 3118; x_wconf 76' lang='lat' dir='ltr'>AomcoLAM,</span> <span class='ocrx_word' id='word_1_306' title='bbox 1357 3071 1435 3108; x_wconf 85' lang='lat' dir='ltr'>loc.</span> <span class='ocrx_word' id='word_1_307' title='bbox 1458 3071 1552 3118; x_wconf 90' lang='lat' dir='ltr'>cit.,</span> <span class='ocrx_word' id='word_1_308' title='bbox 1570 3070 1662 3107; x_wconf 90' lang='lat' dir='ltr'>dec.</span> <span class='ocrx_word' id='word_1_309' title='bbox 1684 3069 1756 3114; x_wconf 91' lang='lat' dir='ltr'>IV,</span> <span class='ocrx_word' id='word_1_310' title='bbox 1775 3080 1819 3105; x_wconf 91' lang='lat' dir='ltr'>n.</span> <span class='ocrx_word' id='word_1_311' title='bbox 1844 3078 1927 3114; x_wconf 89' lang='lat'>199.</span> 
     </span>
     <span class='ocr_line' id='line_1_38' title="bbox 413 3123 1195 3175; baseline 0.006 -16"><span class='ocrx_word' id='word_1_312' title='bbox 413 3123 430 3145; x_wconf 81' lang='lat'>³</span> <span class='ocrx_word' id='word_1_313' title='bbox 478 3125 539 3160; x_wconf 87' lang='lat' dir='ltr'>De</span> <span class='ocrx_word' id='word_1_314' title='bbox 558 3125 606 3162; x_wconf 88' lang='lat' dir='ltr'>P.</span> <span class='ocrx_word' id='word_1_315' title='bbox 632 3126 844 3170; x_wconf 87' lang='lat' dir='ltr'>HarIemio,</span> <span class='ocrx_word' id='word_1_316' title='bbox 867 3126 958 3163; x_wconf 91' lang='lat' dir='ltr'>vide</span> <span class='ocrx_word' id='word_1_317' title='bbox 978 3128 1093 3175; x_wconf 90' lang='lat' dir='ltr'>epist.</span> <span class='ocrx_word' id='word_1_318' title='bbox 1113 3129 1195 3174; x_wconf 89' lang='lat'>586.</span> 
     </span>
    </p>
   </div>
   <div class='ocr_carea' id='block_1_12' title="bbox 2189 3154 2228 3548">
    <p class='ocr_par' dir='ltr' id='par_1_12' title="bbox 2189 3154 2228 3548">
     <span class='ocr_line' id='line_1_39' title="bbox 2189 3154 2228 3548; baseline 0 0"><span class='ocrx_word' id='word_1_319' title='bbox 2189 3154 2228 3548; x_wconf 95' lang='lat' dir='ltr'> </span> 
     </span>
    </p>
   </div>
  </div>
 </body>
</html>
