2228 3548
387 284 464 321 236
907 281 1046 316 EPIST.
1074 279 1119 314 P.
1148 278 1419 325 NADAL—-432

1106 378 1230 419 4:3²

788 467 842 509 Ρ.
868 463 1285 508 HIERONYMUS
1317 463 1537 506 NADAL

683 552 920 591 SANCTO
954 550 1306 589 FRANCISCO
1341 552 1417 588 DE
1450 550 1643 598 BORJA

481 628 650 655 PRAGAE
669 628 722 654 ET
740 627 998 662 013N1PONTE,
1021 626 1035 653 1
1043 627 1062 662 5
1081 625 1340 654 SEPTEMBms
1359 626 1413 652 m·
1430 625 1451 662 5
1470 624 1678 654 oca-omns
1698 617 1788 663 1566
1811 619 1835 653 ¹.

339 707 376 732 1.
402 696 619 732 Tirnaviae
633 696 847 743 collegium
863 695 1023 738 lustrat,
1041 697 1310 741 rectoremque
1326 694 1495 730 Petrum
1509 694 1696 730 Hernatlz
1709 694 1932 730 renuntiat.
1945 713 1982 720 -—

390 765 426 791 2.
451 756 704 791 Olomutium
729 755 860 790 venit:
884 754 1045 801 collegii
1067 754 1252 789 exordia.
1266 773 1298 779 -
1310 763 1348 800 3.
1378 753 1602 801 Pragensis
1623 754 1829 801 inspectio:
1851 753 1984 801 magi·

386 817 488 849 stros
501 818 579 862 pro
597 814 777 862 collegiis
795 814 990 849 Poloniae
1003 813 1202 860 postulat:
1216 813 1378 848 itineris
1394 813 1460 848 sui
1477 813 1677 848 rationem
1694 824 1721 848 a
1736 813 1892 861 Borgia
1906 813 1986 848 dis-

384 875 485 921 poni
503 877 629 921 optat.
644 883 730 918 -4.
754 873 816 909 De
834 873 1019 920 catalogo
1037 873 1328 908 mittendorum
1347 872 1390 908 in
1419 871 1705 908 Germaniam:
1728 873 1987 919 archiepisco·
2005 873 2007 875 ’

386 937 464 979 pus
489 934 706 981 pragensis
736 933 936 968 Trebonae
960 932 1177 980 collegium
1201 932 1365 968 institui
1381 932 1495 968 enixe
1512 931 1834 979 efflagitat.—5.
1868 931 1988 967 Oeni-

385 996 548 1039 pontem
573 993 775 1040 pervenit:
806 995 889 1028 octo
912 993 1010 1028 socii
1034 993 1164 1027 Roma
1187 992 1302 1027 missi
1317 991 1500 1038 feliciter
1529 991 1796 1027 advenerunt:
1829 989 1990 1026 Canisii

389 1065 480 1087 cum
499 1052 642 1088 Natali
659 1063 907 1100 congressus:
924 1052 1123 1087 sociorum
1141 1051 1388 1088 distributio:
1406 1050 1599 1087 Nicolaus
1618 1051 1757 1086 Salius
1773 1062 1864 1086 cum
1878 1051 1989 1086 novi-

392 1112 461 1147 tiis
488 1112 658 1147 Romam
690 1110 978 1147 mittitur.-—6.
1008 1110 1068 1147 De
1093 1111 1254 1158 collegii
1276 1111 1519 1146 trebonensis
1542 1110 1794 1146 institutione
1824 1110 1988 1158 longius

393 1172 569 1207 disserit:
586 1175 628 1206 ut
646 1172 872 1207 coenobium
891 1170 1123 1207 Casano-vae
1137 1171 1361 1207 trebonensi
1372 1171 1539 1219 collegio
1557 1172 1812 1212 annectatur,
1830 1170 1985 1206 suadet.

393 1240 475 1276 —7.
495 1231 671 1267 Lanoius
693 1231 954 1278 Oenipontem
972 1231 1156 1280 attingit.

444 1322 460 1352 1
473 1341 482 1353 .
540 1311 673 1367 jhus.
694 1310 835 1353 Molto
852 1309 964 1352 Rdo.
982 1309 1129 1352 Padre
1145 1316 1300 1352 nostro
1319 1309 1363 1352 in
1382 1308 1580 1353 Christo.
1597 1310 1693 1352 Pax
1707 1307 1877 1352 Christi
1893 1311 1981 1351 etc.

348 1386 555 1430 Essendo
577 1388 662 1429 che
683 1387 725 1430 16
747 1386 907 1430 lettere
929 1386 986 1429 da
1007 1393 1168 1441 queste
1194 1385 1344 1431 bande
1366 1400 1447 1442 per
1473 1386 1516 1429 16
1543 1399 1649 1429 cose
1677 1385 1793 1429 della
1820 1398 1987 1441 guerra

351 1477 469 1505 vano
489 1462 802 1515 incertissime‚
828 1470 873 1506 et
895 1478 987 1507 non
1009 1463 1223 1508 hauendo
1245 1462 1292 1507 io
1316 1465 1514 1506 anchora
1544 1463 1619 1506 dal
1650 1469 1771 1505 tutto
1798 1461 1990 1506 risolute

347 1546 397 1583 et
422 1539 549 1582 finite
576 1541 618 1583 16
646 1554 751 1583 cose
782 1539 828 1582 di
862 1547 1022 1596 questa
1051 1539 1308 1597 prouincia,
1334 1555 1426 1584 non
1457 1539 1658 1583 scriuero
1689 1539 1735 1582 di
1767 1539 1916 1596 quelle
1948 1538 1990 1582 al

348 1616 494 1673 lungo
517 1618 603 1660 3113
626 1618 677 1659 P.
705 1618 782 1668 V.,
808 1618 966 1660 concio
988 1617 1054 1660 sia
1075 1619 1160 1661 che
1181 1617 1249 1661 fra
1269 1617 1345 1660 doi
1362 1616 1527 1674 giorni,
1547 1630 1633 1660 con
1650 1617 1694 1660 13
1710 1615 1866 1660 diuina
1881 1629 1990 1672 gra-

350 1692 429 1745 tia,
454 1708 595 1749 penso
619 1693 890 1750 partirmene
913 1695 954 1737 13
977 1695 1100 1738 uolta
1121 1695 1179 1739 de
1201 1695 1437 1751 Inspruch,
1462 1693 1507 1736 di
1530 1694 1650 1738 doue
1672 1692 1751 1750 pisi
1768 1692 1988 1737 distessa-

348 1777 503 1814 mente
519 1770 720 1814 scriuero
743 1773 810 1814 co'
835 1771 864 1813 l'
889 1771 1012 1815 aiuto
1034 1772 1108 1814 del
1130 1770 1342 1828 Signore:
1367 1771 1552 1827 passari>
1573 1785 1655 1826 per
1676 1771 1918 1814 Casanoua
1941 1775 1988 1813 et

348 1860 432 1902 per
454 1848 663 1891 Trebona
691 1862 769 1903 per
797 1849 950 1892 ueder’
975 1848 1005 1890 il
1035 1850 1087 1892 P.
1115 1849 1431 1905 Wolffgango,
1456 1854 1502 1890 et
1528 1847 1559 1890 il
1592 1849 1644 1891 P.
1671 1846 1928 1891 Venceslao
1946 1846 1981 1888 ².

350 1922 462 1966 Diro
484 1923 529 1965 in
553 1931 712 1979 questa
743 1925 1037 1970 breuemente
1069 1928 1154 1970 che
1185 1926 1396 1970 hauendo
1429 1924 1610 1968 visitato
1639 1924 1670 1967 il
1701 1922 1897 1980 collegio
1928 1923 1986 1966 de

352 1999 546 2064 Vienna,
572 2014 700 2044 come
722 2000 798 2057 gie
825 2002 950 2044 scrisi
980 2003 1067 2046 alla
1091 2005 1143 2046 P.
1170 2004 1248 2054 V.,
1273 2001 1406 2046 andai
1428 2002 1475 2044 in
1503 2000 1749 2057 Tyrnauia,
1775 2001 1896 2044 doue
1918 2000 1987 2042 la-

350 2076 460 2122 50131
482 2091 561 2133 per
582 2083 751 2121 rettore
771 2077 802 2119 11
824 2080 881 2121 D.
910 2078 1060 2122 Pietro
1084 2080 1261 2122 Hernat
1276 2113 1286 2133 ,
1310 2080 1535 2141 hungaro;
1561 2085 1607 2121 et
1629 2077 1841 2121 hauendo
1863 2075 1988 2119 ordi-

347 2160 456 2196 nato
472 2154 514 2197 16
530 2168 637 2198 cose
653 2153 699 2196 di
717 2155 822 2210 quel
839 2155 1033 2211 colegi0‚
1055 2155 1240 2199 ritornai
1258 2171 1335 2212 per
1355 2155 1575 2199 Possonio
1592 2162 1638 2198 et
1655 2154 1734 2197 udi
1749 2154 1792 2198 13
1808 2153 1992 2197 conses-

348 2229 451 2273 sion
478 2231 692 2294 generale
723 2232 797 2274 del
824 2232 999 2275 dottore
1029 2233 1182 2277 Saidel
1204 2234 1237 2286 ⁵,
1268 2233 1525 2276 hauendolo
1553 2231 1729 2276 auisato
1765 2230 1909 2288 prima
1945 2229 1988 2274 al

349 2309 518 2362 passar’
544 2307 591 2350 in
614 2308 860 2363 Tyrnauia,
887 2310 971 2353 che
993 2312 1029 2352 s’
1050 2309 1374 2366 apparechiasi.
1490 2359 1494 2363 ,

441 2396 503 2427 2.·
547 2386 619 2428 Da
643 2385 862 2428 Possonio
890 2386 1022 2429 andai
1054 2387 1101 2430 in
1140 2387 1375 2431 Olomutio
1404 2387 1493 2430 co’l
1522 2389 1575 2430 P.
1602 2384 1848 2430 Laurentio
1880 2398 1988 2440 pro-

350 2459 560 2514 uinciale,
584 2461 616 2503 il
637 2461 770 2517 quale
793 2476 909 2506 uene
930 2477 1016 2505 con
1038 2478 1110 2508 me
1130 2463 1278 2507 insino
1301 2479 1327 2507 3
1350 2465 1500 2520 Praga
1521 2477 1531 2517 ;
1556 2470 1602 2506 et
1621 2477 1670 2505 se
1697 2461 1801 2504 ben'
1826 2459 1872 2504 io
1904 2475 1985 2504 ero

350 2550 463 2592 poco
485 2537 701 2581 inclinato
723 2552 749 2581 3
771 2539 908 2593 quell’
928 2554 1063 2595 opera
1080 2540 1127 2583 in
1144 2547 1306 2597 questo
1323 2547 1490 2597 tempo,
1509 2538 1793 2583 considerate
1813 2536 1986 2594 impero

422 2675 432 2695 ¹
483 2673 541 2708 Ex
555 2674 782 2720 archetypo,
797 2685 819 2708 a
833 2674 1009 2720 Jimenez
1026 2682 1198 2724 exarato,
1217 2682 1256 2712 et
1271 2675 1421 2712 Natalis
1437 2687 1552 2711 manu
1566 2673 1788 2721 subscripto
1802 2678 1842 2708 et
1857 2684 1990 2708 emen—

347 2730 453 2773 dato,
473 2732 513 2767 in
531 2732 666 2779 Epist.
686 2732 842 2779 Natat„
862 2734 912 2779 11,
932 2734 1078 2781 duplici
1096 2735 1186 2783 f01.,
1211 2744 1277 2782 147
1298 2726 1398 2782 (15'3,
1420 2736 1520 2780 154).
1548 2733 1650 2769 Vide
1674 2732 1879 2780 epistolam
1903 2739 1989 2777 421,

352 2790 416 2825 cui
432 2791 530 2826 haec
547 2790 778 2838 respondet.

416 2852 430 2871 ²
481 2850 617 2885 Patres
631 2849 891 2896 wolfgangus
908 2852 1027 2888 Maria
1038 2852 1216 2900 Georgii,
1231 2858 1271 2888 et
1281 2853 1539 2889 Wenceslaus
1554 2850 1763 2887 Sturmius.
1780 2850 1987 2893 SCHMIDL,

344 2907 453 2943 Hist.
479 2909 602 2945 Prov.
633 2910 822 2953 Bohem.,
849 2910 920 2945 lib.
951 2911 1022 2957 III,
1048 2924 1116 2947 nn.
1147 2913 1207 2958 45,
1233 2920 1295 2958 47,
1319 2912 1387 2959 qui
1409 2911 1459 2947 de
1483 2909 1722 2956 wolfgango
1747 2910 1845 2945 haec
1868 2906 1991 2944 addit:

351 2967 521 3002 «Doctor
543 2966 833 3015 Wolffgangus
852 2970 995 3016 senior,
1015 2982 1091 3006 non
1109 2972 1175 3007 ille
1194 2972 1267 3007 hoc
1285 2982 1386 3007 anno
1402 2975 1557 3006 creatus
1576 2968 1781 3010 Sacerdos,
1801 2967 1872 3004 sed
1889 2966 1990 3002 alius

342 3026 603 3073 cognominis,
627 3026 746 3062 etiam
766 3026 850 3073 ipse
876 3028 1001 3064 Tinae
1021 3030 1060 3065 in
1085 3031 1279 3066 Bohemia
1297 3036 1444 3066 ortus.»

422 3085 436 3105 ⁵
486 3086 660 3131 Joannes
679 3085 833 3122 Seidel.
