2228 3548
115 0 427 28 2-fflw77-573'·„·2vr1
455 0 477 9 zv,
501 0 524 10 ·,
550 4 552 7 v

864 275 908 313 14
933 266 970 302 N
972 275 1184 304 ovmmms
1214 267 1305 313 1566
1786 257 1857 316 '307

279 398 282 405 .
354 369 599 425 Inscriptio
620 369 672 412 in
693 372 860 425 quarta
875 370 1080 427 pagina:
1095 370 1228 428 Jhus.
1254 370 1316 414 Al
1344 371 1484 414 molto
1506 371 1622 415 Rdo.
1650 371 1797 415 Padre
1818 385 1905 414 no-

262 453 362 491 stro
388 446 435 489 in
463 446 647 490 Christo
677 446 708 489 il
737 448 790 490 P.
827 448 1082 492 Franeesco
1113 448 1170 491 de
1199 447 1384 504 Borgia‚
1425 448 1655 505 preposito
1692 449 1907 505 generale

263 524 386 567 della
407 522 692 580 Compagnia
713 524 770 568 de
785 525 920 582 Jesu,
944 531 1031 569 etc.
1065 526 1222 568 Roma.
1254 525 1363 568 Alia
1391 540 1560 568 manu:
1582 526 1637 570 C.
1670 526 1797 580 1566.
1822 525 1907 569 Di-

268 600 410 658 linga.
432 602 486 644 P.
511 601 687 645 Natale.
717 613 769 655 14
790 600 836 644 di
857 602 1133 646 Nouembre.
1158 602 1282 645 Alia:
1303 616 1344 646 e.
1370 618 1429 646 m.
1465 604 1717 661 Vestigium
1739 603 1904 660 sigilli.

1022 713 1144 753 cua

717 793 770 835 Ρ.
796 792 1210 837 HIERONYMUS
1238 793 1458 837 NADAL

668 868 853 903 PATRI
903 867 1262 906 LAURENTIO
1311 867 1513 906 MAGIO

871 933 1101 981 provinciali
1119 933 1303 970 Austriae

742 1007 957 1043 DmNGAE,
976 1007 1019 1043 14
1036 1006 1276 1035 Novmfflms
1294 999 1384 1044 1566
1405 1001 1432 1035 ¹.

332 1066 393 1101 De
410 1064 753 1101 admonitionibus
778 1063 1022 1111 Wolfgango
1038 1075 1063 1098 a
1077 1064 1308 1111 praeposito
1321 1065 1572 1111 provinciali
1582 1065 1842 1113 praebendis.

360 1144 395 1186 Il
418 1146 471 1187 P.
498 1142 699 1186 Henrico
721 1141 736 1162 ¹
760 1143 820 1184 m’
845 1142 904 1184 ha
923 1140 1082 1184 scritto
1104 1140 1150 1183 di
1174 1143 1324 1198 Praga
1340 1141 1371 1184 il
1390 1142 1635 1187 medesimo
1656 1145 1742 1187 che
1764 1146 1822 1189 V.
1848 1145 1904 1189 R.

270 1220 334 1264 mi
356 1220 520 1264 manda
542 1219 588 1262 in
610 1226 734 1264 certa
754 1217 884 1275 copia
903 1217 962 1262 de
982 1217 1164 1274 capitoli
1185 1218 1303 1262 della
1324 1233 1407 1262 sua
1429 1219 1605 1272 lettera,
1627 1228 1673 1265 et
1690 1222 1829 1264 molto
1846 1223 1906 1264 m’

273 1299 333 1340 ha
352 1292 617 1340 'contentato
652 1295 802 1351 quello
838 1294 910 1339 del
932 1301 1239 1351 procuratore,
1265 1302 1311 1340 et
1339 1295 1416 1352 pisi
1442 1303 1729 1341 scontentato
1757 1298 1909 1355 quello

269 1375 330 1419 de
351 1374 644 1430 Wolffcango
667 1374 700 1415 ³.
729 1373 960 1415 Dominus
988 1371 1058 1414 illi
1077 1375 1255 1428 parcat.
1287 1373 1430 1429 Sopra
1457 1373 1503 1416 di
1531 1382 1692 1429 questo
1714 1377 1773 1418 ho
1795 1390 1909 1432 pen-

268 1458 371 1496 sato
391 1452 481 1494 due
502 1465 623 1503 cose,
657 1449 819 1504 Padre,
851 1463 878 1492 o
910 1455 993 1493 tre.
1026 1450 1091 1492 La
1128 1448 1287 1505 prima,
1327 1451 1412 1495 che
1440 1450 1486 1493 in
1515 1451 1907 1496 nisuna·maniera

270 1531 308 1572 s'
332 1530 392 1571 ha
412 1529 470 1571 da
491 1526 790 1579 dissimulare,
814 1541 895 1583 per
917 1527 1052 1571 esser'
1091 1540 1196 1570 cosa
1230 1527 1287 1571 de
1318 1527 1456 1571 molta
1477 1527 1757 1585 importanza
1788 1536 1834 1572 et
1862 1530 1910 1573 di

267 1605 410 1649 molto
433 1603 668 1660 essempio.
692 1604 757 1647 La
780 1601 850 1647 2.⁸
866 1604 952 1647 che
973 1603 1016 1647 la
1038 1604 1092 1647 R.
1119 1604 1199 1657 V.‚
1219 1618 1298 1660 per
1319 1603 1611 1649 instruttione
1637 1606 1726 1650 mia
1758 1614 1804 1650 et
1826 1620 1907 1650 co-

236 1670 239 1671 ⁷
270 1681 499 1734 missione,
525 1679 668 1724 faccia
689 1695 779 1723 vna
814 1681 975 1725 lettera
1001 1686 1022 1707 ²
1049 1680 1091 1723 al
1116 1681 1167 1723 P.
1202 1680 1421 1735 Henrico,
1452 1682 1713 1728 mostrabile
1739 1684 1813 1726 all’
1837 1698 1913 1727 ar-

268 1758 514 1802 eiuescouo
536 1757 552 1780 ⁴
573 1765 618 1801 et
641 1756 866 1814 preposito
890 1758 922 1810 ⁵,
947 1757 1066 1802 nella
1089 1757 1221 1812 quale
1242 1757 1359 1811 dica,
1385 1760 1469 1802 che
1487 1762 1546 1802 m'
1572 1761 1597 1803 e
1615 1767 1733 1803 stata
1754 1760 1914 1817 ingra-

272 1835 447 1879 tissima
472 1836 516 1878 la
542 1831 702 1879 lettera
729 1836 815 1879 che
841 1834 981 1878 scrise
1007 1834 1038 1876 il
1069 1837 1121 1878 P.
1153 1834 1460 1893 Wolffcang0‚
1502 1843 1547 1881 et
1584 1837 1911 1894 specialmente

275 1913 425 1970 quello
448 1914 498 1955 in
526 1926 612 1968 quo
639 1911 897 1954 detrahebat
932 1911 1044 1954 act-is
1076 1911 1215 1954 Illmi.
1255 1912 1371 1955 Dni.
1411 1913 1749 1970 archiepiscopi,
1772 1915 1815 1958 la
1835 1913 1910 1957 cui

274 1989 518 2044 authorita,
537 1988 713 2046 dignita
730 1995 775 2033 et
791 1990 963 2031 honore
980 1990 1039 2031 ha
1055 1988 1113 2031 da
1129 1990 1266 2032 esser'
1287 2003 1313 2032 a
1330 1988 1405 2033 noi
1427 1990 1706 2043 charissima,
1726 1991 1764 2034 si
1782 2005 1912 2035 come

275 2067 301 2111 e
322 2081 402 2124 per
423 2067 466 2111 la
487 2066 575 2110 Dio
597 2065 745 2123 gratia
760 2080 786 2108 a
809 2064 914 2108 tutti
937 2063 1074 2119 quelli
1090 2066 1174 2108 che
1191 2078 1281 2109 non
1300 2065 1425 2110 siano
1442 2081 1570 2111 come
1588 2075 1751 2123 questo
1768 2069 1912 2110 bohe—

0 2164 5 2187 ι
273 2158 350 2187 mo
373 2143 602 2195 tribulato,
623 2149 710 2185 etc.
741 2142 778 2186 b.
800 2143 857 2184 Et
874 2142 1022 2197 quelle
1038 2141 1152 2186 altre
1173 2155 1278 2186 cose
1295 2144 1379 2187 che
1395 2143 1496 2188 dice
1518 2144 1564 2186 di
1586 2157 1673 2196 me,
1699 2143 1760 2186 mi
1779 2158 1912 2187 muo-

277 2234 413 2274 ueno,
435 2219 483 2262 in
497 2226 695 2275 respetto
713 2218 758 2261 di
776 2225 954 2274 questo,
975 2218 1114 2260 molto
1131 2232 1263 2274 poco;
1282 2221 1448 2275 perche
1466 2228 1635 2276 quanto
1654 2221 1696 2263 al
1717 2220 1911 2277 collegio

275 2297 324 2340 di
341 2297 566 2348 Trebona,
586 2309 636 2338 se
656 2295 700 2338 io
722 2294 862 2351 parlai
884 2309 910 2338 a
930 2294 1011 2348 lui,
1031 2294 1063 2337 il
1079 2296 1164 2338 che
1185 2310 1277 2339 non
1298 2295 1358 2339 mi
1374 2296 1551 2341 ricordo
1570 2299 1628 2341 ne
1645 2298 1796 2350 credo,
1822 2311 1913 2340 non

276 2373 365 2417 disi
383 2374 497 2416 altro
520 2374 605 2417 che
627 2372 776 2429 quello
804 2373 887 2415 che
914 2371 1001 2415 disi
1029 2378 1074 2416 et
1101 2371 1325 2428 significai
1354 2373 1402 2416 in
1431 2377 1597 2431 Praga,
1630 2376 1715 2419 che
1743 2375 1786 2417 la
1808 2388 1916 2418 cosa

354 2512 375 2532 a
413 2503 435 2539 3
459 2504 579 2539 verba
602 2514 716 2550 seqq.
744 2514 860 2549 supra
883 2513 992 2538 vers.
1021 2501 1169 2539 addidit
1198 2502 1366 2540 libr.-b
1397 2505 1591 2541 tribulato
1620 2508 1691 2544 etc.
1717 2510 1778 2540 est
1800 2516 1917 2552 supra

284 2575 392 2600 vers.
415 2574 484 2610 pro
501 2566 538 2599 et
556 2563 640 2598 mal
658 2563 815 2598 bohemo
827 2564 865 2597 et
882 2561 967 2597 mal
984 2562 1188 2610 religioso,
1209 2574 1308 2610 quae
1333 2564 1540 2601 obliterata
1566 2570 1658 2601 sunt
1681 2576 1703 2600 a
1726 2564 1817 2600 libr.
1848 2563 1918 2600 Se-

282 2623 414 2670 quitur
426 2626 502 2670 per
517 2622 709 2658 deletum.

355 2726 365 2746 ¹
416 2724 474 2758 Ex
492 2723 727 2770 apographo,
743 2733 764 2757 a
779 2723 958 2768 jimenez
975 2726 1150 2768 exarato,
1165 2727 1206 2758 et
1219 2721 1381 2760 Romam
1399 2736 1422 2760 a
1436 2724 1564 2761 Natali
1580 2724 1713 2771 misso,
1729 2724 1769 2759 in
1783 2724 1914 2771 Epist.

278 2782 433 2828 NataL,
454 2783 503 2826 ΙΙ,
525 2782 640 2818 unico
659 2781 744 2827 fol„
766 2781 834 2816 160
851 2780 975 2826 (408).
998 2780 1154 2817 Titulus
1173 2781 1286 2818 initio
1302 2783 1468 2830 positus,
1487 2785 1536 2820 ab
1554 2784 1639 2830 ipso
1654 2783 1811 2819 librario
1827 2794 1918 2818 exa·

277 2846 397 2884 ratus,
416 2842 471 2877 ita
486 2842 618 2877 habet:
630 2841 754 2888 Jhus,
780 2839 905 2888 Copia
923 2841 963 2876 d'
979 2851 1037 2875 un
1055 2841 1228 2888 capitolo
1247 2842 1313 2878 che
1331 2842 1364 2878 il
1381 2843 1431 2879 P.
1451 2842 1598 2879 Natale
1623 2843 1754 2879 scriue
1771 2842 1815 2878 al
1837 2843 1917 2878 Pa-

276 2901 349 2937 dre
362 2900 618 2948 prouinciale
635 2900 864 2944 d'Austria,
883 2900 961 2935 alli
978 2909 1026 2944 14
1045 2900 1092 2936 de
1112 2899 1334 2937 Nouembre
1351 2902 1462 2946 1566.

353 2962 367 2982 2
417 2958 675 3006 Blyssemius,
692 2965 819 2995 rector
836 2958 1015 3005 collegii.

354 3020 369 3041 ¹
419 3018 678 3066 Wolfgangus
696 3019 776 3066 ille,
795 3018 844 3054 de
862 3029 939 3065 quo
956 3018 1126 3055 diximus
1143 3018 1183 3054 in
1201 3018 1321 3066 epist.
1344 3018 1428 3068 437,
1448 3033 1487 3056 n.
1507 3031 1543 3067 93
1563 3026 1603 3057 et
1620 3020 1703 3066 448,
1725 3032 1761 3056 n.
1786 3029 1801 3056 1
1813 3048 1821 3057 .

357 3079 373 3100 ⁴
423 3077 616 3114 Antonius
633 3078 731 3114 Brus
749 3077 798 3113 de
817 3077 998 3124 Muglitz.
1217 3080 1232 3101 ⁵
1281 3078 1475 3116 Henrieus
1495 3079 1722 3116 Scribonius
1741 3079 1908 3124 (Pisek).
