2228 3548
890 285 938 314 22
962 253 1157 315 Aue-usn
1186 277 1277 323 1568
1774 276 1845 313 633

242 378 342 424 acio
362 380 437 423 ch’
461 378 494 422 11
515 379 570 422 P.
596 379 876 424 Hernandez
897 380 926 433 ¹,
951 381 1038 424 che
1065 379 1090 423 ὲ
1110 379 1252 423 1110110
1279 394 1380 432 5110,
1406 379 1471 437 gli
1493 380 1537 424 13
1563 379 1655 433 (113,
1679 386 1726 423 61
1747 378 1893 422 infor-

244 463 367 501 mato
382 456 500 500 della
517 470 626 500 cosa
647 456 775 510 aiuti,
796 463 885 501 etc.
911 457 967 500 D'
991 456 1023 499 il
1045 458 1101 501 P.
1126 456 1331 500 Henrico
1353 456 1575 514 Dionysio
1598 457 1613 477 ²
1638 455 1803 500 scrisse
1816 462 1838 484 ²
1859 455 1892 499 11

243 534 362 578 (11163
383 534 428 577 d'
453 534 576 578 Alua
592 534 626 587 ⁵,
650 548 743 577 non
766 549 845 590 per
866 533 1167 591 suggestione
1189 534 1234 577 d'
1253 534 1389 578 alcun
1410 535 1467 578 de
1489 533 1649 587 nostri,
1674 548 1749 577 ma
1771 548 1797 577 a
1818 531 1891 576 111-

243 617 403 654 stanza
424 611 470 653 d’
494 610 525 653 il
547 610 814 667 magistrato
830 611 877 653 di
894 611 1115 664 Traietto,
1134 611 1255 656 doue
1276 618 1347 655 sta
1362 611 1395 653 11
1409 613 1469 654 D.
1491 610 1713 664 Henrico,
1734 616 1780 654 et
1796 624 1891 654 non

244 686 291 730 in
313 686 495 744 Lieggi:
522 687 584 730 mi
606 702 714 744 pare
730 689 820 732 che
841 702 935 731 non
950 687 988 732 si
1005 688 1266 732 douerebbe
1283 702 1465 742 cauare,
1485 689 1545 732 ne
1570 686 1593 715 ¹³
1610 687 1731 740 dila,
1752 701 1890 731 senza

243 764 326 808 dar
348 764 573 821 raggione
595 765 638 808 al
660 765 793 809 duca.

330 854 374 896 4.
440 842 491 884 In
514 848 632 885 tutte
654 849 816 898 queste
836 842 999 886 lettere
1019 841 1082 884 mi
1103 841 1253 885 scriue
1273 842 1316 886 la
1340 843 1393 885 P.
1421 843 1479 886 V.
1505 842 1631 885 della·
1645 841 1736 884 mia
1753 840 1888 884 ritor-

241 924 348 961 nata
368 918 415 961 in
438 920 599 971 Roma,
620 926 666 964 et
688 918 748 974 io,
770 919 934 972 Padre,
955 933 1040 962 son
1055 933 1119 962 vn
1135 919 1434 973 cameleonte,
1453 919 1621 976 perche
1637 921 1697 961 m’
1718 917 1888 961 inclino

240 996 382 1039 afatto
403 996 446 1039 la
468 997 591 1041 doue
611 996 730 1041 vedo
751 995 983 1040 inclinarsi
1004 996 1048 1040 13
1072 998 1124 1039 Ρ.
1151 997 1230 1050 V.,
1255 1003 1301 1040 et
1323 995 1419 1039 6051
1444 998 1592 1051 quest’
1618 995 1777 1040 ultime
1798 996 1888 1040 let-

243 1079 338 1118 tere
360 1074 420 1115 m'
444 1074 599 1117 hanno
622 1075 737 1118 fatto
767 1072 988 1118 inclinare
1019 1073 1286 1118 totalmente
1309 1072 1380 1116 ad’
1398 1071 1553 1117 andar’
1576 1073 1620 1117 in
1655 1074 1816 1127 Roma,
1840 1078 1887 1117 et

240 1149 429 1194 lasciare
452 1150 589 1206 quell’
614 1150 911 1195 inclinatione
932 1151 1022 1195 che
1043 1152 1225 1194 haueuo
1242 1149 1288 1193 di
1304 1157 1477 1194 restare
1494 1150 1542 1192 in
1559 1157 1720 1206 queste
1736 1149 1887 1194 bande

241 1227 316 1271 del
337 1227 653 1273 settentrione.
681 1228 758 1272 Ho
782 1228 894 1271 fatto
916 1227 1145 1285 diligenza
1174 1226 1251 1284 qui
1282 1242 1364 1284 per
1385 1226 1542 1271 hauer'
1566 1226 1887 1270 informatione

241 1303 285 1347 d’
308 1304 339 1346 il
360 1311 480 1348 stato
498 1305 616 1350 delle
637 1319 745 1350 cose
765 1304 811 1348 di
833 1303 1040 1358 Francia,
1061 1311 1107 1349 et
1129 1303 1454 1362 specialmente
1475 1304 1521 1347 di
1543 1305 1694 1360 quelle
1715 1303 1884 1358 bande,

243 1395 378 1425 verso
400 1382 442 1425 le
465 1381 588 1437 quali
610 1382 672 1426 ho
694 1397 720 1426 a
741 1383 931 1435 andare,
956 1396 1038 1439 per
1058 1395 1215 1426 mezzo
1246 1382 1292 1425 d'
1317 1381 1348 1424 il
1378 1383 1431 1426 Ρ.
1459 1380 1716 1425 Ρο550111110
1740 1387 1786 1425 61
1808 1379 1886 1423 d’il

242 1464 411 1503 rettore
433 1458 479 1502 di
500 1465 663 1515 questo
684 1459 897 1517 collegio,
917 1466 964 1504 et
985 1460 1024 1503 s'
1048 1458 1236 1504 intende
1257 1460 1345 1504 che
1366 1457 1430 1516 gl’
1447 1457 1695 1515 hugonotti
1712 1457 1751 1501 si
1769 1471 1887 1501 sono

239 1535 378 1579 mossi
400 1550 455 1578 su
476 1536 519 1580 la
541 1536 691 1581 riuera
711 1535 755 1579 d'
778 1536 809 1579 il
831 1537 1056 1581 Rhodano
1073 1542 1194 1580 sotto
1212 1537 1444 1589 Tornone,
1465 1543 1511 1581 et
1528 1537 1617 1581 che
1634 1550 1726 1579 non
1744 1534 1782 1579 si
1798 1534 1890 1592 puo

239 1612 408 1655 andare
429 1612 736 1658 sicuramente
757 1613 893 1657 insin’
919 1629 946 1658 a
968 1614 1198 1667 Tornone,
1218 1627 1310 1658 non
1332 1614 1407 1657 ch'
1427 1613 1475 1658 in
1497 1613 1752 1670 Auignone
1782 1619 1816 1666 c;
1843 1618 1890 1655 et

235 1688 288 1732 111
320 1695 440 1734 111113
471 1690 666 1734 Francia
698 1690 736 1733 si
768 1705 966 1735 moueno
998 1690 1063 1748 gli
1096 1690 1361 1748 hugonotti.
1389 1691 1464 1734 Ho
1502 1689 1749 1734 consultati
1783 1689 1889 1732 tutti

239 1766 390 1821 questi
413 1767 566 1820 Padri,
592 1774 638 1812 et
660 1770 720 1810 m'
746 1768 770 1811 ὲ
792 1782 926 1825 parso
953 1768 1073 1813 bene
1101 1767 1253 1823 quello
1281 1769 1366 1812 che
1393 1767 1483 1812 essi
1511 1774 1722 1821 sentono,
1748 1765 1889 1810 mossi

243 1849 370 1887 tanto
391 1858 473 1900 per
495 1852 656 1900 queste
684 1859 862 1898 nuoue,
889 1852 1062 1901 quanto
1090 1860 1171 1903 per
1197 1844 1228 1888 1’
1251 1845 1410 1899 ultima
1436 1845 1648 1902 postdata
1675 1844 1721 1887 di
1753 1858 1890 1888 mano

242 1921 361 1965 della
384 1923 437 1965 P.
464 1923 543 1975 V.,
569 1922 688 1966 doue
710 1922 827 1966 dice:
857 1922 934 1967 «Si
957 1925 1055 1967 esta
1076 1922 1220 1967 cierto
1242 1936 1302 1966 no
1324 1929 1444 1967 estat
1462 1936 1631 1979 seguro
1653 1922 1695 1965 el
1712 1920 1891 1964 camino

242 1998 299 2042 de
321 1998 448 2042 Leon
470 2003 496 2043 a
518 1999 724 2053 Auinon,
751 2000 798 2043 ni
820 2001 878 2044 de
895 1999 1085 2044 Auifion
1105 2003 1132 2043 a
1148 1999 1291 2054 Italia,
1312 2015 1372 2044 no
1388 2014 1439 2044 es
1455 2006 1686 2045 menester
1703 1998 1893 2042 eonsul-

242 2081 311 2118 tar
331 2075 388 2119 de
410 2077 555 2129 Leon,
581 2076 681 2120 sino
703 2077 894 2134 partirse
915 2091 1025 2134 para
1052 2080 1156 2130 363,
1181 2077 1310 2121 531110
1337 2076 1376 2121 51
1405 2078 1547 2134 algun
1574 2075 1800 2130 colegieto
1832 2075 1890 2118 de

240 2152 445 2207 aquellos
475 2166 565 2208 que
593 2157 723 2198 estan
756 2168 888 2198 cerea
919 2154 976 2197 de
1007 2154 1134 2198 Leon
1170 2169 1221 2199 se
1256 2154 1445 2212 pudiese
1472 2154 1629 2197 visitar
1661 2167 1720 2196 en
1748 2165 1888 2209 pocos

240 2228 384 2283 dias»,
409 2236 498 2273 616.
523 2229 644 2273 Dalli
666 2230 788 2287 quali
818 2229 1028 2287 principii
1055 2230 1118 2274 mi
1146 2230 1170 2275 ὲ
1196 2245 1331 2289 parso
1359 2231 1449 2275 co’l
1477 2229 1711 2286 conseglio
1742 2231 1890 2285 (come

241 2303 361 2361 dico)
385 2305 430 2348 di
452 2307 602 2362 questi
627 2307 779 2361 Padri,
804 2307 993 2353 scriuer’
1017 2307 1106 2351 alla
1127 2310 1182 2352 P.
1207 2309 1266 2353 V.
1292 2309 1398 2365 quel
1421 2310 1508 2353 6116
1528 2306 1725 2364 seguita,
1751 2305 1849 2349 cioe
1871 2320 1880 2348 :

242 2381 290 2424 Io
310 2395 397 2425 con
419 2382 462 2426 13
482 2383 629 2439 gratia
651 2384 725 2428 del
747 2383 943 2441 Signore
965 2398 1053 2428 con
1074 2384 1225 2441 questi
1255 2385 1392 2442 Padri
1423 2385 1632 2430 finiremo
1655 2383 1836 2426 dimane
1859 2396 1887 2426 0

242 2455 272 2500 1’
294 2458 410 2502 altro
431 2459 472 2502 16
495 2460 843 2517 congregationi
866 2475 946 2517 per
973 2461 1003 2504 l’
1027 2460 1334 2506 informationi
1361 2464 1448 2507 che
1475 2464 1513 2505 s'
1538 2463 1691 2504 hanno
1722 2474 1749 2502 a
1777 2459 1887 2503 dare

242 2535 285 2578 al
307 2543 601 2592 procuratore
622 2544 731 2592 etc.,
750 2543 797 2582 et
818 2537 1052 2596 seguitaro
1072 2538 1115 2582 la
1137 2538 1286 2594 visita,
1306 2540 1440 2596 quale
1462 2540 1524 2581 ho
1547 2535 1883 2588 incominciata,

239 2611 286 2654 di
323 2619 486 2667 questo
523 2614 734 2671 collegio,
776 2616 882 2672 qual
919 2630 1063 2672 penso
1100 2615 1257 2660 hauer'
1279 2615 1408 2660 finita
1444 2630 1525 2673 per
1563 2621 1684 2658 tutto
1723 2619 1886 2668 questo

236 2702 362 2733 mese
376 2687 397 2716 d
412 2703 440 2732 0
460 2704 576 2746 poco
597 2690 692 2748 piu3
718 2698 764 2735 et
785 2693 824 2735 s’
843 2691 891 2735 in
914 2698 1077 2748 questo
1099 2699 1251 2749 tempo
1272 2693 1316 2737 le
1331 2692 1407 2737 vie
1428 2707 1521 2736 non
1543 2705 1739 2735 saranno
1762 2689 1886 2733 sicu-

303 2813 324 2834 a
363 2807 540 2852 Archet.,
556 2809 764 2845 scrisi.-b
778 2810 866 2845 Hoc
879 2810 991 2846 verb.
1007 2821 1125 2857 supra
1138 2821 1242 2846 vers.
1259 2809 1409 2846 addidit
1423 2810 1511 2846 libr.
1522 2817 1582 2837 -c
1601 2808 1623 2844 8
1637 2809 1758 2844 verba
1772 2819 1883 2856 seqq.

233 2863 274 2900 in
292 2875 418 2912 marg.
443 2866 593 2903 addidit
611 2868 782 2905 libr.-d
802 2868 825 2904 3
843 2869 965 2905 verba
982 2880 1092 2917 seqq.
1113 2880 1231 2916 supra
1248 2881 1352 2906 vers.
1374 2869 1526 2906 addidit
1544 2869 1632 2905 libr.

310 2967 318 2987 ¹
370 2967 704 3014 Bartholomaeus,
724 2974 854 3010 rector
872 2969 1035 3016 collegii
1052 2970 1382 3007 salmanticensis.

306 3023 322 3044 ¹
374 3026 474 3064 Vide
494 3028 614 3075 epist.
640 3028 726 3076 508,
746 3041 788 3064 n.
812 3027 849 3074 33
865 3036 951 3076 509,
971 3041 1010 3065 n.
1030 3036 1068 3074 7;
1088 3037 1173 3076 512,
1191 3041 1238 3066 11,
1262 3038 1295 3074 1;
1315 3036 1355 3066 61
1373 3029 1458 3075 530,
1479 3041 1518 3065 n.
1538 3037 1577 3064 z.

310 3089 325 3110 ⁸
374 3088 644 3125 Ferdinandus
663 3089 833 3125 Alvarez
849 3088 899 3124 de
914 3087 1082 3124 Toledo.
1105 3088 1207 3125 Vide
1224 3089 1346 3136 epist.
1368 3097 1453 3136 497,
1469 3101 1514 3124 n.
1537 3099 1578 3134 9.
