2228 3548
895 276 940 314 31
968 279 1215 317 Dsscmfflms
1242 281 1334 326 1576
1811 282 1883 329 733

299 376 484 422 Christo
507 379 631 422 Patri
659 380 718 424 N.
751 381 805 423 P.
837 381 1070 426 Euerardo
1101 382 1405 437 Mercuriano,
1426 384 1701 441 praeposito
1727 387 1931 444 generali

301 455 541 500 Societatis
562 457 679 500 1333.
705 457 890 501 Romae.
913 459 1023 501 Alia
1042 473 1202 502 manu:
1223 460 1254 518 ’ξ-
1282 461 1408 515 1576.
1433 462 1494 505 Di
1515 462 1649 507 Hala.
1674 463 1709 506 Il
1736 466 1789 508 P.
1815 464 1931 509 Gie-

301 546 491 588 ronymo
513 534 690 587 Natale,
715 533 789 577 alli
813 547 864 590 31
889 534 935 578 di
956 536 1225 582 Decembre.

1063 665 1166 707 611

585 748 641 784 Ρ.
681 748 1095 786 EVERARDUS
1143 750 1645 790 MERCURIANUS

698 828 886 871 PATRI
907 828 1285 873 HIERONYMO
1308 830 1528 874 NADAL

790 924 948 960 ROMAE,
969 915 1012 951 31
1033 925 1271 953 Dncmms
1292 918 1383 963 1576
1402 918 1428 954 ¹.

912 993 1099 1040 Epistola
1115 993 1305 1042 officiosa.

384 1077 473 1121 Doi
492 1078 650 1122 lettere
671 1076 943 1120 riceuemmo
963 1077 1021 1120 de
1042 1078 1207 1121 Vostra
1228 1077 1505 1132 Riuerentia,
1531 1080 1659 1136 quasi
1680 1080 1727 1123 in
1743 1096 1804 1125 vn
1825 1097 1921 1127 me-

297 1154 470 1198 desimo
494 1162 660 1211 tempo,
684 1155 713 1196 l’
737 1169 827 1197 vna
842 1153 888 1197 di
912 1166 966 1210 23
988 1154 1034 1197 di
1052 1154 1183 1208 8.¹³¹’0‚
1207 1155 1327 1199 nella
1348 1156 1480 1212 quale
1501 1157 1769 1202 desideraua
1799 1173 1927 1204 esser

298 1232 470 1276 aiutato
486 1233 544 1276 da
560 1231 636 1276 noi
651 1247 730 1289 per
749 1247 918 1289 pagare
939 1231 971 1275 11
986 1231 1150 1276 viatico
1172 1232 1246 1275 del
1266 1246 1350 1276 suo
1365 1247 1619 1290 companno
1635 1236 1850 1280 venutole
1867 1237 1926 1280 da

295 1310 522 1363 Anuersa,
553 1311 811 1354 mostrando
841 1310 1034 1365 qualche
1061 1309 1186 1353 ansia
1221 1316 1268 1353 et
1297 1310 1630 1356 sconsolatione
1666 1327 1746 1368 per
1773 1314 1924 1368 quella

295 1387 526 1449 difficolta.
552 1388 604 1430 L’
629 1387 742 1430 altra
761 1401 898 1430 senza
918 1386 1040 1439 data,
1064 1400 1145 1444 per
1164 1387 1207 1431 13
1229 1386 1362 1443 quale
1383 1387 1425 1431 31
1442 1387 1628 1432 3313333
1646 1403 1774 1433 come
1791 1390 1865 1446 gia
1882 1390 1920 1434 si

293 1478 371 1508 era
392 1470 561 1521 pagato
583 1463 613 1507 11
634 1463 802 1516 debito,
826 1470 914 1507 ete.
940 1464 998 1507 Et
1019 1477 1148 1508 come
1164 1465 1208 1507 13
1228 1463 1372 1520 prima
1386 1464 1429 1508 31
1451 1465 1500 1508 fu
1513 1466 1714 1522 -cagione
1730 1466 1775 1508 di
1797 1466 1916 1521 noia,

291 1542 499 1586 vedendo
521 1543 578 1586 V.
605 1542 658 1584 R.
683 1555 771 1584 eon
788 1541 936 1597 quella
956 1555 1088 1598 pena,
1113 1541 1207 1585 3031
1230 1542 1272 1585 13
1292 1542 1489 1586 seconda
1510 1549 1531 1570 ³
1557 1542 1599 1586 ci
1628 1544 1811 1587 consolo
1832 1558 1918 1588 con

289 1619 336 1663 la
362 1633 445 1663 sua
465 1618 790 1662 consolatione.
824 1618 1012 1671 Perche,
1043 1619 1266 1662 ancorche
1293 1618 1368 1662 noi
1389 1634 1481 1662 non
1503 1620 1761 1664 hauessimo
1788 1636 1918 1665 man—

228 1710 233 1711 ’
291 1703 395 1740 cato
417 1695 462 1739 di
484 1697 578 1740 fare
599 1695 669 1738 cio
690 1696 776 1739 che
791 1693 1019 1739 aueriamo
1040 1701 1203 1751 potuto
1225 1709 1312 1740 con
1332 1696 1375 1739 13
1394 1703 1550 1740 nostra
1572 1701 1775 1753 pouerta,
1801 1713 1917 1742 non—

291 1773 473 1817 dimeno
489 1787 589 1816 esso
612 1771 796 1815 haueria
816 1779 936 1815 stato
958 1771 1075 1815 assai
1096 1772 1211 1816 tardi
1237 1787 1318 1830 per
1337 1773 1381 1818 le
1406 1773 1621 1818 difficolta
1647 1777 1731 1818 che
1758 1776 1919 1820 adesso

293 1850 516 1894 trouiamo
543 1850 618 1894 nel
644 1849 891 1892 indrizzare
921 1849 1080 1894 lettere
1111 1863 1138 1893 a
1168 1857 1340 1895 coteste
1367 1851 1531 1904 bande;
1562 1859 1607 1895 et
1635 1852 1728 1895 cosi
1752 1853 1778 1896 ὲ
1798 1860 1918 1896 stato

291 1929 431 1971 molto
452 1927 531 1984 pisl
548 1942 574 1970 a
595 1926 823 1983 proposito
845 1941 934 1983 que
955 1927 1012 1970 V.
1039 1928 1092 1970 R.
1118 1927 1283 1971 habbia
1303 1933 1482 1972 trouato
1504 1936 1680 1972 cotesto
1710 1929 1914 1983 rimedio,

289 2005 328 2048 31
350 2019 430 2061 per
451 2005 483 2047 l’
506 2005 661 2048 effetto
682 2003 859 2055 isteSSO,
882 2003 914 2045 il
936 2003 1068 2058 quale
1091 2002 1319 2048 ricerca'ua
1339 2006 1491 2060 fretta‚
1516 2020 1646 2050 corne
1667 2008 1812 2050 anche
1836 2021 1917 2062 per

287 2083 345 2126 V.
370 2083 446 2135 R.,
470 2081 558 2125 313
579 2081 711 2137 quale
734 2081 853 2123 forsa
880 2080 923 2123 13
944 2094 1060 2136 pena
1086 2081 1344 2126 hauerebbe
1372 2089 1527 2126 recato
1555 2084 1746 2138 qualche
1775 2083 1908 2127 male.

287 2158 539 2203 Benedetto
565 2173 623 2202 ne
639 2157 705 2200 sia
726 2157 757 2199 il
784 2157 992 2213 Signore.
1024 2158 1207 2201 Ancora
1226 2157 1268 2202 ci
1289 2158 1430 2203 siamo
1453 2160 1592 2202 molto
1616 2159 1838 2203 consolati
1866 2160 1913 2203 (11

286 2236 371 2278 che
392 2234 423 2277 il
459 2248 715 2291 compagno
745 2233 791 2276 di
814 2235 870 2277 V.
911 2236 965 2278 R.
999 2235 1041 2278 le
1063 2234 1129 2278 sia
1150 2233 1274 2279 aiuto
1295 2237 1533 2280 commodo
1555 2245 1600 2279 et
1622 2236 1800 2289 idoneo,
1826 2251 1911 2280 con

287 2326 507 2368 speranza
528 2313 612 2355 che
633 2325 691 2354 ne
712 2311 914 2355 riceuera
940 2311 1080 2354 molto
1103 2312 1425 2366 consolatione,
1451 2321 1496 2358 et
1519 2315 1662 2356 anche
1693 2313 1795 2356 suoi
1819 2320 1913 2357 tra—

288 2388 414 2445 uagli
450 2402 507 2431 ne
543 2387 824 2432 riusciranno
855 2387 1038 2445 meglio,
1064 2402 1090 2431 a
1115 2388 1158 2431 13
1194 2389 1338 2446 gloria
1357 2397 1404 2434 et
1424 2389 1547 2433 aiuto
1584 2391 1656 2434 del
1688 2389 1906 2446 proximo.

289 2467 428 2510 Resta
463 2466 548 2508 che
575 2466 633 2509 V.
665 2466 719 2508 R.
751 2479 800 2508 se
829 2481 888 2509 ne
916 2464 1036 2509 serui
1063 2465 1203 2508 molto
1223 2466 1560 2523 allegramente,
1587 2475 1631 2511 et
1663 2466 1843 2522 procuri
1865 2467 1911 2510 di

289 2550 515 2586 tratenere
535 2542 579 2584 13
598 2556 682 2585 333
702 2541 848 2585 sanita
869 2542 899 2584 il
921 2542 997 2598 pisi
1017 2543 1105 2586 che
1126 2544 1254 2598 potra
1279 2557 1361 2599 per
1380 2544 1580 2601 seruigio
1601 2544 1674 2586 del
1696 2543 1908 2599 Signore;

286 2626 333 2664 et
355 2634 433 2675 per
454 2633 556 2663 esso
577 2633 717 2675 prego
738 2618 769 2661 11
791 2619 984 2675 Signore
1005 2619 1047 2662 le
1069 2619 1278 2664 conserui
1309 2634 1484 2678 sempre
1511 2622 1554 2664 13
1576 2636 1658 2664 333
1678 2619 1838 2677 gratia,
1865 2628 1913 2664 et

281 2696 675 2754 particolarmente
695 2696 737 2740 le
759 2696 832 2740 dia
853 2711 935 2740 sua
956 2683 1454 2755 benedictionequesto
1476 2714 1594 2743 anno
1617 2698 1661 2741 di
1692 2709 1764 2752 77,
1788 2698 1911 2741 nella

279 2773 354 2818 cui
386 2772 540 2830 vigilia
568 2780 726 2828 questa
758 2773 796 2816 si
823 2773 1001 2817 scrisse.
1034 2774 1462 2820 Raccommandomi
1499 2776 1653 2827 molto,
1687 2781 1776 2818 etc.
1819 2775 1910 2819 Tre

350 2895 371 2915 a
408 2887 589 2932 Regest.‚
607 2886 786 2921 secondo.

351 2976 360 2996 ¹
412 2976 470 3010 Ex
496 2974 707 3018 volumine,
732 2974 795 3010 cui
819 2973 970 3011 titulus:
998 2975 1071 3010 Pr.
1101 2975 1231 3012 Rheni
1252 2979 1290 3012 et
1304 2976 1558 3014 ‘Germaniae
1582 2978 1715 3022 super.
1748 2976 1910 3011 litterae

275 3033 496 3071 Generalis
528 3034 741 3078 1576-1581‚
767 3032 833 3069 fol.
858 3032 900 3069 3.
926 3035 974 3069 :In
1004 3035 1198 3081 margine:
1222 3036 1372 3073 Halae.
1392 3038 1446 3073 P.
1475 3037 1720 3081 Hieronymo
1750 3034 1907 3070 Natali.

282 3094 383 3130 Vide
403 3093 517 3141 epist.
536 3094 620 3138 6083
641 3099 680 3129 et
697 3093 782 3140 609,
800 3093 942 3141 quibus
960 3093 1022 3129 hic
1040 3095 1311 3142 respondetur.
