2228 3548
380 282 452 329 392
897 281 1035 316 EPIST.
1063 279 1108 315 P.
1136 279 1406 326 NADAL—465

333 386 385 428 P.
412 385 468 427 V.
496 384 560 426 La
584 389 702 426 terra
724 383 750 426 e
771 382 945 439 grande
966 388 1012 426 et
1033 381 1228 435 celebre,
1254 386 1381 425 tanto
1409 396 1489 438 per
1507 383 1550 425 la
1578 382 1866 428 coronatione
1890 383 1963 427 del

333 474 380 503 re
402 460 458 502 de
480 458 668 511 romani,
689 464 859 513 quanto
882 471 962 513 per
983 457 1024 501 16
1046 457 1137 501 due
1158 456 1269 501 ferie
1290 458 1396 502 nell’
1421 472 1555 512 anno,
1581 461 1665 503 che
1687 474 1798 503 sono
1819 460 1861 503 le
1882 458 1960 516 piu

325 535 492 592 insigni
521 536 564 577 d’
586 534 882 591 Alamagnia,
906 540 953 577 et
979 533 1114 578 viene
1142 532 1190 576 in
1221 534 1327 589 quel
1356 540 1507 592 tempo
1534 549 1752 580 concorso
1778 537 1822 579 d’
1848 536 1958 593 ogni

323 612 521 666 natione,
547 619 593 656 et
614 611 936 667 specialmente
957 625 1069 654 sono
1092 611 1262 654 famose
1292 624 1372 666 per
1397 610 1514 655 libri.
1541 613 1663 657 Sono
1690 628 1855 657 ancora
1887 620 1956 656 tre

322 689 474 733 chiese
495 687 735 745 collegiate
756 688 814 732 de
834 686 1056 740 canonici,
1078 686 1199 743 quali
1216 686 1263 730 in
1281 687 1387 731 tutti
1409 703 1571 732 sarano
1593 688 1725 732 insin’
1745 705 1772 733 a
1788 697 1951 743 trenta,

323 766 397 809 doi
418 765 676 809 monasterii
698 765 755 808 de
777 764 986 808 monachi
1008 763 1285 808 dominicani
1318 772 1364 810 et
1392 766 1621 810 carmelite
1642 782 1650 810 :
1677 767 1823 823 questi
1844 782 1957 811 sono

324 850 391 887 tre
415 858 441 886 0
465 850 640 899 quatro.
667 843 717 885 In
740 849 859 886 tutta
880 843 923 886 13
944 841 1034 886 cita
1057 841 1118 885 mi
1140 842 1236 886 dise
1264 842 1295 885 il
1325 843 1498 887 decano
1519 845 1604 887 che
1625 858 1736 888 sono
1758 845 1783 888 8
1806 859 1909 889 case
1931 859 1958 888 0

323 919 491 963 familie
507 920 564 965 de
581 919 807 972 catholici,
821 921 906 963 che
923 919 961 963 si
975 919 1114 976 sapia.
1136 919 1275 982 Insin’
1293 921 1453 965 adesso
1467 920 1499 963 li
1513 920 1655 964 nostri
1669 921 1805 964 fanno
1819 922 1959 965 frutto

321 997 368 1040 in
391 997 528 1052 quelli
551 996 671 1053 puti:
696 1011 808 1040 sono
830 996 1009 1050 deuoti,
1035 996 1073 1046 si
1101 998 1373 1041 confessario
1401 1005 1447 1041 et
1477 997 1791 1052 comunicano,
1819 1005 1865 1043 et
1884 1013 1960 1043 33-

320 1075 459 1119 rebbe
481 1075 525 1117 d’
551 1074 791 1130 aspettarsi
814 1073 1022 1131 maggior
1045 1075 1188 1117 frutto
1211 1074 1350 1128 assai,
1376 1077 1413 1118 s’
1438 1089 1531 1118 uno
1560 1075 1618 1120 de
1645 1075 1788 1119 nestri
1808 1075 1959 1132 predi-

319 1165 422 1194 case
451 1151 514 1203 la,
547 1158 593 1195 et
620 1152 807 1208 leggese
845 1151 919 1195 3111
950 1151 1173 1195 canonici.
1208 1153 1322 1195 Mro.
1349 1152 1552 1196 Antonio
1584 1151 1646 1195 mi
1678 1152 1778 1197 dice
1810 1154 1895 1197 che
1926 1151 1959 1196 il

319 1229 494 1272 decano
517 1230 697 1273 haueua
727 1235 946 1272 mostrato
973 1230 1058 1272 che
1085 1228 1122 1271 si
1150 1230 1459 1285 puotrebbero
1487 1230 1594 1273 dare
1624 1240 1710 1284 500
1731 1229 1878 1274 fiorini
1899 1229 1956 1275 de

319 1305 601 1359 fundatione,
626 1312 670 1349 et
693 1306 779 1348 che
799 1305 863 1348 lui
886 1306 1050 1349 uoleua
1071 1306 1179 1351 dare
1206 1306 1279 1349 del
1307 1320 1390 1350 suo
1418 1307 1539 1350 mille
1569 1306 1616 1349 in
1643 1306 1846 1350 0011131111
1876 1300 1957 1363 per

317 1395 581 1438 comparare
602 1381 784 1434 intrata,
811 1389 856 1427 et
878 1384 963 1427 che
979 1382 1016 1425 ·il
1037 1382 1333 1426 arciuescouo
1355 1385 1536 1428 haueua
1564 1384 1670 1427 dato
1703 1383 1960 1428 intentione

318 1459 362 1501 d’
383 1460 531 1502 aiutar
552 1459 595 1502 la
616 1458 896 1512 fundatione,
921 1466 966 1503 et
989 1474 1080 1502 non
1103 1460 1350 1504 temiamoa
1365 1467 1491 1504 tanto
1513 1459 1544 1503 li
1566 1460 1808 1517 aduersarij
1829 1475 1958 1506 come

318 1536 362 1578 al
383 1535 619 1592 principio,
645 1535 809 1592 perche
830 1534 965 1579 insin’
990 1537 1152 1581 adesso
1176 1538 1327 1580 hanno
1349 1538 1475 1581 detto
1506 1538 1643 1581 molte
1672 1552 1777 1583 cose
1799 1545 1958 1582 contra

317 1612 349 1655 li
370 1612 515 1655 nostri
538 1612 613 1656 nel
634 1612 823 1669 pulpito:
850 1615 934 1655 che
956 1613 1098 1656 siamo
1119 1613 1151 1656 li
1172 1613 1249 1670 piu
1271 1614 1474 1670 peruersi
1500 1614 1690 1659 heretici
1719 1616 1806 1660 c-he
1828 1614 1956 1658 siano

317 1689 364 1731 in
390 1695 507 1732 tutto
530 1689 560 1731 il
582 1703 726 1745 regno
747 1690 851 1732 dell'
876 1689 1178 1744 Antichristo,
1203 1690 1482 1736 intendendo
1510 1691 1541 1734 il
1563 1706 1680 1748 papa
1701 1706 1710 1746 ;
1736 1699 1781 1736 61
1804 1695 1955 1735 tamen

317 1764 496 1808 dicono:
527 1765 749 1823 «Jesuitae
771 1780 883 1809 sono
905 1767 1037 1819 dotti,
1058 1766 1094 1810 si
1113 1768 1265 1810 fusero
1283 1767 1538 1822 illuminati3
1561 1775 1748 1825 pregate
1764 1768 1852 1812 Dio
1874 1782 1954 1825 per
1984 1767 1986 1770 ’

319 1843 431 1895 1010,
447 1844 531 1887 0116
548 1857 597 1886 36
614 1842 761 1899 questi
779 1842 816 1885 si
830 1851 1167 1897 conuertesero,
1183 1859 1296 1901 gran
1314 1845 1456 1888 frutto
1471 1846 1708 1889 farebbero
1722 1846 1795 1890 nel
1809 1860 1951 1889 euan-

319 1919 455 1976 gelio.
484 1920 541 1962 Et
563 1921 650 1964 che
670 1934 761 1962 non
790 1920 813 1963 6
845 1921 903 1963 (13
931 1921 1292 1978 marauegliarsi,
1318 1937 1367 1966 se
1394 1922 1425 1965 li
1453 1923 1594 1966 nostri
1622 1923 1817 1967 scholari
1838 1938 1952 1968 ven-

321 2011 446 2052 gono
469 1997 564 2040 cosi
585 1996 632 2040 in
654 1998 794 2041 breue
816 1997 929 2040 dotti
952 1997 999 2040 in
1020 2013 1158 2055 greco
1174 2006 1219 2044 et
1235 1999 1393 2052 latino,
1413 2000 1672 2057 imperoche
1689 2000 1719 2043 li
1736 2000 1954 2044 facciamo

325 2073 440 2116 dotti
462 2087 548 2116 con
571 2073 910 2118 incantamenti.
923 2092 939 2115 ›>
960 2075 1020 2118 Di
1037 2077 1155 2120 doue
1171 2076 1209 2119 si
1226 2078 1341 2121 vede
1358 2079 1430 2120 ch’
1449 2077 1479 2119 il
1496 2077 1705 2122 demonio
1721 2079 1778 2120 ha
1795 2092 1951 2134 paura,

322 2157 369 2193 et
390 2152 475 2194 che
497 2150 584 2194 Dio
605 2165 697 2193 non
719 2151 762 2194 lo
784 2151 920 2196 lascia
941 2152 1037 2195 dire
1060 2160 1186 2197 tanto
1215 2154 1354 2207 male,
1379 2156 1465 2198 che
1486 2169 1576 2197 non
1600 2154 1782 2211 possino
1803 2154 1956 2199 inten-

318 2227 414 2272 der’
439 2228 482 2271 le
504 2228 599 2270 1010
617 2227 839 2271 calumnie
861 2228 903 2273 16
926 2244 1117 2284 persone
1140 2231 1324 2275 cordate
1345 2238 1391 2276 et
1413 2246 1502 2274 non
1525 2231 1759 2276 malitiose.
1788 2233 1956 2275 Hanno

319 2318 486 2347 ancora
507 2304 615 2347 dato
636 2304 871 2360 suppliche
893 2306 934 2348 al
956 2314 1162 2361 sennato,
1193 2309 1278 2351 che
1300 2307 1347 2350 in
1368 2307 1532 2352 nisuna
1553 2322 1736 2352 manera
1764 2308 1804 2351 ci
1827 2323 1952 2351 com-

318 2380 528 2436 portassi,
554 2382 639 2425 che
660 2380 776 2424 saria
797 2381 840 2424 la
861 2383 1152 2438 corruptione
1173 2385 1290 2429 della
1312 2399 1395 2429 sua
1421 2386 1644 2441 juuenti‘i3
1670 2392 1716 2428 et
1747 2389 1898 2428 tamen
1920 2385 1951 2428 il

317 2464 492 2510 senato,
518 2472 604 2501 con
626 2459 764 2502 esser’
790 2464 906 2501 tutto
928 2460 1143 2514 heretico,
1169 2476 1261 2504 non
1289 2462 1494 2506 admesse
1515 2463 1558 2506 le
1578 2463 1673 2505 loro
1695 2462 1944 2518 suppliche.

319 2535 514 2589 Questo,
537 2535 698 2587 Padre,
719 2535 744 2578 6
758 2539 862 2590 pro.
886 2536 1057 2579 Contra
1078 2551 1202 2580 uero.
1229 2539 1277 2582 Io
1299 2540 1522 2595 passando
1544 2539 1719 2591 adesso,
1738 2539 1947 2583 venendo

319 2610 365 2652 di
388 2611 726 2668 Aschemburg‚
753 2612 1048 2656 fermandomi
1070 2629 1129 2656 vn
1152 2615 1316 2671 giorno
1337 2630 1364 2658 0
1385 2615 1476 2669 doi,
1501 2618 1560 2659 ho
1583 2622 1766 2659 11311310
1788 2622 1949 2671 questo

320 2687 513 2743 negocio
546 2688 602 2731 da
635 2702 745 2731 uero
767 2689 856 2731 co’l
887 2689 1074 2744 decano,
1100 2698 1145 2735 et
1168 2692 1231 2734 lui
1258 2707 1350 2735 non
1376 2699 1622 2748 promette,
1648 2693 1705 2735 116
1736 2693 1793 2735 da
1814 2691 1951 2736 certi-

320 2764 479 2808 tudine
500 2765 545 2807 d'
570 2766 683 2809 altra
705 2779 810 2809 cosa
830 2767 914 2809 che
945 2767 1002 2812 de
1024 2780 1109 2811 200
1134 2769 1280 2813 fiorini
1303 2770 1333 2811 l’
1354 2784 1489 2822 anno,
1515 2779 1561 2813 et
1581 2769 1695 2812 vinti
1717 2770 1886 2813 maldre
1907 2768 1954 2812 di

321 2840 517 2897 siligine,
544 2844 628 2887 che
649 2843 839 2886 bastano
862 2842 1025 2899 cinque
1047 2859 1128 2901 per
1158 2846 1487 2891 sustentatione
1508 2846 1553 2888 d'
1577 2861 1686 2899 uno,
1711 2848 1789 2889 un'
1814 2860 1949 2890 anno.

320 2918 407 2960 Dal
430 2918 725 2963 arciuescouo
748 2933 838 2962 non
860 2927 1075 2975 puotemo
1096 2937 1232 2966 cauar
1254 2923 1526 2968 certitudine
1542 2923 1718 2976 nisuna,
1738 2925 1824 2968 che
1844 2937 1952 2980 pro-

390 3091 411 3111 a
451 3085 709 3122 Emendatum
727 3097 750 3122 a
768 3085 821 3122 N.
844 3097 893 3122 ex
911 3098 990 3122 non
1008 3089 1044 3123 ci
1061 3091 1235 3125 temono.
