2228 3548
419 253 489 299 446
939 252 1078 288 Ep1sT.
1106 252 1149 288 P.
1178 252 1330 288 NADAL
1351 253 1448 298 -476

372 357 459 400 che
481 356 524 398 lo
546 354 660 398 sacci
682 369 743 398 vn
767 353 962 406 notario,
994 367 1023 397 o
1052 354 1200 398 chela
1237 355 1291 398 P.
1331 354 1390 398 V.
1423 354 1578 413 faciat
1614 355 1788 398 litteras
1803 357 2009 410 patentes

372 434 586 490 signatas
607 432 763 488 sigillo
779 431 1026 486 societatis,
1042 434 1083 474 et
1097 430 1375 488 subscriptas
1392 446 1533 475 manu
1545 432 1785 490 generalis
1801 435 1842 475 et
1858 445 2007 475 secre-

372 509 500 565 tarzj,
524 510 689 565 perche
712 509 923 551 hauendo
944 508 1041 551 loro
1062 506 1192 564 copia
1213 508 1269 552 de
1291 515 1466 564 questa,
1491 522 1626 552 senza
1648 509 1788 552 dubio
1813 509 2005 552 faranno

371 584 447 628 vn’
469 591 579 638 atto,
605 592 651 628 et
668 599 800 641 spero
822 599 1015 629 saranno
1036 584 1255 638 contenti3
1281 585 1458 630 benche
1474 584 1518 629 io
1539 600 1714 643 sempre
1731 585 2006 630 desiderarei

370 664 455 707 che
476 663 507 705 l’
532 661 809 719 obligatione
831 661 920 705 fusi
941 661 1018 718 pisi
1037 661 1308 716 vniuersale,
1333 669 1381 708 et
1401 664 1484 707 che
1512 662 1544 706 il
1569 664 1782 720 generale
1809 662 2005 721 obligasi

370 739 401 782 li
422 739 667 784 succesori:
694 741 736 782 la
759 740 892 795 quale
919 738 1198 796 obligatione
1225 739 1263 783 si
1291 741 1543 796 puotrebbe
1563 741 1831 786 confirmare
1858 756 1939 798 per
1960 741 2005 784 la

370 817 729 874 congregatione
766 817 995 874 generale,
1020 831 1047 860 o
1069 831 1149 874 per
1177 818 1297 862 bolla
1327 818 1398 860 del
1423 832 1554 875 papa,
1593 832 1723 862 come
1759 832 1935 875 sempre
1964 818 2007 862 ci

370 895 470 939 sara
492 895 688 938 alchuna
716 895 837 938 bolla
859 895 978 940 nelle
1008 894 1278 938 fundationi.
1319 896 1366 938 Io
1397 897 1456 939 ho
1478 910 1594 953 gran
1623 896 1737 949 zelo,
1769 896 1932 950 Padre,
1959 903 2005 940 et

370 987 461 1016 non
483 986 535 1016 so
557 986 607 1015 se
629 971 761 1016 viene
782 972 900 1016 della
921 971 1184 1029 esperienza
1199 974 1285 1018 che
1301 974 1360 1016 ho
1382 972 1438 1017 de
1457 972 1727 1026 fundationi,
1747 972 1880 1017 cheli
1898 973 2006 1016 fun-

369 1049 515 1093 datori
537 1049 664 1093 siano
686 1048 850 1103 securi,
875 1056 920 1093 et
956 1049 1021 1106 gli
1058 1049 1309 1094 successori
1346 1049 1488 1094 nostri
1515 1065 1610 1094 non
1637 1049 1836 1094 habbino
1873 1063 2007 1094 occa-

369 1126 498 1171 sione
519 1126 564 1170 di
586 1140 682 1170 non
705 1127 799 1172 sare
821 1125 852 1169 il
873 1127 1043 1172 debito.
1069 1128 1127 1171 Et
1144 1131 1295 1171 tamen
1316 1127 1364 1170 in
1382 1127 1514 1184 Spira
1534 1127 1578 1171 13
1598 1126 1788 1172 lettione
1804 1126 1850 1170 di
1873 1127 2006 1171 theo-

369 1204 493 1262 logia
515 1219 607 1248 non
623 1219 704 1261 par
726 1203 878 1257 esser',
905 1205 1010 1261 qual
1026 1204 1064 1248 si
1086 1204 1340 1261 prOhibisce
1356 1206 1474 1250 nelle
1495 1203 1825 1258 constitutioni,
1846 1219 1896 1250 se
1914 1218 2007 1249 non

370 1283 427 1327 de
449 1282 540 1326 casi
562 1283 619 1326 de
655 1282 939 1337 conscienza,
964 1282 994 1325 il
1016 1284 1102 1328 che
1123 1282 1161 1326 si
1196 1283 1406 1340 significa
1427 1283 1547 1328 nella
1582 1283 1780 1327 seconda
1814 1282 2007 1326 formula

370 1360 427 1405 de
449 1359 645 1417 collegij.
673 1360 773 1403 Con
790 1366 908 1402 tutto
925 1367 1086 1416 questo
1103 1374 1280 1417 sempre
1297 1360 1500 1414 intendo,
1520 1374 1648 1406 come
1665 1363 1702 1404 s’
1727 1361 1752 1404 e
1774 1359 1910 1405 etiam
1932 1374 2007 1404 65-

370 1437 552 1494 plicato‚
578 1439 661 1481 che
683 1438 720 1480 s’
751 1436 927 1494 oblighi
949 1437 991 1480 13
1009 1437 1306 1494 Compagnia,
1326 1444 1475 1482 stante
1490 1439 1534 1482 13
1551 1437 1831 1490 fundatione,
1852 1444 1897 1481 et
1914 1452 2008 1481 non

369 1514 628 1560 altrimenti.
655 1515 758 1558 Vna
779 1529 885 1558 cosa
906 1514 1060 1571 voglio
1081 1514 1307 1559 aduertite
1328 1516 1371 1559 la
1393 1517 1447 1559 P.
1473 1517 1551 1570 V.,
1576 1517 1661 1559 che
1683 1529 1776 1559 non
1806 1514 1945 1560 acetti
1962 1515 2007 1558 la

369 1591 628 1644 donatione,
655 1606 704 1636 se
726 1606 817 1634 non
838 1593 877 1635 s'
901 1591 1053 1648 obliga
1075 1593 1133 1636 ne
1154 1591 1233 1649 pisi
1254 1593 1312 1636 ne
1335 1606 1495 1637 manco
1515 1607 1644 1636 come
1666 1607 1692 1635 a
1714 1593 1813 1636 loro
1835 1592 1860 1636 ὲ
1881 1598 2002 1636 stato

369 1668 561 1714 offerito.
588 1669 622 1711 Il
651 1670 708 1712 Ρ.
748 1670 862 1712 Mro.
895 1669 1100 1713 Antonio
1137 1671 1146 1691 ¹
1171 1670 1339 1714 andara
1375 1669 1422 1713 di
1457 1684 1548 1726 qua
1569 1684 1595 1713 a
1630 1668 1763 1726 pochi
1785 1668 1936 1726 giomi
1958 1668 2007 1712 in

371 1745 517 1803 Spira,
543 1759 623 1802 per
645 1753 807 1790 metter
828 1747 872 1790 la
893 1753 961 1791 tre
978 1746 1133 1791 mastri
1150 1747 1308 1801 nostri,
1328 1749 1414 1792 che
1430 1761 1522 1791 non
1539 1746 1810 1790 dimandano
1828 1745 1907 1803 pisi
1924 1760 2007 1803 per

370 1823 547 1868 adesso.
569 1824 625 1866 Et
642 1825 793 1865 tamen
809 1822 904 1866 dira
922 1838 948 1867 a
965 1823 1101 1879 quelli
1118 1823 1307 1881 signori,
1332 1839 1382 1870 se
1402 1838 1515 1868 sono
1536 1823 1738 1868 contenti
1755 1822 1798 1867 d’
1818 1838 1907 1867 una
1923 1838 2005 1880 pa-

373 1907 498 1945 tente
520 1900 562 1943 al
584 1900 719 1943 modo
741 1901 826 1945 che
847 1901 890 1944 la
913 1903 965 1945 P.
992 1902 1049 1945 V.
1075 1901 1190 1947 dice:
1215 1909 1261 1945 et
1283 1915 1333 1945 56
1355 1916 1446 1946 non
1473 1915 1635 1945 sarano
1663 1899 1882 1954 contenti,
1909 1914 2003 1943 non

371 1979 407 2020 s'
427 1976 808 2020 incominciarano
825 1977 980 2034 studij,
998 1985 1044 2022 et
1061 1980 1162 2022 sara
1178 1977 1337 2036 grand’
1355 1978 1721 2023 inconueniente:
1742 1993 1791 2022 se
1808 1991 2005 2022 saranno

372 2053 595 2108 contenti,
621 2056 657 2097 s'
682 2053 1097 2099 incominciaranno
1119 2069 1206 2099 con
1227 2055 1270 2099 13
1292 2055 1439 2112 gratia
1459 2056 1533 2099 del
1555 2054 1766 2112 Signore.

459 2144 500 2186 4.
565 2132 752 2187 Quanto
774 2131 815 2174 al
847 2132 1039 2189 collegio
1074 2133 1131 2177 de
1168 2131 1419 2190 Herbipoli,
1454 2133 1662 2177 venendo
1699 2132 1730 2175 il
1753 2134 1806 2176 P.
1832 2133 1939 2184 Fae,
1965 2132 2007 2176 si

370 2223 500 2253 come
521 2210 580 2252 ho
602 2209 762 2252 lettera
794 2208 850 2252 de
880 2210 992 2252 Mro.
1027 2209 1192 2254 Sunier
1218 2211 1303 2254 che
1334 2210 1555 2255 verrebbe
1576 2216 1598 2237 ²
1625 2210 1713 2253 alla
1732 2209 2001 2266 primavera,

373 2293 418 2330 et
440 2285 589 2330 dando
610 2285 653 2328 13
677 2287 729 2328 Ρ.
756 2284 850 2342 [V.]
873 2300 930 2328 vn
954 2287 1173 2344 theologo
1195 2287 1252 2330 de
1274 2286 1442 2343 qualita
1460 2293 1505 2331 et
1521 2288 1679 2340 fermo,
1701 2293 1787 2331 etc.
1817 2285 1856 2339 ¹²,
1881 2291 1925 2330 et
1941 2300 2005 2329 vn

373 2362 662 2420 philosopho,
687 2375 814 2405 come
835 2363 897 2406 ho
920 2364 1045 2407 detto
1072 2363 1176 2408 nell'
1199 2364 1328 2418 altra,
1359 2364 1397 2408 si
1429 2367 1519 2421 puo
1556 2362 1874 2407 incominciare
1898 2362 2004 2419 quel

373 2438 581 2496 collegio;
605 2440 691 2483 che
713 2444 831 2482 tutto
853 2438 883 2481 il
904 2446 1028 2484 resto
1049 2441 1259 2484 hauemo.
1286 2442 1344 2484 Et
1366 2447 1589 2498 aspettare
1610 2441 1724 2484 altro
1745 2453 1864 2483 anno
1887 2439 1910 2483 ὲ
1929 2438 2001 2481 in-

373 2515 691 2569 conueniente,
717 2516 885 2572 perche
906 2517 931 2560 e
952 2517 1092 2561 molto
1113 2517 1302 2562 vecchio
1323 2517 1354 2561 il
1380 2531 1578 2562 vescouo
1601 2517 1634 2571 ²,
1666 2524 1712 2561 et
1738 2517 1880 2559 molto
1908 2522 2003 2558 tra-

374 2593 590 2650 uagliato,
616 2598 662 2636 et
682 2594 773 2649 puo
796 2607 1020 2647 mancare,
1044 2600 1090 2638 et
1112 2593 1219 2638 farsi
1241 2595 1355 2639 altre
1376 2593 1614 2638 mutationi
1630 2593 1674 2636 in
1699 2593 1847 2648 quello
1864 2598 1997 2645 stato,

373 2675 419 2713 et
435 2669 587 2721 etiam,
614 2669 731 2712 nella
753 2669 936 2712 volonta
959 2670 1033 2715 del
1048 2684 1264 2724 vescouo,
1284 2686 1311 2714 a
1325 2670 1400 2715 chi
1417 2670 1530 2715 tanti
1547 2669 1652 2714 anni
1674 2684 1785 2713 sono
1807 2670 1894 2714 che
1915 2671 1952 2713 s’
1977 2669 2002 2714 ὲ

373 2747 535 2791 offerto
557 2753 601 2790 et
623 2746 772 2790 anche
793 2760 1025 2802 promesso
1046 2747 1077 2790 il
1098 2747 1307 2805 collegio.
1334 2749 1391 2792 Et
1412 2754 1583 2804 quanto
1605 2748 1661 2790 ad
1682 2746 2003 2790 incominciare

444 2889 464 2910 ὃ
503 2881 761 2918 Emendatum
778 2892 801 2917 a
818 2882 910 2919 libr.
934 2894 982 2918 ex
1001 2885 1218 2921 verrem-b
1231 2883 1254 2920 3
1272 2885 1393 2921 verba
1410 2896 1519 2932 seqq.
1538 2883 1687 2920 addidit
1705 2884 1797 2920 libr.
1816 2883 1856 2920 in
1871 2894 1999 2929 marg.

445 3006 453 3025 ¹
507 3005 701 3042 Antonius
721 3005 863 3052 Vinck,
882 3007 1104 3053 provinciae
1121 3009 1248 3045 Rheni
1265 3008 1527 3057 praepositus.

445 3067 458 3087 ²
509 3064 729 3101 Fridericus
747 3076 769 3101 a
786 3064 1010 3112 Wirsberg.
