2228 3548
369 294 444 341 460
890 292 1030 326 Emsr.
1057 290 1102 326 P.
1130 290 1403 338 NADAL—479

315 396 411 440 tion
433 394 509 451 piu
532 392 681 450 piena,
714 406 843 436 come
867 393 924 436 V.
943 383 1006 435 R.
1040 391 1084 435 13
1104 397 1343 448 promette,
1383 406 1473 449 per¹
1502 390 1665 449 pigliar
1701 388 1958 434 risolution.

313 476 500 530 Quanto
521 470 595 514 alli
612 469 758 522 breui,
784 470 975 513 sarebbe
997 467 1128 512 facile
1150 468 1196 511 di
1218 468 1408 522 hauerli,
1429 483 1503 513 ma
1520 468 1557 512 si
1575 470 1801 525 aspettara
1818 467 1957 513 etiam

315 564 398 607 per
414 554 575 604 questo
590 547 715 591 detta
732 546 1042 589 information.
1058 546 1206 602 Sopra
1222 546 1264 589 le
1280 560 1387 590 cose
1400 546 1446 589 di
1457 547 1555 591 Sta.
1571 546 1770 590 Barbara
1783 545 1829 588 di
1842 546 1959 590 Tre-

320 639 445 680 uere‚
471 639 565 668 non
589 638 695 680 pare
719 623 846 666 siano
873 621 1129 667 necessarie
1157 622 1571 667 raccomandationi
1592 637 1672 679 per
1692 622 1899 666 madama
1924 623 1954 675 ¹,

319 702 513 749 essendo
534 700 593 745 lei
616 708 743 744 tanto
771 699 1010 753 beneuoIa,
1036 688 1122 744 che
1144 698 1366 756 potriamo
1393 699 1640 744 domandar
1666 714 1694 743 a
1719 699 1777 744 lei
1798 699 1959 744 lettere

319 777 649 823 comendaticie
671 792 752 834 per
774 776 891 821 altri.
913 777 1113 833 Quando
1136 791 1222 832 pur
1243 775 1516 833 bisognassi‚
1537 778 1573 820 s’
1597 777 1958 820 hauerrebbono.

411 869 453 900 2.
519 856 607 900 Del
629 854 823 912 collegio
845 853 1064 911 spirense,
1101 853 1177 911 gia
1200 853 1238 897 si
1260 854 1286 898 0
1314 853 1472 898 scritto
1494 854 1614 897 doue
1640 859 1711 897 sta
1739 851 1771 896 il
1797 860 1958 913 punto,

320 936 406 977 che
427 934 453 977 0
475 933 576 978 nele
599 947 707 977 cose
729 933 814 976 che
836 946 918 988 per
935 938 1091 975 nostro
1113 930 1323 974 instituto
1345 945 1438 974 non
1454 930 1680 988 possiamo
1701 930 1865 988 pigliar
1885 946 1965 988 per

323 1010 528 1068 obligho‚
554 1024 684 1054 come
721 1010 746 1053 0
768 1008 800 1052 11
821 1009 901 1053 dar
932 1008 1217 1065 predicatore
1237 1015 1283 1052 et
1319 1009 1482 1053 lettore
1510 1007 1555 1051 di
1578 1007 1825 1065 theologia,
1849 1015 1895 1053 et
1915 1007 1965 1052 in

324 1094 486 1144 queste
508 1102 615 1131 cose
643 1086 870 1132 conuiene
899 1085 935 1129 si
973 1085 1114 1129 fidino
1138 1086 1195 1130 de
1231 1086 1274 1130 la
1305 1085 1606 1143 Compagnia.
1646 1086 1792 1142 Spero
1822 1086 1967 1130 haue-

325 1179 470 1209 ranno
492 1166 666 1208 hauuto
688 1163 879 1220 ricapito
902 1164 944 1208 10
965 1170 1120 1207 nostre
1157 1164 1318 1208 lettere
1333 1164 1418 1206 che
1436 1162 1481 1206 di
1504 1169 1667 1219 questo
1688 1168 1961 1206 trattauano.

416 1255 457 1297 3.
523 1241 689 1298 Quelle
709 1241 871 1285 lettere
893 1247 1132 1297 stampate,
1158 1241 1243 1284 che
1266 1246 1524 1284 trattauano
1546 1240 1619 1284 del
1640 1254 1772 1297 papa,
1797 1238 1834 1283 si
1851 1253 1966 1283 sono

325 1320 432 1364 date
449 1320 491 1362 al
514 1318 742 1362 cardinale
765 1317 1116 1371 Alessamdrino,
1141 1317 1267 1362 30010
1291 1318 1408 1362 ueda
1429 1319 1489 1375 <et
1511 1318 1647 1362 credo
1667 1318 1711 1361 10
1739 1315 1966 1361 conferira

325 1410 415 1440 con
437 1397 531 1441 Sua
552 1395 744 1451 Santita)
768 1397 853 1440 che
875 1409 981 1439 cosa
1008 1394 1038 1437 li
1061 1394 1216 1452 piacce
1244 1395 1425 1439 intorno
1453 1410 1479 1438 a
1506 1395 1656 1451 quelle
1677 1395 1705 1437 ³.
1732 1395 1783 1439 L'
1814 1400 1968 1439 accet-

325 1480 394 1516 tar
416 1472 522 1529 quei
544 1472 619 1516 doi
640 1472 778 1530 logici
799 1473 886 1516 alla
908 1471 1211 1529 Compagnia,
1237 1486 1324 1515 con
1345 1471 1495 1516 animo
1517 1471 1563 1515 di
1584 1470 1777 1516 lasciarli
1811 1470 1969 1528 segui-

334 1556 430 1594 tare
451 1550 482 1593 il
503 1564 649 1602 corso,
676 1550 789 1593 fatto
811 1550 1003 1606 qualche
1024 1548 1245 1606 principio
1266 1549 1311 1592 di
1334 1549 1621 1605 probatione,
1647 1550 1704 1593 V.
1738 1550 1793 1593 R.
1819 1549 1863 1592 lo
1884 1563 1970 1605 po-

332 1634 438 1672 teua
470 1626 565 1670 cosi
604 1627 829 1681 ordinare,
868 1627 1102 1683 parendoli
1134 1627 1412 1684 espediente;
1452 1641 1524 1670 ma
1560 1633 1720 1682 questa
1748 1640 1855 1670 cosa
1876 1641 1971 1670 non

329 1703 553 1749 conuiene
575 1705 725 1748 usarla
753 1704 1110 1761 generalmente.
1137 1706 1212 1748 Ma
1243 1703 1521 1748 occorrendo
1545 1704 1737 1759 qualche
1758 1717 1863 1747 caso
1886 1704 1971 1748 che

332 1781 377 1824 lo
393 1781 598 1834 ricerchi,
619 1780 656 1824 si
674 1781 764 1837 puo
786 1782 878 1824 dar’
903 1781 1029 1825 auiso
1052 1790 1073 1809 a
1098 1796 1181 1839 per
1196 1781 1228 1824 11
1249 1780 1532 1839 prouinciali,
1552 1781 1608 1825 de
1624 1781 1668 1824 10
1685 1794 1822 1824 cause
1837 1780 1971 1826 cheli

331 1872 528 1902 mouono
551 1858 608 1902 ad
630 1858 860 1903 accettarli
882 1858 929 1901 in
952 1859 1013 1902 tal
1034 1859 1184 1903 modo.
1210 1860 1268 1902 Et
1289 1858 1384 1902 cosi
1409 1859 1466 1902 V.
1493 1859 1547 1902 R.
1573 1858 1706 1915 potra
1728 1858 1904 1903 auisare
1926 1858 1970 1902 al

333 1935 388 1979 P.
414 1934 617 1979 Antonio
639 1935 790 1980 Vinch
815 1935 851 1978 ¹³.
879 1938 977 1979 Mas
999 1937 1043 1979 lo
1065 1938 1179 1980 echo
1200 1940 1298 1980 esta
1320 1935 1426 1980 bien
1447 1937 1579 1979 echo.

421 2024 463 2066 4.
531 2013 844 2068 Quantunque
865 2011 1144 2057 intendendo
1168 2019 1339 2069 quanto
1363 2019 1494 2055 staua
1510 2013 1774 2068 perturbata
1788 2012 1831 2056 la
1852 2011 1971 2057 infe-

334 2088 426 2132 rior
447 2088 694 2133 Germania
715 2087 747 2131 li
768 2088 880 2131 mesi
901 2088 1069 2145 passati
1092 2090 1124 2143 ³,
1152 2090 1200 2133 fu
1222 2088 1380 2133 scritto
1402 2103 1429 2132 a
1450 2089 1508 2132 V.
1535 2090 1589 2132 R.
1615 2090 1700 2133 che
1721 2087 1798 2145 piu
1818 2095 1973 2145 presto

336 2166 498 2210 facessi
519 2165 746 2210 chiamare
767 2164 799 2207 il
819 2165 1116 2221 prouinciale,
1142 2168 1226 2210 che
1248 2166 1390 2210 andar
1412 2166 1472 2219 13,
1504 2165 1629 2209 30010
1656 2180 1748 2208 non
1769 2164 1973 2208 mettessi

334 2243 381 2286 in
403 2242 599 2300 pericolo
622 2256 705 2286 sua
726 2256 935 2298 persona;
962 2243 1142 2297 adesso,
1169 2243 1380 2287 uedendo
1402 2245 1487 2287 che
1515 2243 1559 2287 le
1586 2257 1692 2287 cose
1715 2256 1827 2286 sono
1855 2241 1973 2286 assai

336 2320 553 2377 quietate,
578 2318 656 2376 piu
676 2325 830 2376 presto
846 2333 969 2375 pare,
990 2322 1092 2373 che,
1118 2335 1213 2364 non
1236 2320 1448 2365 uedendo
1477 2321 1535 2364 V.
1561 2321 1615 2363 R.
1648 2318 1861 2376 pericolo,
1885 2332 1973 2375 po-

335 2397 443 2441 tessi
466 2396 623 2441 uisitar
660 2410 740 2453 per
771 2410 820 2439 se
857 2403 1002 2440 stesso
1039 2397 1143 2454 quei
1180 2397 1343 2455 luoghi
1375 2403 1409 2440 0.
1437 2399 1536 2441 Mas
1568 2397 1675 2441 todo
1695 2397 1740 2440 lo
1760 2395 1922 2441 remito
1944 2399 1971 2440 ἐ.

334 2475 392 2518 V.
414 2476 489 2527 R.‚
513 2488 599 2518 con
621 2487 710 2529 que
730 2472 942 2516 entienda
963 2488 1051 2529 que
1073 2489 1132 2518 no
1157 2489 1228 2518 me
1250 2474 1434 2527 inclino,
1460 2474 1498 2517 si
1526 2489 1584 2530 ay
1610 2473 1786 2530 peligro
1808 2476 1836 2516 6
1862 2487 1969 2529 per-

334 2550 640 2603 turbaciones,
671 2556 758 2594 ete.
801 2550 987 2605 Quanto
1026 2551 1100 2595 alli
1128 2550 1322 2595 scholari
1354 2550 1615 2608 approbati,
1651 2550 1756 2606 quel
1791 2550 1877 2595 che
1905 2548 1969 2592 mi

334 2642 444 2685 pare
465 2628 506 2680 0,
532 2628 618 2672 01ιο
646 2626 799 2683 quelli,
825 2627 925 2679 che,
951 2627 1066 2670 finiti
1088 2627 1165 2671 doi
1193 2627 1317 2683 anni,
1341 2629 1493 2671 hanno
1521 2629 1633 2671 satta
1658 2627 1778 2670 bona
1803 2626 1974 2683 proba—

408 2793 429 2814 a
466 2785 488 2821 3
507 2787 627 2823 verba
645 2798 754 2834 seqq.
774 2786 933 2822 Polanci
952 2798 1068 2824 manu
1086 2787 1218 2824 addita
1239 2793 1335 2825 sunt
1353 2799 1471 2836 supra
1489 2787 1672 2824 verS.—b
1687 2785 1710 2822 6
1728 2787 1850 2822 verba
1866 2796 1975 2834 seqq.

336 2845 503 2891 Borgiae
521 2857 638 2882 manu
656 2845 789 2882 addita
805 2850 914 2881 sunt.
927 2866 957 2871 -
970 2854 988 2874 c
1006 2846 1220 2894 Sequentia
1237 2859 1366 2895 usque
1387 2847 1436 2883 ad
1443 2846 1769 2895 perturbationes
1785 2848 1862 2882 etc.
1885 2844 1977 2881 incl.

335 2903 502 2950 Borgiae
520 2916 636 2941 manu
656 2904 760 2941 inter
777 2915 886 2940 vers.
910 2904 1041 2941 addita
1059 2911 1171 2943 sunt.

409 3040 419 3059 ¹
472 3040 681 3086 Margarita
698 3039 747 3076 de
766 3040 919 3086 Parma,
936 3041 1193 3086 gubernatrix
1211 3042 1433 3078 Flandriae.

408 3100 423 3120 2
473 3099 574 3135 Vide
591 3099 711 3146 epist.
734 3100 818 3145 469,
839 3110 882 3135 n.
907 3107 947 3145 5.
1214 3102 1228 3123 ³
1278 3100 1380 3137 Vide
1398 3101 1514 3148 epist.
1533 3099 1618 3146 435,
1637 3112 1709 3136 nn.
1735 3107 1750 3135 1
1771 3103 1812 3134 et
1829 3107 1870 3135 2.
