2228 3548
399 273 467 299 222
909 260 1048 296 prsT.
1076 258 1120 293 P.
1147 257 1420 302 NADAL-424

441 375 480 418 5.
545 362 592 407 Si
616 364 744 418 potra
771 362 852 404 dar
888 359 1017 403 auiso
1044 358 1088 402 di
1119 359 1225 414 quel
1256 359 1341 403 che
1369 360 1427 403 V.
1466 360 1520 403 R.
1561 359 1708 404 scriue
1736 358 1919 403 intorno
1941 359 1985 404 al

350 440 541 496 collegio
562 439 606 482 di
631 438 880 492 Olomutio,
905 452 955 482 se
976 450 1152 480 saremo
1173 435 1394 490 ricercati;
1419 441 1465 480 et
1485 435 1621 480 etiam
1641 438 1728 482 che
1748 437 1862 480 altro
1888 451 1982 481 non

346 518 388 561 ci
411 517 586 569 dicano,
627 530 754 560 corne
793 529 942 571 uenga
979 515 1021 557 la
1058 512 1365 566 information,
1405 514 1556 570 doppo
1591 516 1676 559 che
1697 515 1755 559 V.
1797 515 1852 558 R.
1878 516 1979 558 sara

348 601 465 638 stato
486 594 532 648 li,
557 594 600 636 13
621 594 804 637 daremo
827 606 992 635 ancora
1014 605 1118 646 qua.

434 672 477 714 6.
543 669 694 726 Quelli
717 671 801 714 che
822 669 861 712 si
891 669 1200 711 mandaranno
1221 683 1247 711 a
1276 669 1418 711 Roma
1447 682 1526 724 per
1553 667 1709 712 ordine
1730 668 1776 712 di
1804 669 1866 713 V.
1898 670 1974 723 R.,

345 750 428 791 hor
445 748 571 791 siano
589 746 807 798 ueterani,
822 748 905 789 hor
923 745 1088 802 tyroni,
1102 759 1183 802 per
1198 746 1241 788 la
1258 744 1539 802 probatione,
1553 760 1580 789 0
1597 760 1676 802 per
1693 745 1928 789 continuat
1945 745 1977 788 li

345 825 498 881 studij,
513 839 706 869 saranno
726 823 969 867 uoluntieri
987 822 1195 866 riceuuti.
1212 824 1269 866 Et
1286 837 1365 879 per
1382 821 1481 866 farli
1498 823 1596 866 loco
1612 822 1691 879 pisi
1708 823 1874 879 amplo,
1894 824 1933 866 s’
1951 824 1978 867 e

342 902 613 946 cominciato
631 903 672 945 13
689 916 793 945 casa
810 901 854 944 di
877 899 1141 957 probatione
1157 899 1203 943 in
1222 900 1555 944 Montecauallo
1581 901 1610 952 ¹,
1630 900 1744 944 oltre
1761 900 1909 956 quella
1930 899 1977 943 di

344 987 496 1023 nostra
513 994 633 1032 casa,
659 986 704 1024 et
725 978 907 1035 parechi
930 980 1014 1021 che
1037 977 1073 1021 si
1096 992 1302 1034 prouano
1325 978 1400 1022 nel
1422 977 1615 1035 collegio
1636 977 1913 1035 germanico.

433 1069 474 1112 7.
541 1057 593 1100 Li
623 1055 766 1100 scritti
796 1056 869 1099 del
892 1057 1004 1099 Mro.
1042 1057 1258 1111 Marquez
1286 1055 1324 1098 si
1350 1055 1674 1108 mandaranno‚
1706 1054 1926 1111 piacendo
1949 1069 1976 1099 a

342 1135 482 1188 Iddio,
509 1149 594 1178 con
617 1133 763 1189 questi
786 1132 943 1186 nostri,
976 1147 1026 1177 se
1053 1132 1195 1189 prima
1222 1146 1314 1175 non
1342 1132 1371 1174 1’
1402 1131 1646 1176 hauessino
1674 1131 1890 1175 mandati.
1916 1133 1975 1175 Et

339 1226 428 1256 con
445 1218 570 1255 tanto
592 1210 633 1254 ci
654 1209 1042 1254 raccomandiamo
1061 1209 1167 1252 tutti
1183 1210 1323 1252 molto
1344 1209 1460 1252 nelle
1483 1208 1676 1252 orationi
1697 1215 1742 1253 et
1763 1208 1970 1266 sacrificij

339 1289 386 1332 di
408 1290 465 1333 V.
491 1290 542 1332 R.
567 1302 653 1331 con
675 1287 779 1331 tutti
802 1287 937 1343 quelli
958 1287 1031 1330 del
1053 1285 1246 1344 collegio
1273 1286 1392 1330 doue
1421 1285 1458 1329 si
1491 1293 1636 1329 troua.
1669 1285 1728 1330 Di
1757 1287 1919 1340 Roma,
1940 1285 1973 1329 li

342 1378 400 1420 24
417 1366 463 1408 di
485 1366 664 1422 Agosto
692 1365 819 1419 1566.

432 1444 520 1487 Per
536 1457 627 1486 non
644 1444 750 1485 star’
770 1442 817 1484 in
834 1456 937 1485 casa
954 1448 1108 1485 nostro
1127 1441 1290 1494 Padre,
1311 1455 1401 1484 non
1419 1442 1477 1483 ha
1495 1439 1775 1484 sottoscritta
1793 1447 1970 1496 questa.

342 1521 408 1564 Lo
433 1520 526 1562 faro
548 1519 591 1562 io
614 1519 660 1561 in
682 1534 765 1562 suo
789 1520 899 1562 loco.
925 1520 995 1563 De
1018 1520 1074 1562 V.
1102 1519 1155 1562 R.
1181 1532 1315 1561 seruo
1338 1517 1384 1560 in
1410 1516 1513 1571 X.⁰,
1545 1532 1624 1573 per
1656 1517 1973 1561 commissione

339 1598 398 1640 de
418 1603 573 1640 nostro
598 1597 743 1639 Padre
765 1595 1007 1652 preposito,

1047 1672 1077 1730 ἦ·
1102 1674 1294 1730 JOANNE
1325 1686 1388 1715 DE
1421 1673 1666 1716 PorANco.
1703 1670 1732 1728 †

428 1751 669 1806 Inscriptio
691 1750 741 1792 in
764 1754 928 1806 quarta
943 1750 1141 1807 pagina:
1158 1748 1187 1807 †
1210 1749 1270 1793 Al
1287 1749 1426 1792 molto
1443 1750 1557 1792 Rdo.
1579 1749 1625 1791 in
1642 1748 1728 1792 Χ.0
1753 1749 1916 1801 Padre,
1938 1747 1969 1790 il

337 1828 486 1871 Padre
522 1828 671 1870 dottor
709 1826 972 1870 Hieronimo
1009 1826 1186 1879 Natale,
1222 1825 1454 1870 visitatore
1491 1825 1535 1868 in
1575 1825 1820 1870 Germania
1849 1825 1967 1868 della

335 1903 622 1961 Compagnia
642 1904 686 1946 di
703 1905 828 1962 Jessi,
855 1904 899 1946 in
923 1903 1117 1957 Vienna,
1142 1918 1170 1947 o
1191 1904 1310 1947 doue
1333 1902 1370 1946 si
1394 1910 1539 1946 troua.

1097 2016 1215 2057 1124

768 2100 819 2142 P.
864 2100 1276 2145 HIERONYMUS
1309 2100 1528 2144 NADAL

660 2174 901 2213 SANCTO
940 2175 1286 2214 FRANCISCO
1327 2177 1403 2211 DE
1440 2175 1634 2222 BORJA

826 2249 1040 2287 oLOMUTn,
1061 2250 1104 2287 27
1124 2250 1308 2279 Ancum-1
1329 2241 1419 2287 1566
1448 2244 1478 2277 2.

336 2304 587 2342 Olomutium
606 2306 713 2341 venit
731 2308 767 2340 et
788 2304 1071 2342 Cremsirium:
1095 2319 1185 2343 cum
1205 2307 1394 2354 praesule
1416 2308 1463 2342 de
1486 2306 1647 2354 collegii
1669 2308 1706 2341 et
1723 2306 1968 2341 universita-

557 2365 608 2400 tis
631 2365 880 2400 institutione
898 2366 1154 2412 colloquitur:
1172 2368 1358 2414 Pragam
1377 2366 1579 2414 proficisci
1595 2366 1752 2402 statuit.

415 2444 546 2500 Jhus.
585 2442 726 2486 Molto
748 2442 861 2486 Rdo.
891 2444 1034 2488 Padre
1062 2452 1217 2487 nostro
1245 2444 1293 2487 in
1330 2444 1528 2488 Christo.
1571 2445 1666 2486 Pax
1704 2442 1828 2485 Chri.
1867 2449 1955 2486 etc.

332 2519 557 2562 Hauendo
579 2520 707 2571 fatto,
732 2533 817 2561 con
845 2519 887 2562 la
915 2519 1068 2564 diuina
1105 2521 1267 2575 gratia,
1308 2521 1458 2576 quello
1494 2522 1579 2563 che
1606 2518 1644 2562 si
1666 2519 1896 2562 ricercaua
1917 2520 1959 2563 al

330 2595 420 2638 mio
442 2595 689 2639 ministerio
712 2596 785 2638 nel
806 2596 996 2652 collegio
1025 2598 1081 2642 de
1110 2598 1304 2652 Vienna,
1335 2598 1450 2654 parti
1478 2596 1523 2639 di
1554 2597 1598 2640 la
1632 2611 1713 2652 per
1734 2596 1891 2641 uenire
1913 2596 1960 2639 in

332 2672 581 2724 Olomutio,
607 2673 818 2729 (secondo
839 2673 868 2714 1³
894 2673 1049 2719 ordine
1071 2677 1155 2719 che
1177 2674 1238 2717 mi
1260 2676 1317 2718 da
1337 2675 1380 2717 13
1403 2676 1456 2718 Ρ.
1482 2675 1539 2717 V.
1566 2688 1644 2729 per
1666 2688 1755 2716 vna
1776 2673 1882 2717 delli
1910 2686 1960 2728 13

330 2750 387 2792 de
410 2749 586 2805 Luglio)
609 2750 642 2802 5;
669 2755 713 2791 et
735 2748 930 2793 arriuato
955 2750 1046 2806 qui,
1072 2751 1204 2796 andai
1228 2767 1254 2795 a
1275 2750 1518 2795 Cremsirio
1540 2751 1573 2802 ⁴,
1594 2750 1713 2794 doue
1732 2749 1769 2793 si
1792 2750 1964 2794 ritroua

403 2893 413 2912 ¹
464 2890 565 2926 Vide
586 2890 698 2937 epist.
721 2889 804 2932 383,
825 2903 863 2926 n.
885 2900 919 2936 5.

400 2952 413 2970 ⁴²
464 2950 521 2984 Ex
550 2951 775 2996 archetypo,
796 2962 817 2985 a
848 2951 1024 2996 Jimenez
1054 2958 1228 3000 exarato,
1255 2958 1294 2989 et
1324 2952 1475 2989 Natalis
1507 2963 1622 2987 manu
1652 2951 1888 2999 subscripto,
1919 2951 1960 2988 in

330 3008 458 3055 Epist.
479 3009 641 3054 Natal.,
659 3009 710 3053 II,
729 3008 873 3056 duplici
891 3009 982 3055 fol„
1005 3011 1071 3056 146
1089 3011 1207 3058 (341).

398 3068 413 3088 ⁵
462 3067 562 3103 Vide
580 3068 698 3115 epist.
716 3067 801 3115 413,
819 3080 861 3104 n.
889 3077 904 3104 1
916 3096 925 3105 .
1231 3073 1246 3094 ⁴
1295 3070 1547 3109 Cremsirium
1561 3070 1808 3117 (Kremsier).
