2228 3548
462 282 528 318 116
969 278 1107 315 EPIST.
1135 276 1180 312 P.
1207 274 1486 323 NADAL—390

409 385 474 428 La
490 381 726 426 settimana
742 386 921 437 passata
937 378 1076 423 scrise
1092 379 1179 422 alla
1197 378 1250 421 P.
1266 378 1344 430 V.,
1365 376 1460 421 cosi
1475 376 1594 422 delle
1609 389 1716 422 cose
1729 377 1815 420 che
1831 388 2040 420 occorre-

408 473 542 511 uano,
568 472 696 502 corne
717 456 1020 513 rispondendo
1042 456 1128 500 alle
1149 469 1246 508 sue,
1271 455 1357 498 co’l
1379 453 1621 499 secretario
1646 454 1657 476 ¹
1679 453 1768 498 del’
1801 453 1943 497 Illmo.
1969 452 2036 497 le-

406 542 529 593 gato.
562 522 599 578 E
625 535 714 577 ben
736 547 848 578 uero
878 534 963 577 che
990 533 1171 576 alchun’
1202 532 1314 576 altre
1343 530 1381 575 si
1410 531 1664 575 sarebbono
1690 529 1862 584 scritte,
1893 543 2037 573 senon

405 613 503 663 che,
529 617 655 667 parte
676 625 755 666 per
776 609 968 662 iscord0‚
989 615 1116 666 parte
1143 623 1223 665 per
1245 608 1323 665 piu
1350 623 1442 652 non
1469 609 1664 665 puoter’,
1695 606 1734 651 si
1761 606 2031 651 lasciorono.

405 690 506 733 Una
528 687 572 730 di
595 687 743 742 quelle
765 702 842 731 era
862 687 948 731 che
964 687 1022 730 V.
1045 687 1097 729 P.
1123 685 1319 730 ordinasi
1341 684 1430 729 fusi
1454 685 1563 729 satta
1584 683 1786 728 oratione
1801 699 1881 741 per
1902 683 1933 727 11
1949 685 2033 729 Se-

404 763 639 809 renissimo
661 763 870 807 arciduca
898 748 1185 807 Ferdinando
1207 764 1240 818 ²,
1266 765 1351 807 che
1371 761 1521 819 questi
1543 760 1708 819 giomi,
1733 775 1862 806 come
1882 761 2034 806 inten-

403 841 566 894 diamo,
592 842 617 884 e
639 847 757 884 stato
778 841 917 883 molto
944 854 1159 897 appresso
1187 840 1273 884 alla
1300 846 1461 882 morte.
1493 840 1617 884 Sono
1637 837 1790 883 andati
1811 837 1856 881 di
1877 852 1966 893 qua
1987 836 2037 880 in

401 919 551 974 Praga
572 932 652 974 per
674 916 916 960 medicarlo
938 916 1102 962 medici
1130 916 1234 960 delli
1257 916 1388 973 primi
1416 917 1473 960 de
1494 916 1542 962 S.
1575 917 1639 961 M.
1664 915 1873 959 Cesarea:
1899 913 2034 970 dapoi

402 1010 492 1038 non
509 994 749 1038 habbiamo
766 994 911 1038 inteso
929 995 1058 1049 altro,
1073 994 1105 1037 il
1121 996 1207 1040 che
1223 1001 1405 1039 tenemo
1421 1007 1501 1051 per
1517 992 1685 1050 meglio
1700 1006 1860 1050 segno.
1881 991 2034 1036 Gioan

401 1071 592 1129 Giorgio
607 1074 862 1116 Muramera
887 1079 925 1126 ἃ,
950 1071 1147 1125 110111010,
1168 1072 1216 1114 fu
1230 1073 1443 1115 mandato
1462 1071 1521 1114 da
1535 1069 1775 1115 Monachio
1792 1083 1818 1113 a
1834 1068 2030 1122 Vienna,

404 1149 539 1194 credo
574 1163 661 1192 con
683 1147 922 1193 intention’
954 1150 1040 1194 che
1066 1148 1113 1192 di
1155 1149 1197 1192 la
1225 1149 1268 1192 lo
1295 1149 1561 1192 mandasero
1583 1147 1712 1191 fuora
1747 1147 1865 1191 della
1891 1146 2030 1190 Corn-

402 1225 585 1282 pagnia.
622 1227 656 1268 Il
687 1228 737 1269 P.
765 1227 936 1282 Lanoy,
967 1225 1210 1270 hauendoli
1238 1225 1554 1282 compassion',
1579 1224 1788 1270 uedendo
1810 1238 1892 1267 sua
1911 1224 2032 1268 bona

399 1301 701 1359 disposition’,
721 1303 764 1345 lo
786 1303 951 1346 mando
967 1317 994 1346 a
1010 1317 1097 1357 me;
1117 1309 1164 1348 et
1179 1302 1225 1346 io
1242 1303 1272 1345 1’
1292 1304 1352 1345 ho
1368 1302 1581 1346 mandato
1601 1301 1650 1345 in
1665 1300 2029 1359 peregrinatione

399 1394 425 1422 a
447 1380 611 1423 Loreto
634 1386 678 1424 et
700 1381 857 1433 Roma;
882 1380 971 1423 ben
992 1381 1018 1424 e
1040 1394 1150 1423 uero
1171 1381 1256 1423 che
1272 1379 1303 1422 li
1324 1379 1565 1423 habbiamo
1586 1379 1693 1422 dato
1714 1378 1897 1422 alchuni
1918 1366 2029 1435 poc-

401 1455 473 1498 chi
496 1455 707 1511 quatrini,
733 1457 897 1512 perche
925 1471 1017 1500 non
1045 1457 1268 1500 trouando
1295 1456 1513 1500 lemosina
1541 1456 1635 1500 cosi
1672 1455 1928 1499 facilmente
1950 1470 2031 1512 per

403 1533 647 1576 Germania
672 1533 709 1585 b,
735 1547 825 1576 non
847 1533 1025 1590 pigliasi
1047 1533 1239 1590 qualche
1260 1534 1377 1577 mala
1399 1533 1487 1578 via.
1509 1535 1567 1578 V.
1589 1535 1673 1587 P.‚
1693 1533 1901 1577 venendo
1916 1532 1981 1576 lui
2002 1547 2030 1576 a

399 1610 567 1662 Roma,
599 1611 715 1666 dopo
743 1611 787 1653 d’
818 1610 979 1655 essersi
1012 1611 1268 1655 confessato
1297 1616 1344 1654 et
1372 1609 1661 1665 essaminato,
1702 1610 1871 1655 uedera
1907 1624 1956 1654 se
1988 1611 2026 1653 s'

395 1687 564 1731 hauera
585 1687 641 1730 da
663 1686 861 1740 ritener’;
887 1694 932 1732 et
954 1702 1003 1732 se
1024 1702 1105 1744 per
1125 1701 1231 1731 caso
1248 1702 1297 1732 se
1314 1686 1568 1731 rimandase
1584 1686 1631 1730 in
1649 1700 1755 1743 qua,
1776 1686 1850 1730 dia
1867 1686 2026 1730 ordine

395 1762 440 1806 di
463 1770 632 1818 quanto
655 1763 886 1820 giudicara
910 1765 958 1807 in
980 1765 1180 1808 Domino
1200 1767 1285 1810 che
1307 1765 1345 1808 si
1366 1765 1515 1810 debba
1537 1765 1646 1809 fare.

484 1852 525 1882 2.
591 1841 666 1883 Ho
687 1841 984 1896 grandissima
1005 1842 1219 1886 difficolta
1242 1842 1288 1886 in
1311 1849 1473 1899 questo
1491 1842 1548 1886 de
1569 1841 1760 1886 riceuer’
1780 1841 1960 1898 collegii
1976 1841 2024 1884 di

395 1930 564 1969 nuouo,
590 1931 669 1972 per
691 1918 733 1960 la
754 1918 941 1973 penuria
963 1919 1006 1961 d'
1032 1918 1239 1975 operarij,
1265 1926 1310 1963 et
1330 1918 1546 1963 difficolta
1573 1920 1658 1962 che
1685 1917 1926 1962 habbiamo
1946 1918 2028 1974 qui

396 2008 421 2036 a
443 1995 693 2036 mantener'
719 1995 807 2039 ben
830 1995 1016 2051 prouisti
1046 1996 1181 2052 quelli
1209 1999 1294 2041 che
1317 1997 1393 2054 gia
1416 1996 1454 2040 si
1481 2011 1594 2040 sono
1622 1995 1819 2041 acettati.
1846 1997 2026 2041 Adesso

393 2069 665 2114 dimandano
691 2071 891 2125 Olmutz‚
917 2072 1062 2128 Spira,
1087 2080 1133 2116 et
1155 2073 1409 2129 Herbipoli.
1436 2074 1479 2117 A
1502 2079 1663 2130 questo
1685 2072 1716 2115 11
1733 2074 1758 2116 ἑ
1780 2079 1899 2116 stato
1921 2087 2025 2129 pro-

391 2161 540 2191 messo
563 2148 636 2189 dal
661 2149 712 2190 P.
740 2148 936 2202 Canisio,
957 2149 1001 2192 in
1020 2165 1154 2194 nome
1171 2151 1288 2194 della
1307 2153 1358 2194 P.
1380 2152 1460 2203 V.,
1482 2152 1554 2194 ch’
1573 2149 1622 2194 in
1639 2149 1912 2206 Alamagnia
1932 2165 2028 2194 non

394 2222 431 2266 si
454 2223 656 2267 riceuera
676 2224 871 2280 collegio
892 2225 1096 2280 nissuno,
1123 2227 1265 2283 prima
1287 2229 1372 2271 che
1394 2227 1425 2270 il
1447 2242 1547 2280 suo,
1573 2233 1620 2272 et
1641 2228 1906 2284 parerebbe,
1933 2242 2029 2287 non·

394 2314 443 2343 so
465 2314 592 2343 001116
620 2307 655 2354 0,
680 2315 772 2343 non
793 2303 1123 2359 attenderglilo.
1146 2305 1189 2347 A
1205 2305 1248 2348 13
1266 2319 1398 2360 presa
1419 2304 1439 2332 ‘¹
1465 2306 1537 2348 ch’
1557 2304 1590 2347 il
1608 2306 1660 2348 P.
1682 2304 1852 2348 Winch
1870 2305 1928 2347 da
1944 2319 2028 2360 per

393 2376 521 2432 Spira
553 2384 587 2429 Ε,
613 2384 657 2421 et
679 2377 709 2419 il
735 2379 785 2420 P.
813 2379 967 2435 Lanoy
989 2395 1068 2436 per
1090 2382 1273 2436 Olmuz,
1298 2397 1389 2425 non
1411 2381 1441 2424 li
1463 2383 1524 2425 ho
1545 2382 1672 2427 detto
1695 2382 1824 2433 altro,
1859 2396 1908 2425 se
1930 2395 2021 2424 non

390 2453 593 2497 amonirli
630 2455 713 2497 che
750 2469 841 2498 non
878 2463 1158 2511 promettano
1187 2458 1362 2511 niente,
1403 2473 1540 2502 senza
1569 2459 1727 2503 hauer'
1768 2457 1925 2500 ordine
1961 2457 2019 2502 de

390 2530 446 2573 V.
475 2532 546 2583 P.;
572 2532 629 2574 ne
652 2531 805 2587 uoglio
836 2532 915 2575 far'
946 2534 1058 2577 altro
1086 2534 1286 2591 giudicio
1304 2528 1365 2579 'in
1387 2542 1565 2592 questo,
1597 2550 1647 2580 se
1667 2550 1759 2578 non
1781 2525 2021 2590 rapresen—

466 2673 488 2693 a
524 2666 688 2702 Videtur
707 2667 795 2702 libr.
822 2668 993 2705 scribere
1012 2671 1183 2707 voluisse
1202 2673 1455 2717 Muramera,
1475 2683 1565 2708 nam
1583 2683 1700 2719 supra
1724 2682 1865 2707 nomen
1883 2670 2023 2706 Mura-

334 2731 340 2755 ΐ
397 2736 483 2760 mer
501 2724 674 2760 additum
697 2725 770 2761 fuit
794 2738 832 2767 a,
859 2737 904 2762 eo
926 2728 1028 2774 quod
1051 2730 1158 2766 locus
1190 2742 1268 2766 non
1287 2736 1512 2777 superesset
1539 2731 1579 2766 in
1602 2731 1830 2766 charta.—b
1857 2738 1877 2775 5
1903 2731 2024 2765 verba

369 2807 372 2809 -
397 2794 509 2830 seqq.
533 2789 623 2819 sunt
653 2784 692 2819 in
722 2796 845 2831 marg.
871 2797 984 2822 manu
1003 2787 1093 2824 libr.
1130 2789 1277 2825 addita.
1291 2796 1353 2817 —C
1395 2790 1507 2826 Prius
1537 2789 1747 2837 scripserat
1777 2789 1870 2825 libr.
1904 2789 2031 2824 molto

393 2843 515 2885 male,·
528 2843 597 2878 sed
614 2843 674 2878 his
693 2843 846 2888 deletis,
862 2844 910 2879 N.
932 2857 1046 2892 supra
1063 2859 1166 2884 vers.
1183 2849 1351 2896 scripsit:
1369 2861 1451 2885 non
1466 2861 1508 2884 so
1522 2849 1715 2886 come.—d
1735 2848 1815 2894 Sic,
1831 2860 1900 2896 pro
1908 2851 2024 2896 pres-

393 2911 452 2943 sa,
468 2903 640 2948 prescia,
653 2902 799 2948 fretta,
818 2902 1027 2941 festinatio.
1042 2928 1068 2932 -
1080 2915 1097 2934 e
1118 2907 1140 2942 6
1159 2909 1278 2944 verba
1295 2920 1412 2956 seqq.
1434 2914 1524 2944 sunt
1542 2908 1672 2945 addita
1689 2920 1711 2944 a
1729 2907 1819 2945 libr.
1845 2907 1884 2944 in
1902 2918 2025 2954 marg.

472 3022 481 3042 ¹
533 3021 703 3065 Joannes
723 3021 900 3057 Andreas
919 3022 1106 3070 Caligari.
1131 3026 1230 3062 Vide
1250 3027 1369 3074 epist.
1389 3026 1476 3074 394.

466 3081 480 3101 ²
531 3079 797 3116 Ferdinandus
817 3081 867 3123 11,
886 3081 988 3118 filius
1003 3084 1237 3122 Ferdinandi
1255 3087 1273 3121 I
1291 3086 1474 3132 caesaris,
1493 3086 1678 3123 archidux
1698 3085 1910 3123 tirolensis.
