2228 3548
646 319 694 347 20
719 310 912 348 Auens-rr
935 317 990 345 m·
1015 317 1061 345 22
1085 307 1350 346 Sam-mm
1378 307 1470 354 1576
1749 307 1824 355 723

992 465 1122 506 6⁰5

659 549 705 585 Ρ.
733 548 1054 586 EVERARDUS
1082 548 1466 587 MERCURIANUS

579 628 790 671 PATRI
836 627 1262 672 HIERONYMO
1309 628 1552 672 NADAL
1592 632 1597 638 '

753 724 913 761 ROMAE,
936 725 984 752 2ο
1008 724 1191 753 Aususri
1218 715 1310 762 1576
1334 716 1361 752 ¹.

692 793 755 829 De
771 793 1100 829 annotationibus
1115 795 1153 829 et
1169 793 1431 841 imaginibus.

335 878 459 921 Poco
482 877 526 920 fa
546 878 632 921 che
652 875 805 920 scrissi
826 891 853 920 a
875 877 932 920 V.
958 877 1012 920 R.
1038 875 1082 919 d'
1104 876 1218 921 altre
1238 891 1359 922 cose.
1386 878 1566 922 Adesso
1588 878 1685 922 solo
1705 878 1748 923 10
1775 878 1875 923 diro

237 955 333 998 che
354 954 397 997 al
419 955 472 998 P.
498 953 762 998 Florentino
784 953 817 1006 ¹,
842 960 1134 1010 procuratore
1160 953 1206 996 di
1237 953 1447 1007 Fiandra,
1483 955 1546 998 ho
1578 955 1686 999 dato
1716 956 1874 1001 ordine

242 1030 291 1074 di
310 1030 382 1075 0ἰὸ
403 1030 478 1075 ch’
500 1032 558 1075 ha
579 1046 605 1075 a
626 1031 722 1074 fare
742 1030 859 1074 delle
880 1029 1067 1086 imagini
1089 1036 1134 1073 et
1156 1029 1436 1074 annotationi
1457 1031 1502 1074 di
1520 1033 1577 1076 V.
1601 1034 1654 1076 R.
1675 1047 1756 1089 par
1777 1047 1875 1077 ma·

242 1107 374 1166 giore
395 1107 540 1165 gloria
560 1107 606 1151 di
626 1106 716 1152 Dio
736 1114 783 1151 et
804 1106 928 1150 aiuto
948 1106 1022 1151 del
1049 1105 1265 1163 proximo.
1290 1108 1347 1150 Et
1367 1108 1464 1151 cosi
1486 1109 1543 1152 V.
1569 1110 1623 1152 R.
1649 1110 1691 1153 le
1711 1109 1775 1166 gli
1791 1125 1874 1167 po-

248 1186 318 1228 tra
337 1185 461 1238 dare,
481 1184 579 1229 acio
600 1184 644 1230 le
664 1183 781 1241 porti
802 1197 998 1228 conseco
1020 1198 1046 1227 a
1067 1184 1102 1226 F
1104 1182 1262 1227 iandra
1276 1198 1357 1241 per
1372 1184 1499 1229 detto
1518 1187 1688 1230 effetto.
1711 1188 1768 1230 Et
1783 1202 1876 1230 non

243 1262 442 1306 essendo
464 1268 623 1318 questa
642 1276 724 1319 per
744 1261 875 1314 altro,
901 1259 1016 1305 facio
1031 1261 1124 1305 fine
1139 1261 1642 1306 raccommandandomi
1664 1264 1750 1308 alle
1766 1278 1877 1307 suoe

251 1338 444 1382 orationi
465 1346 511 1382 et
532 1337 650 1383 santi
670 1331 897 1391 sacrificii,
922 1345 968 1382 et
994 1338 1227 1394 pregando
1249 1337 1280 1380 il
1301 1337 1499 1395 Signore
1527 1339 1569 1383 10
1601 1340 1803 1384 continui
1835 1342 1878 1384 la

242 1431 332 1461 sua
352 1419 483 1459 santa
504 1415 650 1473 gratia
671 1422 718 1460 et
737 1414 893 1460 celesti
916 1414 1075 1458 fauori.
1100 1414 1159 1458 Di
1180 1415 1342 1468 Roma,
1362 1429 1388 1459 a
1411 1427 1467 1459 20
1483 1415 1529 1459 di
1546 1417 1724 1473 Agosto
1747 1418 1873 1473 1576.

997 1561 1131 1602 80ss

661 1647 706 1683 P.
733 1646 1052 1684 EVERARDUS
1078 1645 1460 1684 MERCURIANUS

577 1726 789 1770 PATRI
835 1725 1264 1769 HIERONYMO
1312 1725 1556 1769 NADAL

721 1822 879 1858 ROMAE,
908 1822 953 1848 22
978 1820 1237 1849 SEPTEMBRIS
1264 1813 1356 1859 1576
1381 1814 1408 1849 ³.

252 1893 424 1930 Litteras
442 1893 615 1936 Natalis,
633 1894 780 1940 gratas
796 1893 951 1936 semper
965 1890 1153 1937 generali
1168 1891 1364 1928 accidere:
1375 1894 1526 1939 pestem
1554 1892 1725 1928 Venetiis
1747 1895 1783 1927 et
1802 1893 1882 1928 Pa·

906 1949 1010 1985 tavii
1021 1950 1224 1996 grassari.

340 2035 526 2080 Riceuei
547 2049 638 2078 vna
659 2034 706 2077 di
727 2035 785 2078 V.
811 2035 865 2077 R.
892 2032 938 2075 di
961 2039 1028 2077 tre
1058 2032 1074 2053 ⁴
1096 2031 1142 2075 di
1165 2033 1347 2090 Luglio,
1372 2049 1452 2091 per
1472 2035 1514 2078 la
1541 2035 1674 2090 quale
1696 2034 1830 2079 intesi
1852 2035 1882 2078 il

251 2114 375 2156 buon
398 2111 548 2155 animo
571 2113 656 2155 che
677 2110 708 2153 il
730 2110 927 2167 Signore
948 2110 991 2153 10
1018 2109 1076 2153 da
1097 2124 1291 2167 sempre,
1315 2125 1410 2155 non
1431 2119 1608 2156 ostante
1631 2113 1672 2156 la
1699 2126 1781 2155 sua
1809 2114 1883 2156 eta

243 2196 296 2234 ret
335 2187 689 2245 indisposizioni.
729 2186 884 2231 Piacia
915 2201 941 2230 a
972 2201 1055 2230 sua
1090 2185 1243 2230 diuina
1279 2189 1389 2232 Mta.
1430 2188 1766 2232 conseruarlelo
1802 2203 1882 2245 per

251 2279 446 2322 sempre.
480 2266 667 2321 Quanto
695 2279 722 2307 a
754 2264 904 2319 quello
932 2264 1019 2307 che
1051 2262 1199 2308 scriue
1230 2265 1287 2308 V.
1323 2265 1379 2309 R.
1415 2267 1500 2309 che
1528 2280 1618 2308 non
1649 2280 1729 2309 osa
1759 2280 1883 2309 esser

251 2344 394 2400 longo
415 2341 463 2385 in
485 2341 699 2394 scriuere,
725 2355 805 2398 per
826 2341 867 2384 10
889 2340 1182 2397 occupazioni
1203 2343 1290 2386 che
1310 2342 1351 2386 ci
1373 2357 1539 2386 recano
1569 2342 1583 2385 i
1616 2349 1881 2399 procurato-

255 2420 310 2473 ri,
336 2420 359 2464 ὲ
381 2433 490 2463 vero
511 2419 600 2463 che
622 2432 734 2462 sono
755 2424 871 2461 state
891 2418 1032 2462 molte
1053 2424 1099 2462 et
1119 2418 1296 2475 grandi.
1324 2420 1399 2464 Ma
1426 2434 1505 2477 per
1533 2419 1680 2476 gratia
1707 2419 1779 2464 del
1806 2419 1882 2464 Si-

328 2593 338 2613 ¹
389 2592 448 2627 Ex
466 2591 652 2637 Regesto,
677 2590 772 2626 Cod.
793 2599 837 2636 33
846 2589 873 2636 j
874 2589 902 2637 )‚
922 2588 989 2626 fol.
1009 2599 1068 2635 47.
1089 2590 1135 2625 In
1151 2590 1338 2636 margine:
1356 2592 1482 2627 Hala.
1504 2592 1557 2627 Al
1575 2591 1623 2626 P.
1644 2591 1805 2627 Natale.

325 2654 340 2674 2
390 2651 433 2686 P.
451 2651 639 2686 Martinus
653 2649 886 2694 Florentius,
900 2649 949 2684 de
966 2659 1043 2696 quo
1060 2650 1156 2685 haec
1172 2649 1291 2686 habet
1303 2651 1504 2697 catalogus
1518 2650 1673 2696 collegii
1686 2650 1882 2687 colonien—

254 2711 308 2747 sis
332 2710 423 2746 anni
451 2709 554 2754 1567:
581 2709 647 2743 «P.
678 2708 865 2744 Martinus
890 2707 1129 2752 Florensius,
1159 2709 1564 2753 ambsteredamensis,
1599 2711 1786 2745 hactenus
1816 2721 1883 2745 ex-

251 2769 493 2806 hortationes
512 2767 649 2804 habuit
666 2766 768 2814 apud
786 2778 867 2814 eos,
885 2766 952 2814 qui
969 2766 1009 2803 in
1026 2767 1254 2814 probatione
1273 2774 1547 2804 versantur...»
1566 2769 1626 2804 De
1645 2768 1710 2804 illo
1734 2768 1882 2804 dictum

254 2834 318 2865 est
335 2840 466 2875 supra,
486 2827 601 2875 epist.
622 2827 704 2872 596.

321 2889 336 2909 ³
386 2888 444 2923 Ex
466 2888 656 2933 Regesto,
684 2885 779 2922 Cod.
807 2895 851 2932 33
866 2886 924 2932 j),
949 2886 989 2921 ff.
1015 2885 1073 2933 48,
1102 2896 1162 2932 49.
1188 2886 1234 2922 In
1256 2887 1444 2934 margine:
1471 2887 1619 2923 Halae.
1647 2887 1696 2922 P.
1723 2886 1880 2923 Natali.

252 2947 353 2983 Vide
373 2947 488 2994 epist.
507 2946 592 2991 604,
612 2945 676 2981 cui
693 2946 790 2981 haec
806 2945 1030 2992 respondet.

323 3008 338 3029 ⁴
389 3006 454 3042 Sic
478 3006 518 3042 in
541 3006 729 3052 Regesto,
753 3004 823 3041 sed
846 3016 952 3040 error
975 3004 1121 3041 librarii
1145 3004 1315 3051 videtur,
1341 3017 1430 3042 nam
1455 3005 1619 3052 epistola
1644 3004 1808 3050 Natalis,
1832 3005 1883 3041 de

250 3078 329 3114 qua
346 3066 409 3102 hic
427 3076 555 3101 sermo
572 3069 647 3110 est,
665 3064 729 3100 die
746 3063 789 3099 31
810 3063 905 3110 Julii
922 3063 1012 3099 data
1029 3063 1116 3100 fuit.
1133 3064 1208 3100 Die
1221 3069 1350 3100 autem
1366 3064 1388 3100 3
1406 3065 1565 3111 nullam,
1579 3063 1683 3111 quod
1698 3064 1881 3111 sciamus,

249 3125 461 3173 epistolam
479 3124 635 3171 scripsit
652 3122 815 3159 Natalis.
