2228 3548
423 265 493 302 414
935 253 1072 288 prsr.
1101 251 1145 287 P.
1173 250 1438 298 NADAL-471

368 371 488 413 poco
514 363 550 399 ³.
576 357 783 412 Despues
805 368 854 398 se
876 353 975 396 dize
992 365 1081 409 que
1102 365 1151 394 es
1171 350 1264 395 casi
1285 352 1416 405 nada,
1436 367 1608 410 porque
1625 368 1683 397 no
1700 354 1852 411 llegan
1875 358 1900 398 a
1917 355 2001 399 dos

376 433 452 475 mil
473 432 679 475 escudos.

462 507 556 553 Soli
581 508 618 550 b.
645 509 732 551 Las
754 505 930 563 gracias
951 518 1039 561 que
1055 519 1105 549 se
1121 503 1424 549 concedieron
1440 508 1466 548 a
1481 505 1548 549 los
1564 506 1621 550 de
1638 507 1817 551 Araceli
1833 522 1990 564 agora,

373 589 521 642 segsm
544 599 569 628 a
590 584 723 627 dicho
746 584 785 628 el
808 581 1059 634 comisario,
1084 595 1133 624 es
1155 595 1244 637 que
1275 581 1325 623 in
1348 581 1462 639 foro
1492 583 1785 627 conscientiae
1813 585 1992 641 puedan
2017 618 2019 620 -

367 677 511 716 gozar
531 661 589 704 de
610 662 680 704 los
701 658 974 716 preuilegios
990 671 1079 713 que
1095 671 1208 712 ⁴eran
1229 671 1285 700 en
1307 657 1374 700 las
1395 671 1524 702 cosas
1539 658 1612 703 del
1627 660 1818 704 concilio
1835 669 1993 705 contra

368 752 449 781 sus
466 736 754 794 preuilegios:
775 751 805 792 y
821 735 858 779 si
876 749 982 792 para
999 741 1096 779 esto
1112 748 1161 777 es
1178 740 1402 778 menester
1417 734 1677 779 comunicar
1692 740 1718 779 a
1734 738 1791 781 V.
1812 739 1866 781 R.
1888 739 1993 794 algo

362 816 427 859 >de
448 816 491 858 lo
513 828 601 870 que
622 828 680 870 yo
701 813 865 870 puedo,
882 812 987 868 fiat.
1010 811 1219 868 Algunos
1242 809 1394 855 tienen
1416 810 1667 856 difficultad
1688 827 1746 856 en
1767 814 1871 868 ello;
1897 829 1993 859 mas

369 893 437 935 los
468 890 727 935 canonistas
754 905 782 946 y
805 889 996 933 curiales
1027 902 1087 932 no
1117 888 1160 931 la
1192 886 1366 940 tienen‚
1385 889 1634 943 presertim
1657 890 1990 945 Aldobandino,

362 983 459 1025 que
481 983 529 1012 es
550 969 680 1011 harto
702 966 1011 1022 escrupuloso,
1040 980 1070 1022 y
1091 964 1196 1008 bien
1218 964 1353 1007 docto
1374 979 1404 1020 y
1426 963 1606 1020 xpiano.

459 1048 676 1100 Montoya
696 1047 793 1088 esta
813 1057 954 1100 agora
975 1050 1052 1086 tan
1073 1043 1240 1086 deuoto
1257 1045 1284 1085 ό
1307 1046 1402 1085 mas
1425 1057 1512 1098 que
1533 1057 1699 1087 nunca.
1721 1045 1921 1088 Hablase
1935 1060 1992 1090 en

362 1122 540 1179 quedar
561 1136 647 1165 con
669 1121 710 1164 el
733 1135 904 1165 mesmo
926 1119 1077 1163 officio
1100 1133 1189 1175 que
1216 1122 1337 1162 tenia
1358 1119 1401 1162 la
1423 1126 1521 1163 otra
1541 1133 1646 1163 vez:
1671 1135 1731 1164 no
1752 1123 1802 1164 se
1824 1136 1881 1166 en
1903 1125 1991 1178 que

368 1203 542 1257 parara.
569 1200 678 1242 Esto
699 1199 843 1249 basta,
868 1211 1039 1254 porque
1060 1210 1132 1241 me
1148 1196 1237 1239 dan
1259 1195 1443 1252 priessa.
1473 1197 1590 1250 Vale,
1608 1198 1752 1240 Pater
1767 1197 1990 1242 charissi-

370 1290 458 1329 me,
479 1291 509 1332 y
536 1274 902 1319 encomiendeme
929 1277 955 1316 a
983 1273 1109 1326 Dios,
1135 1287 1224 1328 que
1254 1276 1280 1315 a
1311 1279 1432 1316 ratos
1455 1274 1572 1317 ando
1600 1275 1812 1329 cansado,
1841 1289 1989 1332 y-avn

367 1354 455 1396 mal
478 1352 725 1409 dispuesto.
752 1352 820 1394 De
844 1352 1008 1404 Roma,
1034 1354 1059 1393 a
1088 1361 1142 1393 22
1165 1350 1221 1393 de
1251 1351 1404 1394 Marzo
1432 1351 1556 1404 1567.
1583 1352 1653 1395 De
1676 1352 1732 1395 V.
1759 1353 1814 1395 R.
1839 1351 1990 1396 sieruo

359 1445 428 1474 0en
450 1432 512 1474 X.
526 1431 563 1483 ⁰,

1466 1505 1754 1550 FRAN01sco.

463 1583 701 1639 Inscripiio
722 1583 772 1624 in
794 1585 946 1623 octava
961 1581 1144 1637 pagina
1160 1595 1174 1623 :
1195 1580 1224 1638 †
1241 1581 1301 1624 Al
1323 1581 1461 1624 molto
1483 1582 1595 1624 Rdo.
1622 1580 1667 1624 in
1686 1583 1805 1638 Xpo.
1828 1582 1989 1635 Padre,

366 1661 400 1704 il
423 1662 478 1706 P.
503 1657 767 1704 Hieronimo
789 1658 936 1710 Natal,
961 1656 1177 1701 visitador
1197 1672 1252 1700 en
1275 1657 1342 1701 las
1363 1657 1617 1714 prouincias
1646 1659 1702 1703 de
1735 1658 1993 1716 Alemagna

367 1745 415 1783 et
436 1735 626 1781 Francia
642 1736 757 1780 dela
775 1734 1055 1790 Compagnia
1071 1733 1116 1777 di
1132 1733 1291 1786 Giesu,
1311 1733 1357 1776 in
1379 1733 1614 1790 Herbipoli
1630 1749 1657 1778 o
1674 1735 1792 1780 doue
1810 1734 1847 1779 si
1865 1741 1991 1778 truo-

361 1829 442 1858 =ua.
469 1814 614 1857 Manu
638 1813 696 1855 P.
724 1811 892 1854 Nadal:
916 1823 971 1854 20
992 1810 1048 1854 de
1071 1812 1224 1866 Marco
1246 1811 1316 1865 67.
1354 1811 1603 1868 Vestigium
1627 1812 1788 1869 sigilli.

1124 1921 1229 1962 11⁷1

838 2005 880 2040 s.
906 2003 1237 2040 FRANCIscth
1264 2004 1333 2039 DE
1360 2002 1528 2050 BORJA
1598 2049 1600 2051 ¹

698 2071 910 2115 PATRI
958 2069 1380 2113 HIERONYMO
1427 2069 1668 2114 NADAL

904 2154 1068 2191 ROMAE,
1087 2154 1132 2180 22
1150 2153 1294 2180 MARTu
1314 2144 1403 2190 1567
1424 2144 1450 2181 ¹.

358 2226 401 2252 ⁴t.
427 2216 487 2252 De
501 2212 750 2262 fundatione
773 2211 931 2257 collegii
953 2210 1250 2257 herbipolensis:
1273 2211 1319 2245 de
1343 2210 1634 2246 conditionibus
1658 2212 1702 2247 in
1725 2212 1990 2248 contractibus

464 2266 775 2321 fundationum,
797 2270 1024 2317 generatim
1035 2296 1043 2305 .
1061 2279 1138 2305 -2.
1161 2269 1221 2305 De
1238 2269 1399 2316 collegii
1413 2271 1604 2317 spirensis
1621 2271 1890 2308 institutione.

461 2365 498 2396 1.
557 2351 656 2408 Jhs.
684 2347 824 2391 Molto
848 2347 960 2389 Rdo.
986 2346 1034 2388 in
1055 2348 1175 2403 Xpo.
1202 2346 1366 2390 Padre.
1399 2348 1497 2390 Pax
1519 2347 1706 2392 Christi.
1733 2348 1782 2394 Si
1813 2348 1837 2393 ὲ
1866 2348 1985 2394 rice·
2016 2328 2020 2329 ⁷

365 2436 477 2472 uuto
499 2427 526 2470 Γ
544 2427 841 2469 instromento
864 2423 936 2467 del
958 2424 1087 2467 Rmo.
1107 2436 1306 2467 vescouo
1323 2423 1641 2480 herbipolense
1657 2439 1793 2482 sopra
1814 2426 1859 2468 la
1876 2426 1983 2469 sun-

352 2504 549 2548 *datione
569 2503 642 2546 del
664 2499 855 2556 collegio
887 2500 931 2542 di
959 2499 1211 2556 Herbipoli,
1242 2505 1287 2543 et
1314 2514 1396 2556 per
1422 2500 1665 2545 occasione
1696 2501 1742 2545 di
1763 2502 1912 2557 quella
1943 2502 1980 2546 si

355 2582 387 2626 «ὲ
409 2587 597 2624 trattato
618 2577 957 2635 generalmente
979 2577 1050 2620 del
1067 2577 1202 2619 modo
1223 2576 1269 2619 di
1286 2577 1355 2619 far
1376 2577 1418 2621 le
1439 2577 1706 2634 obligationi
1723 2579 1811 2623 che
1827 2579 1982 2622 alcuni

435 2724 456 2746 a
493 2717 605 2763 Quae
626 2717 839 2761 sequuntur
865 2723 986 2759 usque
1005 2712 1053 2747 ad
1075 2711 1192 2748 finem
1223 2711 1411 2759 epistolae
1441 2718 1531 2749 sunt
1548 2715 1879 2761 autographa.-b
1899 2715 1985 2752 Hoc

356 2777 476 2812 verb.
496 2775 535 2810 in
555 2785 680 2820 marg.
702 2771 856 2818 scripsit
875 2770 958 2817 ipse
976 2772 1133 2817 Borgia.

438 2879 447 2898 ¹
498 2876 556 2911 Ex
573 2874 798 2920 archetypo,
822 2870 861 2906 in
888 2869 984 2907 Cod.
1016 2881 1079 2917 34,
1103 2871 1248 2919 duplici
1270 2871 1354 2918 fol„
1382 2880 1448 2918 199
1472 2871 1546 2918 (90,
1571 2875 1651 2919 91).
1680 2873 1922 2922 Subscriptio
1940 2879 1981 2911 et

363 2940 450 2981 post
467 2933 652 2980 scriptum
670 2932 718 2967 ab
741 2930 816 2967 inis
841 2929 990 2965 verbis:
1023 2931 1077 2966 Yo
1094 2931 1226 2966 hablo.
1240 2956 1249 2966 .
1264 2957 1272 2967 .
1296 2930 1460 2977 Borgiae
1476 2942 1594 2981 ⁴,manu
1619 2938 1775 2968 exarata
1792 2929 1897 2981 su'nt‚
1914 2933 1983 2981 qui

349 2992 489 3040 >aliqua
503 2992 620 3028 etiam
635 2991 734 3027 inter
751 2988 968 3036 epistolam,
983 2988 1143 3034 addidit,
1158 2995 1201 3025 ut
1218 2989 1371 3037 proprio
1389 2990 1474 3026 loco
1492 2990 1728 3027 notabimus.
1749 2991 1848 3028 Vide
1863 2991 1978 3040 epist.
2032 3005 2036 3007 “

355 3052 445 3097 ⁷456,
464 3064 507 3087 n.
529 3051 565 3095 63
585 3051 669 3096 462,
686 3061 728 3085 n.
753 3057 788 3093 23
807 3047 889 3093 464,
909 3059 948 3083 n.
965 3048 1001 3091 63
1021 3053 1061 3083 et
1078 3048 1242 3095 append.
1263 3049 1389 3093 XVII,
1407 3049 1549 3091 XXIV,
1570 3055 1610 3085 et
1627 3049 1775 3088 XXXI.
