2228 3548
927 280 953 316 4
976 270 1083 315 Mn!
1108 270 1206 318 1566
1794 282 1837 322 9Ῑ

241 370 580 429 praeiudicetur
602 371 686 416 toti
708 372 902 417 concilio
924 372 1190 428 tridentino,
1213 380 1262 418 et
1289 385 1347 420 ex
1367 375 1668 432 consequenti
1688 376 1892 434 partica·

241 448 395 494 lariter
415 449 712 507 dogmatibus
731 449 967 494 eiusdem?

332 527 471 584 Resp.
536 527 766 583 Quoniam
788 528 847 574 de
867 528 1107 573 catholicis
1124 529 1375 586 quaeritur,
1394 529 1457 584 hi,
1482 530 1659 576 etiamsi
1680 542 1889 577 recessus

241 603 317 648 ille
337 603 582 661 imperialis
617 604 725 649 anni
762 615 873 661 1555
901 620 1024 650 nunc
1060 605 1226 651 iterum
1261 608 1624 661 confirmaretur,
1663 623 1813 666 neque
1834 601 1888 652 'in

243 680 508 736 uniuersali,
527 696 682 739 neque·
694 682 740 726 in
756 683 1034 740 particulari,
1053 683 1347 741 dogmatibus
1362 684 1541 742 concilij
1563 685 1814 740 tridentini,
1831 687 1890 731 ad

242 758 378 802 fidem
400 758 573 803 scilicet
594 759 944 816 pertinentibus,
967 767 1123 818 aperte
1143 760 1455 818 praeiudicare
1482 762 1764 809 viderentur.
1791 764 1886 810 Ve-

240 850 357 890 rum,
376 836 415 880 si
430 837 554 880 nulla
570 836 707 880 huius
724 837 902 894 concilij
922 837 1094 883 mentio
1110 838 1185 884 uel
1201 839 1425 895 professio
1447 854 1475 883 a
1496 840 1732 884 catholicis
1754 840 1886 885 stati»

240 913 328 957 bus
355 914 491 958 modo
518 914 613 967 fiat,
648 922 772 960 certe
803 914 852 958 in
887 915 1153 961 uniuersum
1191 916 1385 960 concilio
1421 917 1750 974 praeiudicium
1785 918 1884 964 fieri

237 1004 406 1048 magna
426 998 496 1036 est
517 990 725 1048 suspitio,
747 998 885 1048 atque
907 992 1234 1050 praesumptiO,
1257 994 1381 1050 quod
1397 1004 1479 1050 per
1500 1009 1789 1052 consequens
1806 995 1886 1040 fiet

242 1067 593 1125 particularibus
614 1068 750 1114 etiam
772 1069 1079 1127 dogmatibus.

911 1201 967 1236 2.¹
992 1209 1205 1244 QUARsrio

326 1303 403 1346 An
425 1303 677 1358 acceptatio
694 1302 874 1360 concilij
899 1301 1132 1349 tridentini
1154 1302 1214 1347 sit
1235 1303 1511 1348 necessaria?

270 1404 273 1408 ν
325 1380 460 1436 Resp.
518 1380 742 1437 Expressa
758 1380 896 1425 huius
911 1380 1089 1437 concilij
1108 1381 1378 1438 acceptatio,
1398 1380 1498 1425 siue
1520 1382 1566 1425 in
1582 1382 1679 1438 ipso
1695 1396 1876 1428 recessu

234 1455 528 1513 exprimatur,
552 1457 651 1503 siue
681 1458 805 1512 alibi5
829 1458 1034 1516 insignes
1066 1457 1286 1503 utilitates
1307 1459 1521 1512 adferret,
1546 1473 1599 1503 ac
1622 1461 1878 1505 necessaria

232 1547 416 1590 quoque
442 1533 674 1580 videretur
701 1536 759 1579 ad
796 1535 1094 1593 suspitionem
1123 1542 1168 1581 et
1196 1535 1612 1593 praesumptionem
1642 1536 1787 1590 illam,
1819 1539 1877 1583 de

216 1622 323 1666 una
344 1610 517 1655 dictum
537 1618 624 1665 est,
653 1611 932 1666 euitandam,
958 1620 1099 1669 utque
1122 1613 1299 1657 nullum
1326 1613 1519 1657 concilio
1547 1613 1876 1671 praeiudicium

234 1686 332 1731 fieri
355 1687 604 1733 uideretur.-

903 1819 960 1857 3.·
985 1828 1199 1864 Quasi-10

324 1921 401 1964 An
423 1921 652 1966 sufficeret
673 1921 851 1979 concilij
876 1922 1151 1967 mentionem
1173 1922 1287 1976 fieri,
1321 1930 1368 1968 et
1394 1923 1474 1967 ubi
1502 1923 1592 1977 illa,
1624 1925 1808 1981 quando
1829 1932 1876 1971 et

234 1995 400 2052 quibus
421 1997 575 2042 uerbis
597 1998 824 2044 facienda?

318 2075 455 2131 Resp.
511 2076 710 2131 Quando
724 2091 750 2120 a
764 2076 959 2120 statibus
975 2076 1210 2121 catholicis
1224 2078 1328 2130 hoc,
1342 2078 1466 2134 quod
1481 2077 1701 2134 optimum
1716 2086 1762 2124 et
1779 2094 1874 2123 ma-

228 2149 348 2193 xime
370 2153 629 2208 urgendum
651 2159 736 2205 est,
761 2153 956 2197 obtineri
978 2167 1070 2197 non
1093 2160 1262 2210 posset,
1288 2161 1339 2197 ut
1360 2154 1406 2198 in
1429 2154 1527 2212 ipso
1550 2169 1734 2199 recessu
1758 2156 1872 2200 libe-

226 2241 321 2270 ram
343 2234 390 2271 et
410 2235 612 2284 apertam
634 2229 961 2285 professionem
991 2229 1159 2275 faciant
1185 2230 1242 2275 de
1264 2231 1556 2288 acceptandis
1577 2232 1872 2289 dogmatibus

228 2303 405 2361 concilij
429 2304 677 2362 tridentinj,
712 2307 872 2351 saltem
904 2322 959 2352 eo
980 2307 1228 2352 inducendi
1262 2306 1493 2362 videntur,
1531 2316 1580 2352 ut
1605 2308 1756 2353 uerbis
1778 2324 1870 2354 non

191 2440 193 2443 Ι
230 2381 436 2425 obscuris
457 2381 566 2426 dicti
594 2382 771 2439 concilij
801 2384 1019 2440 dogmata
1045 2399 1096 2429 se
1122 2385 1323 2441 profiteri
1350 2392 1396 2431 et
1418 2386 1687 2430 confirmare
1716 2387 1870 2431 decla-

232 2465 346 2502 rent.
373 2460 423 2502 Id
445 2467 598 2504 autem
620 2459 718 2505 fieri
740 2459 907 2517 poterit
928 2460 1046 2505 inter
1067 2460 1294 2518 principes
1314 2462 1512 2520 publice,
1538 2463 1612 2507 uel
1641 2462 1685 2505 in
1719 2462 1871 2519 aliqua

234 2536 594 2594 congregatione
629 2544 831 2581 statuum
868 2538 1211 2591 catholicorum,
1251 2540 1327 2584 uel
1362 2547 1503 2593 certe,
1541 2539 1580 2583 si
1612 2540 1742 2584 aliter
1770 2540 1872 2584 fieri

228 2613 354 2656 nulla
394 2613 569 2658 ratione
598 2622 766 2671 potest,
798 2615 916 2660 inter
942 2629 1128 2672 paucos,
1155 2616 1230 2659 uel
1256 2619 1377 2674 apud
1407 2618 1511 2660 Ill.¹¹¹
1544 2619 1603 2661 D.
1646 2617 1865 2674 legatum.

229 2679 395 2734 Modus
417 2704 528 2735 uero
552 2691 756 2737 adhiberi
777 2691 964 2749 poterit,
989 2707 1096 2748 quo,
1121 2699 1168 2737 et
1189 2693 1374 2739 minime
1395 2695 1684 2738 offendantur
1706 2695 1869 2739 haere-

224 2765 320 2820 tici,
343 2773 389 2811 et
411 2768 622 2812 catholici
647 2784 777 2813 suam
799 2769 935 2813 fidem
957 2764 1159 2826 profiteri
1179 2785 1272 2814 non
1293 2771 1518 2816 omittant.
1542 2773 1599 2814 Et
1617 2773 1734 2815 forte
1755 2771 1870 2815 satis

221 2857 322 2888 esse
345 2843 592 2899 uidebitur,
617 2846 656 2890 si
679 2846 901 2900 dicerent,
926 2861 976 2891 se
997 2845 1199 2903 profiteri
1220 2861 1274 2892 ac
1295 2849 1413 2892 uelle
1435 2848 1612 2904 concilij
1634 2847 1868 2893 tridentini

222 2921 438 2977 dogmata
465 2937 650 2968 manere
687 2938 767 2980 per
803 2923 955 2967 omnia
988 2923 1116 2967 salua
1143 2930 1281 2981 atque
1316 2923 1512 2982 integra,
1545 2939 1694 2982 neque
1723 2939 1773 2970 se
1810 2926 1870 2969 ab

223 2995 344 3041 illius
370 2998 461 3042 fide
481 3006 528 3042 et
554 3000 762 3045 doctrina
785 3015 886 3046 esse
907 2998 1203 3045 discessuros.
1235 3002 1392 3058 anue
1418 3002 1658 3059 professio,
1690 3003 1764 3045 uel
1787 3016 1870 3058 per

220 3072 575 3122 instrumentum
590 3077 839 3135 publicum,
860 3075 934 3123 uel
950 3090 1030 3136 per
1045 3078 1266 3136 scriptum
1281 3079 1592 3138 praesentium
1608 3078 1866 3137 principum
