2228 3548
1002 295 1223 332 APPEND1X
1805 293 1878 341 773

281 397 544 442 conseruari
567 398 745 454 poterit:
770 398 884 442 adeo
904 397 1018 454 petit
1034 405 1080 441 et
1102 405 1234 455 rogat
1254 398 1431 452 sedulo,
1452 404 1501 440 ut
1517 403 1782 454 susceptum
1805 411 1924 440 onus

281 458 497 513 deponat.
523 459 620 501 Nec
643 458 751 500 satis
772 459 1031 501 consultum
1055 458 1190 502 fuerit
1212 457 1407 500 inuitum
1430 456 1556 500 illum
1579 458 1667 500 hoc
1689 457 1789 500 loco
1809 456 1919 501 reti—

283 531 408 561 nere.
431 517 587 561 Monui
609 519 694 560 hac
715 517 772 560 de
794 532 842 560 re
865 519 1046 560 Patrem
1068 516 1348 560 visitatorem
1369 531 1450 573 per
1470 517 1639 568 literas,
1660 523 1706 558 et
1723 517 1919 559 monebo

287 576 474 628 iterum,
505 591 609 619 cum
638 576 819 620 redierit
845 576 964 620 idem
994 592 1050 621 ex
1079 576 1266 619 Austria
1288 576 1622 632 Oenipontum,
1647 575 1724 618 vbi
1749 577 1802 618 P.
1829 576 1919 619 La-

289 635 442 678 noium
460 644 679 679 rectorem
697 636 794 680 fore
811 650 1061 692 speramus,
1086 643 1138 678 ut
1157 635 1293 679 variis
1315 634 1665 687 tentationibus,
1690 649 1806 689 quae
1828 634 1919 678 illic

282 694 479 739 subinde
501 710 600 740 sese
629 697 842 751 produnt,
868 696 1006 739 finem
1036 695 1336 751 imponamus.
1368 694 1592 738 Dominus
1621 694 1916 739 nobiscum...

1038 844 1168 887 XXII

731 931 1178 970 CHRISTOPHORUS
1204 931 1467 968 ZIGLERUS

656 1029 868 1061 SANCTO
911 1029 1224 1060 FRANCISCO
1267 1030 1338 1059 DE
1381 1029 1556 1069 BORJA

741 1111 971 1169 Dilingae,
994 1125 1044 1167 31
1067 1110 1271 1168 Augusti
1295 1111 1405 1166 1566
1427 1112 1454 1154 ¹.

915 1205 1089 1242 Litterae
1107 1217 1283 1241 annuae.

452 1291 570 1333 Vota
593 1290 662 1333 bis
684 1291 770 1333 hoc
791 1304 911 1334 anno
939 1304 1020 1346 pro
1051 1303 1176 1334 more
1203 1295 1497 1339 renouatum,
1523 1288 1708 1344 praeuia
1735 1288 1915 1332 confes-

282 1348 410 1392 sione
431 1349 646 1405 generali,
667 1357 713 1392 et
730 1349 815 1406 piis
830 1349 927 1393 aliis
943 1349 1182 1392 exercitiis.
1203 1347 1446 1392 Posteriori
1463 1347 1758 1391 renouatione
1775 1348 1915 1392 inter-

283 1408 367 1451 fuit
390 1410 443 1451 R.
466 1410 519 1451 P.
540 1408 730 1462 Natalis,
750 1408 1083 1465 prouinciarum
1101 1407 1463 1465 germanicarum
1481 1407 1700 1458 visitator,
1720 1407 1798 1462 qui
1814 1421 1911 1451 cre-

279 1467 395 1520 bris,
422 1467 567 1523 iisque
590 1468 935 1513 feruentissimis
956 1467 1348 1511 exhortationibus
1368 1466 1555 1510 mirifice
1583 1466 1786 1509 omnium
1814 1466 1914 1510 ani-

278 1541 375 1570 mos
405 1528 463 1570 ad
484 1528 790 1583 nuncupanda
812 1527 996 1571 Christo
1018 1526 1091 1582 pia
1110 1534 1217 1570 vota
1233 1525 1386 1570 multis
1407 1525 1571 1571 diebus
1597 1525 1910 1578 inflammauit,

274 1586 354 1641 qui
378 1585 660 1642 singulorum
683 1586 819 1631 etiam
841 1587 1079 1643 generales
1101 1587 1279 1642 excepit
1299 1585 1625 1639 confessiones,
1645 1600 1812 1642 magna
1829 1599 1914 1628 no-

274 1655 371 1689 stra
392 1645 438 1688 in
456 1646 652 1690 Domino
673 1646 1034 1690 consolatione...

1021 1795 1171 1839 XXIII

799 1883 1068 1921 HENRICUS
1087 1883 1392 1921 BLISSEMIUS

650 1981 867 2013 SANc’ro
904 1980 1218 2012 FRANC1SCO
1255 1980 1324 2012 DE
1366 1980 1540 2021 BORJA

713 2065 905 2119 Pragae,
936 2074 985 2105 12
1004 2061 1284 2118 Septembris
1311 2063 1422 2118 1566
1444 2064 1476 2106 ⁸.

719 2138 723 2143 ⁴
911 2156 1085 2192 Litterae
1103 2167 1278 2193 annuae.

365 2244 415 2284 ..ἵ
442 2241 579 2283 Hunc
601 2241 790 2283 fratrum
814 2240 1038 2284 feruorem
1060 2239 1303 2295 plurimum
1331 2240 1458 2284 auxit
1485 2240 1590 2283 bina
1614 2246 1820 2282 votorum
1854 2253 1908 2282 ac

271 2299 474 2355 religiosi
495 2299 678 2355 spiritus
699 2299 953 2350 innouatio,
979 2314 1096 2355 quae
1117 2313 1226 2343 sane
1253 2299 1450 2343 maxima
1468 2299 1675 2343 omnium
1698 2298 1907 2342 consola-

275 2359 396 2401 tione
417 2358 543 2401 iuxta
565 2358 808 2403 Societatis
828 2372 997 2402 morem
1017 2365 1243 2402 transacta
1263 2368 1348 2411 est,
1367 2368 1417 2402 vt
1434 2359 1545 2402 nihil
1562 2359 1707 2402 dicam
1725 2358 1782 2400 de
1798 2371 1907 2414 gra—

206 2444 209 2445 ν
277 2418 447 2461 tissima
469 2417 726 2460 visitatione
749 2417 849 2461 Rdi.
876 2419 929 2460 P.
956 2417 1145 2470 Natalis,
1168 2417 1246 2473 qui
1266 2418 1503 2462 nobiscum
1527 2419 1670 2470 adest,
1695 2424 1740 2462 et
1763 2416 1907 2459 modis

276 2477 485 2520 omnibus
512 2478 598 2519 hoc
625 2476 866 2532 collegium
894 2476 1044 2529 iuuat,
1070 2477 1191 2532 quod
1218 2485 1394 2527 mouet,
1419 2477 1621 2529 ordinat,
1647 2476 1821 2532 perficit
1852 2489 1906 2518 ac

275 2551 358 2580 nos
379 2535 524 2578 doctis
545 2549 597 2579 ac
620 2535 780 2580 zelosis
799 2535 1190 2579 exhortationibus
1204 2536 1406 2592 quotidie
1427 2537 1702 2587 consolatur,
1724 2534 1906 2578 instruit

270 2603 319 2640 et
345 2595 605 2649 confirmat,
630 2594 893 2651 praesertim
914 2594 960 2637 in
981 2594 1052 2647 iis,
1088 2609 1205 2651 quae
1235 2603 1415 2640 nostrae
1442 2595 1692 2638 vocationis
1724 2593 1904 2650 propria

274 2654 455 2709 quidem
478 2660 600 2706 sunt,
625 2654 704 2698 sed
726 2668 753 2696 a
774 2654 930 2710 paucis
951 2653 1049 2697 aliis
1080 2669 1133 2698 ac
1165 2668 1281 2707 raro,
1306 2656 1429 2711 quod
1461 2656 1622 2705 sciam,
1654 2654 1716 2696 ita
1744 2653 1900 2704 solide,

272 2713 480 2764 fideliter,
501 2719 547 2757 et
568 2726 672 2755 cum
690 2719 816 2756 tanto
834 2713 1024 2756 fratrum
1047 2713 1208 2757 solatio
1223 2715 1510 2758 traduntur...
1534 2714 1619 2757 His
1634 2713 1796 2757 diebus
1814 2719 1904 2755 tres

267 2772 475 2828 insignes
497 2771 656 2814 nouitii
679 2772 857 2815 Vienna
878 2771 1003 2815 missi
1030 2779 1137 2815 sunt
1165 2774 1223 2816 ad
1249 2773 1527 2830 probationis
1555 2774 1761 2823 domum,
1786 2785 1904 2827 quae

267 2845 394 2874 nunc
411 2846 437 2874 a
452 2832 587 2874 Patre
603 2830 912 2874 commissario
927 2831 992 2874 sic
1008 2831 1188 2876 videtur
1204 2832 1442 2886 instructa,
1457 2840 1507 2875 ut
1520 2846 1731 2888 magnam
1747 2829 1903 2886 magni

268 2891 449 2934 fructus
470 2904 596 2945 spem
620 2890 754 2933 nobis
774 2890 1058 2946 polliceatur.

346 3020 355 3039 ¹
408 3020 466 3054 Ex
488 3018 582 3054 Cod.
604 3029 655 3064 29
666 3019 727 3066 f),
747 3028 817 3055 212
834 3021 953 3065 (117).
978 3019 1079 3056 Vide
1097 3032 1187 3067 pag.
1204 3020 1265 3058 63.

345 3081 359 3100 ²
410 3078 468 3113 Ex
489 3077 589 3114 Cod.
612 3078 732 3126 29f),
753 3078 795 3114 81
816 3078 931 3124 (187).
