2228 3548
1908 0 1924 8 Ὗ
1946 0 2030 34 ’νηΐ

2020 22 2024 33 ,
2046 20 2053 26 .

423 284 495 331 466
941 280 1080 316 ΕΡι5Τ.
1108 277 1152 314 P.
1183 277 1451 323 NADAL-481

374 385 528 430 dorico
553 382 753 437 Canisio,
779 396 837 426 en
859 381 902 425 el
924 382 1085 425 Rheno
1108 381 1224 427 Mro.
1250 379 1488 424 Leonardo
1516 379 1689 425 Kessel.
1711 380 1760 424 Io
1786 378 1831 423 ia
1859 392 1919 423 no
1950 377 2020 422 los

373 465 430 506 he
452 460 748 511 nombrados,
768 458 947 515 partim
977 471 1060 514 por
1080 457 1125 500 lo
1147 455 1298 510 dicho,
1316 457 1496 513 partim
1521 455 1633 517 [por]
1654 471 1747 501 non
1769 463 1911 500 temer
1932 469 2017 500 ne-

373 537 594 591 cessidad,
613 537 793 592 partim
815 548 990 592 porque
1013 533 1138 577 dudo
1170 535 1256 577 che
1277 540 1377 579 esto
1406 548 1466 578 no
1489 548 1568 579 sea
1597 540 1619 562 *
1647 537 1745 578 mas
1770 532 1951 578 laxidad
1983 547 2014 588 y

375 615 611 667 occasion,
649 620 758 666 etc.,
789 613 967 670 partim
999 626 1083 670 por
1112 625 1319 656 reseruar
1345 611 1389 655 13
1416 611 1700 656 nomination
1726 615 1753 656 3
1780 612 1839 656 V.
1871 612 1925 655 P.
1959 610 2012 654 El

371 693 518 738 Sefior
539 706 616 736 sea
637 705 728 734 con
752 695 983 734 nosotros.
1014 689 1114 733 Ora
1127 693 1219 745 pro
1246 702 1331 743 me,
1354 690 1516 734 Pater.
1542 691 1612 733 De
1636 687 1866 742 Treueris,
1898 689 1927 732 6
1953 687 2011 733 de

373 769 493 814 Maio
522 769 648 824 1567.
677 769 735 811 D.
763 768 822 811 V.
850 769 904 811 P.
930 780 1065 812 seruo
1086 780 1142 810 en
1167 764 1270 819 X.⁰,

1466 849 1496 908 †
1527 851 1715 967 ΝΑιἹίΑι.
1749 849 1780 908 †

464 1003 539 1047 Un
561 1002 780 1046 hermano
804 1006 1007 1054 nuestro,
1027 999 1192 1044 manda
1213 999 1256 1043 el
1279 1000 1332 1043 P.
1354 1000 1565 1053 Costero,
1585 1002 1734 1056 segi'm
1756 1013 1830 1045 me
1849 999 1965 1053 dize,
1990 1003 2018 1043 3

375 1080 536 1132 Roma,
562 1078 605 1123 el
625 1078 732 1134 qual
754 1077 797 1121 io
818 1092 879 1121 no
893 1077 914 1104 b
934 1078 992 1121 he
1014 1076 1205 1133 querido
1227 1083 1406 1122 retener
1428 1091 1486 1121 en
1513 1082 1635 1120 estas
1656 1075 1942 1133 prouincias,
1967 1075 2015 1120 ni

375 1172 433 1202 en
455 1156 517 1200 mi
539 1157 729 1200 nombre
752 1156 941 1199 mandas
962 1159 989 1198 3
1010 1156 1172 1199 Roma.
1194 1156 1266 1200 No
1287 1156 1346 1200 he
1369 1154 1555 1211 querido
1577 1153 1624 1198 ni
1641 1153 1807 1198 deuido
1822 1152 2014 1211 impedir

375 1249 467 1291 que
489 1234 532 1278 el
554 1233 796 1277 mandasse
818 1237 844 1276 a
865 1234 922 1277 V.
951 1235 1004 1276 P.
1028 1238 1046 1260 ⁰
1101 1245 1105 1250 ’
1876 1272 1880 1276 ,

459 1313 656 1370 Jhus.—
673 1309 849 1355 Soli.—
867 1310 1037 1363 Padre,
1068 1311 1129 1353 ho
1156 1308 1423 1354 conosciuto
1448 1310 1522 1354 nel
1552 1311 1604 1354 Ρ.
1631 1309 1838 1354 Oliuerio
1859 1310 1871 1332 ¹
1895 1308 2012 1354 assai

375 1387 722 1447 pusillanimita,
748 1394 794 1432 et
823 1386 998 1440 timore,
1024 1394 1132 1440 etc.‚
1163 1400 1246 1444 per
1262 1401 1454 1444 pensare
1470 1388 1556 1432 che
1571 1387 1615 1430 13
1632 1388 1685 1431 P.
1711 1388 1770 1432 V.
1795 1402 1887 1431 non
1903 1386 1935 1430 li
1956 1386 2014 1431 da

375 1465 565 1519 credito,
592 1472 637 1509 et
660 1466 748 1509 che
769 1464 899 1521 pensi
921 1466 1006 1510 che
1026 1464 1090 1508 lui
1117 1466 1177 1509 ha
1203 1464 1344 1509 leuati
1373 1463 1499 1508 molti
1530 1464 1735 1522 soggetti
1761 1465 1881 1509 dalla
1909 1479 2015 1522 pro-

376 1542 528 1586 uincia
565 1542 611 1585 d’
638 1541 906 1598 Aquitania,
938 1542 982 1584 d'
1007 1542 1038 1585 il
1065 1544 1151 1586 che
1178 1541 1243 1585 lui
1269 1543 1328 1585 m’
1354 1543 1412 1585 ha
1433 1542 1539 1585 data
1565 1541 1700 1599 piena
1737 1542 1960 1599 raggione
1990 1557 2017 1586 a

374 1634 447 1665 me
466 1619 487 1647 d
500 1654 510 1674 ,
536 1626 581 1664 et
598 1619 659 1662 mi
677 1618 778 1662 dice
795 1618 932 1664 esser'
950 1619 980 1663 il
997 1619 1239 1663 contrario:
1260 1618 1363 1662 anzi
1384 1620 1442 1664 ha
1464 1618 1652 1673 aiutato,
1677 1626 1766 1664 ete.
1792 1619 2016 1665 Desidero

374 1698 524 1743 chela
547 1699 599 1741 P.
632 1698 689 1741 V.
722 1696 754 1739 li
786 1696 935 1741 soriua
963 1696 1359 1754 particolarmente
1386 1697 1491 1750 soli,
1513 1696 1695 1740 dandoli
1723 1697 1890 1750 animo,
1921 1704 2010 1741 etc.

375 1777 517 1820 Teme
539 1777 623 1818 che
645 1789 738 1818 non
760 1774 825 1818 sia
848 1774 923 1831 pin
948 1774 1142 1819 fauorito
1175 1774 1217 1819 13
1239 1774 1270 1818 il
1294 1777 1346 1820 P.
1374 1774 1583 1818 Emundo
1602 1775 1635 1828 ⁸,
1660 1773 1706 1818 di
1727 1774 1807 1828 lui3
1833 1778 1873 1818 et
1895 1775 2014 1832 quod

373 1852 567 1895 obtineat
587 1851 616 1894 l’
643 1851 961 1896 informatione
983 1853 1068 1896 che
1091 1854 1205 1896 Mro.
1233 1851 1442 1895 Emundo
1458 1851 1562 1895 dete
1583 1851 1642 1905 13,
1663 1858 1709 1896 et
1731 1867 1822 1896 non
1845 1853 1888 1896 13
1908 1866 2008 1908 533,

375 1930 434 1973 ne
456 1929 606 1984 quella
627 1928 672 1971 di
695 1930 811 1973 Mro.
837 1929 989 1973 Guido
1012 1931 1044 1973 ⁵.

464 2006 711 2062 Inscripiio
733 2021 762 2048 a
784 2009 927 2063 tergo,
950 2021 1093 2050 manu
1116 2007 1331 2051 Natalis:
1359 2006 1388 2065 †
1411 2007 1537 2052 Patri
1564 2014 1735 2052 nostro.
1767 2007 1878 2054 Soli.
1905 2008 2012 2052 Alia

375 2097 519 2126 manu
537 2099 551 2126 .·
578 2084 705 2139 1567.
729 2084 943 2128 Treuere.
967 2086 1019 2128 Ρ.
1041 2084 1218 2129 Natale.
1245 2085 1273 2128 6
1288 2084 1345 2129 de
1369 2085 1576 2143 Maggio.
1602 2086 1710 2130 Alia
1726 2101 1740 2128 .·
1761 2086 1806 2129 b.
1827 2100 1866 2142 p.
1887 2100 1928 2130 e.
1950 2100 2011 2131 m.

447 2241 467 2262 a
511 2232 772 2269 Emendatum
786 2232 835 2268 ab
850 2232 933 2279 ipso
953 2233 1005 2269 N.
1027 2244 1076 2269 ex
1096 2233 1205 2269 dudo
1222 2233 1259 2268 si
1275 2236 1356 2269 esto
1372 2234 1549 2270 seret—b
1564 2234 1648 2270 Hoc
1666 2234 1775 2270 verb.
1798 2233 1946 2270 addidit
1963 2234 2013 2270 N.

376 2304 493 2340 supra
510 2298 685 2329 vers.—c
703 2293 817 2339 Quae
833 2297 1062 2338 sequuntur,
1079 2303 1203 2340 usque
1221 2291 1271 2328 ad
1287 2291 1422 2339 finem,
1437 2297 1528 2329 sunt
1543 2304 1658 2329 manu
1676 2293 1855 2340 Jimenez
1872 2293 2016 2342 scripta

375 2354 415 2389 in
432 2363 552 2400 parva
576 2350 735 2397 scheda,
756 2350 1000 2397 agglutinata
1024 2351 1172 2399 primae
1198 2351 1364 2399 paginae
1387 2351 1493 2388 unici
1517 2351 1601 2388 folii
1623 2351 1738 2399 hujus
1761 2353 2015 2400 epistolae.—

375 2413 395 2440 d
421 2413 534 2459 Quae
552 2415 770 2458 sequuntur
788 2421 911 2457 usque
927 2410 974 2446 ad
991 2412 1150 2447 aiutato
1167 2413 1239 2447 etc.
1254 2410 1344 2447 incl.
1361 2410 1510 2448 addidit
1527 2411 1614 2448 libr.
1631 2412 1671 2448 in
1688 2423 1809 2459 marg.
1830 2411 2012 2449 schedae.

448 2549 458 2570 ¹
510 2549 730 2594 Manareus,
751 2545 1000 2594 provincialis
1019 2547 1220 2585 Franciae.

446 2610 461 2630 ³
512 2607 662 2654 Auget,
681 2604 930 2653 provincialis
950 2606 1203 2654 Aquitaniae.

445 2667 460 2688 ³
511 2666 641 2704 Guido
665 2665 817 2702 Roilet.
