2228 3548
823 321 870 359 29
894 312 1143 349 Dsscmfflms
1172 318 1262 357 1575
1740 318 1814 357 707

206 412 340 458 dine.
366 414 430 458 Mi
452 415 652 470 sforcaro
673 428 760 458 con
781 414 825 457 13
847 413 994 471 gratia
1014 413 1089 458 del
1109 412 1280 470 Signor
1302 413 1388 458 che
1409 413 1452 457 13
1474 427 1583 456 6053
1611 412 1648 456 51
1678 408 1862 470 negocii

209 491 264 534 -31
284 490 463 548 miglior
490 493 574 535 che
605 491 643 535 si
664 506 813 548 possa,
846 505 939 535 non
975 488 1237 534 fidando'di
1263 490 1355 534 mio
1391 490 1608 548 giudicio.
1641 491 1789 547 Spero
1813 490 1861 534 in

212 574 386 625 questa
407 568 764 625 congregatione
786 569 887 626 (che
907 581 1037 612 come
1057 570 1191 624 sapra
1208 568 1251 612 la
1274 570 1327 612 P.
1360 569 1418 612 V.
1451 568 1489 612 si
1511 570 1608 612 fara
1634 567 1682 611 in
1704 569 1863 624 Ispruc

226 655 331 689 a⁰12
354 645 400 688 di
421 646 652 702 Gennaro)
676 647 734 690 da
755 660 864 690 vero
885 644 1192 691 communicat
1213 659 1300 688 con
1328 644 1393 702 gli
1421 645 1558 689 Padri
1585 647 1671 689 che
1698 645 1760 688 mi
1780 660 1864 702 pa—

228 738 421 767 reranno
442 722 520 780 piu
557 724 599 767 31
629 723 878 780 proposito,
908 730 955 766 et
981 722 1145 779 pigliar
1171 723 1342 779 alguna
1366 722 1662 776 resolutione3
1695 724 1863 780 perche

214 815 421 844 -saranno
448 807 619 846 venute
647 802 690 845 16
717 815 910 846 censure
937 800 1011 845 del
1031 802 1113 844 Dr.
1146 801 1312 844 Torres
1333 807 1380 843 et
1400 801 1483 844 Dr.
1508 800 1737 858 Gregorio
1764 802 1793 854 ¹3
1818 815 1864 845 e.

222 878 299 923 del
316 885 435 921 tutto
452 877 642 922 scriuiro
659 878 746 922 alla
769 880 822 922 P.
849 879 910 922 V.
941 877 1040 922 Ε113
1061 877 1188 934 sappi
1210 879 1294 921 che
1316 878 1390 920 dal
1413 877 1502 921 mio
1525 884 1660 921 canto
1688 893 1781 922 non
1803 879 1865 922 ho

215 967 430 999 ⁴verunna
450 955 743 1000 inclinatione
764 956 849 999 che
870 955 914 999 13
935 968 1044 998 6053
1066 955 1214 998 vadda
1235 954 1282 997 in
1302 954 1421 1007 luce,
1441 955 1539 998 ansi
1556 955 1633 1012 piu
1653 962 1774 999 tosto
1791 971 1865 1000 re-

227 1032 372 1089 fugio,
398 1047 471 1076 ma
494 1033 643 1088 quello
665 1034 751 1077 che
782 1033 844 1076 ho
876 1031 1015 1076 561110
1048 1038 1069 1059 ²
1095 1046 1122 1075 a
1143 1033 1197 1076 V.
1225 1033 1277 1075 P.
1312 1033 1372 1075 ho
1396 1032 1508 1075 fatto
1538 1033 1816 1088 forcandomi
1838 1048 1865 1077 a

225 1123 316 1152 non
339 1124 522 1153 mancat
543 1124 569 1153 3
586 1110 737 1166 quello
759 1110 843 1153 che
865 1109 990 1164 forca
1011 1107 1156 1166 potria
1176 1123 1300 1152 esser
1321 1108 1491 1163 debito;
1517 1117 1562 1153 et
1590 1109 1690 1153 cusi
1710 1125 1759 1155 se
1781 1125 1865 1166 pa-

227 1186 338 1230 ressi
359 1188 447 1231 che
468 1186 506 1230 51
527 1186 826 1243 sopprimesse
848 1193 968 1230 tutto
993 1186 1031 1240 b,
1055 1186 1113 1230 da
1133 1200 1208 1231 me
1228 1185 1415 1230 sentiria
1437 1186 1603 1242 piacer.
1636 1188 1670 1230 Il
1693 1187 1863 1243 Signor

229 1263 357 1320 guidi
378 1263 410 1306 il
433 1270 552 1307 tutto
575 1278 601 1307 a
637 1263 846 1321 maggior
882 1263 1026 1321 gloria
1053 1263 1098 1306 di
1129 1277 1214 1307 sua
1250 1262 1406 1306 diuina
1435 1264 1546 1307 Mta.
1580 1265 1627 1307 Io
1650 1264 1710 1306 mi
1733 1272 1866 1308 trouo

221 1339 364 1393 bene,
385 1348 431 1384 et
453 1341 632 1397 miglior
649 1340 724 1398 (mi
747 1341 867 1397 pare)
885 1341 974 1385 che
993 1338 1023 1383 l'
1040 1354 1160 1384 anno
1182 1347 1365 1396 passato
1388 1340 1432 1383 in
1457 1348 1619 1397 questo
1643 1348 1796 1398 tempo
1829 1349 1863 1385 0.

231 1419 505 1461 Benedictus
527 1419 670 1463 Deus.
696 1418 730 1461 Il
754 1420 806 1462 P.
833 1417 1017 1462 Rotario
1039 1417 1114 1474 gie
1137 1418 1279 1475 aigun
1301 1425 1452 1474 tempo
1474 1425 1544 1461 sta
1572 1417 1619 1461 in
1647 1419 1865 1464 conuale-
1943 1406 1947 1410 ”

218 1495 419 1548 scentia,
441 1502 486 1540 et
504 1510 634 1540 corne
650 1495 681 1538 il
698 1495 788 1539 mal
803 1496 830 1539 e
846 1501 965 1539 stato
981 1495 1120 1539 molto
1137 1495 1328 1552 grande,
1343 1495 1441 1538 cusi
1458 1496 1732 1539 conualesce
1748 1510 1866 1552 poco

219 1587 256 1615 -a
278 1587 392 1628 poco
414 1573 446 1616 ².
478 1573 570 1616 Alli
598 1572 744 1617 sancti
781 1571 991 1617 sacrificii
1026 1579 1073 1616 et
1104 1571 1295 1617 orationi
1332 1572 1450 1616 della
1475 1575 1526 1616 P.
1554 1574 1611 1617 V.
1654 1572 1715 1615 mi
1748 1573 1868 1617 rico-

228 1650 394 1693 mando
417 1651 474 1694 da
494 1664 633 1694 cuore
654 1657 700 1694 et
731 1649 837 1694 delli
861 1649 996 1693 Padri
1029 1648 1257 1694 assistenti
1290 1655 1336 1694 et
1365 1650 1513 1693 Padre
1546 1650 1805 1694 secretario.
1833 1651 1867 1693 Il

218 1726 400 1783 Signor
417 1727 651 1784 augmenti
675 1742 854 1783 sempre
875 1726 939 1784 gli
960 1726 1027 1770 soi
1048 1726 1167 1770 santi
1188 1726 1295 1786 doni
1317 1727 1436 1771 nella
1459 1729 1517 1788 P.
1534 1729 1590 1771 V.
1613 1743 1639 1771 a
1657 1727 1868 1784 maggior

228 1803 375 1860 gloria
398 1803 444 1847 di
466 1818 549 1848 sua
570 1804 725 1848 diuina
748 1804 856 1848 Mta.
879 1810 925 1848 et
942 1803 1115 1862 magior
1131 1804 1220 1848 ben
1236 1804 1354 1848 della
1370 1804 1673 1861 Compagnia.
1696 1806 1863 1848 Amen.

234 1880 293 1926 Di
316 1883 449 1934 Hala‚
477 1894 533 1940 29
554 1882 612 1926 de
633 1883 888 1927 Decembre
915 1881 1027 1937 1576
1047 1881 1080 1925 ⁸.
1105 1883 1165 1926 D.
1191 1882 1244 1925 P.
1267 1882 1324 1926 V.
1349 1896 1484 1927 seruo
1505 1881 1552 1925 in
1576 1882 1677 1935 X.⁰‚

783 1968 802 1987 ⁹
1319 1964 1349 2023 †
1379 1966 1565 2010 NADAL.
1600 1965 1630 2022 †

321 2115 566 2171 Inscriptio
583 2116 633 2158 in
649 2118 815 2172 quarta
830 2114 1027 2171 pagina,
1049 2114 1144 2156 alia
1165 2127 1323 2156 manu:
1340 2113 1369 2171 †
1392 2114 1654 2158 Admodum
1678 2114 1791 2157 Rdo.
1818 2113 1864 2157 in

220 2192 372 2235 ¹Chro.
399 2191 524 2235 Patri
545 2199 700 2236 nostro
724 2194 773 2235 P.
804 2191 1036 2234 Euerardo
1067 2189 1352 2235 Mercuriano
1378 2190 1634 2247 praeposito
1662 2190 1864 2247 generali

231 2267 473 2312 Societatis
488 2270 612 2327 Jesv.
641 2271 819 2314 Romae.
845 2269 953 2313 Alia
976 2282 1132 2311 manu:
1155 2269 1208 2312 P.
1234 2268 1409 2313 Natale.
1435 2268 1494 2312 Di
1525 2269 1655 2311 Hala.
1682 2269 1726 2311 A
1754 2267 1784 2310 li
1809 2280 1865 2325 29

221 2344 279 2388 -di
301 2346 555 2391 Decembre
582 2347 707 2400 1576.
735 2347 877 2389 Intus.
902 2345 1061 2403 Sigillz·
1081 2345 1342 2403 vestigium.

308 2491 329 2511 a
366 2483 388 2519 3
406 2484 526 2519 verba
544 2494 651 2530 seqq.
671 2494 787 2530 supra
805 2493 913 2518 vers.
935 2480 1084 2517 addidit
1107 2481 1229 2517 N.—b
1247 2482 1332 2519 Hoc
1355 2483 1466 2519 verb.
1492 2494 1606 2529 supra
1632 2492 1734 2517 vers.
1760 2479 1868 2516 addi-

222 2542 294 2578 adit
312 2542 439 2578 N.-·-<=
455 2551 476 2577 2
494 2541 616 2577 verba
632 2552 740 2588 seqq.
759 2552 875 2587 supra
892 2551 995 2576 vers.
1015 2539 1164 2576 addidit
1187 2541 1235 2576 N.

310 2661 320 2681 ¹
372 2660 472 2696 Vide
491 2660 604 2707 epist.
624 2659 707 2705 5843
722 2664 767 2695 ‘et
784 2658 870 2704 586.
1208 2662 1223 2681 ²
1273 2659 1374 2696 Vide
1392 2660 1506 2707 epist.
1527 2659 1609 2703 5873
1630 2663 1669 2694 et
1687 2666 1770 2703 592.

307 2721 322 2741 ⁵
372 2719 438 2755 Sic
451 2719 491 2755 in
504 2719 756 2766 autographo,
771 2718 861 2766 quia
875 2718 918 2755 P.
934 2717 1057 2754 Nadal
1070 2717 1161 2754 anni
1177 2718 1267 2764 1576
1280 2718 1434 2755 initium
1448 2718 1559 2754 duxit
1577 2729 1598 2752 a
1613 2717 1787 2764 proximo
1804 2716 1868 2753 die

237 2777 463 2814 Nativitatis
483 2777 653 2824 Domini,
674 2776 888 2813 secundum
911 2776 1234 2813 consuetudinem
1252 2776 1292 2814 in
1309 2776 1504 2825 aliquibus
1522 2775 1756 2813 Germaniae
1773 2775 1869 2811 locis

222 2849 282 2874 *eo
299 2843 475 2885 tempore
499 2842 737 2884 usurpatam.
763 2836 825 2872 Cf.
850 2836 942 2872 MAS
966 2836 1142 2882 LATRIE,
1173 2835 1317 2872 Tre‘sor
1333 2838 1381 2873 de
1407 2835 1674 2882 chronologia,
1700 2845 1794 2882 pag.
1826 2833 1870 2869 18

224 2902 278 2933 «et
296 2908 410 2944 seqq.
