2228 3548
446 311 518 356 766
1023 308 1163 342 EP1s‘1·.
1192 306 1236 341 Ρ.
1265 306 1417 342 NADAL

397 419 587 467 patrono
623 409 950 461 difficultatem
982 409 1063 451 sed
1095 408 1224 450 firma
1255 413 1351 450 erat
1374 406 1517 463 patris
1539 406 1783 451 visitatoris
1810 408 2037 455 sententia

399 470 506 513 nihil
529 484 629 513 esse
647 484 672 511 a
690 468 820 511 nobis
841 467 1201 518 concedendum,
1228 467 1350 522 quod
1366 476 1469 509 cum
1487 466 1695 510 instituto
1712 474 1867 511 nostro
1883 467 2035 525 aliqua

395 544 451 572 ex
474 535 598 584 parte
627 542 831 583 pucrnare
858 527 1103 579 videretur,
1134 540 1250 580 quae
1278 540 1350 570 res
1378 540 1470 568 non
1492 526 1640 569 levem
1663 526 1904 582 aliquando
1926 542 2030 572 ver-

395 590 555 631 borum
575 587 835 630 conflictum
854 585 1086 629 excitauit
1108 586 1157 628 In
1176 583 1289 636 aliis,
1304 599 1420 640 quae
1438 599 1520 628 nos
1538 585 1718 642 proprie
1735 601 1826 630 non
1841 600 2029 630 concer—

392 648 577 698 nebant,
598 644 979 701 indulgentiorem
1007 660 1056 688 se
1088 644 1296 700 praebuit
1329 646 1465 688 Pater
1495 644 1716 698 visitator,
1742 660 1800 688 ne
1823 645 2028 702 germani

391 705 604 762 principis
626 705 854 747 infirmum
883 704 1083 747 animum
1108 703 1296 759 grauius
1318 703 1557 760 affligeret.
1592 706 1681 748 Res
1713 704 1908 760 denique
1930 711 2028 750 tota

390 765 577 821 pacifice
601 771 827 807 transacta
849 764 1043 807 videtur.
1076 764 1230 806 Habet
1252 762 1548 807 nihilominus
1571 765 1687 807 male
1716 763 1922 807 nonnihil
1945 778 2029 821 pa-

393 832 590 876 tronum,
615 831 665 866 vt
692 824 887 876 videtur,
919 823 1048 890 quod·
1078 837 1168 866 non
1207 830 1274 865 tot
1295 829 1341 866 et
1379 829 1527 866 tantas
1554 822 1600 866 in
1637 823 1850 867 curandis
1874 823 2030 880 templi

391 883 693 935 caerimoniis,
717 882 764 926 in
786 883 935 926 dando
963 882 1120 925 maiori
1142 882 1448 938 professorum
1475 897 1681 935 numero,
1713 890 1820 935 etc.,
1853 883 2035 940 obliga-

393 943 538 987 tiones
575 942 806 998 suscipere
841 942 1036 986 voluerit
1075 941 1294 986 Societas.
1337 943 1501 986 Vtrum
1545 941 1844 998 importabilia
1882 949 2030 997 erant,

393 1018 509 1058 quae
531 1002 763 1058 imponere
791 1002 921 1045 nobis
951 1002 1169 1055 tentabat,
1195 1016 1349 1054 onera,
1375 1015 1479 1044 cum
1502 1008 1653 1046 tamen
1675 1002 1732 1045 de
1759 1001 1939 1058 collegii
1962 1001 2032 1044 di-

393 1061 565 1106 midiati
588 1061 853 1105 fundatione
876 1076 959 1104 nos
982 1068 1128 1105 certos
1150 1075 1240 1104 non
1263 1061 1449 1115 faceret,
1475 1067 1522 1104 et
1541 1061 1699 1105 eadem
1721 1076 1747 1104 a
1775 1060 2031 1114 dimidiato,

392 1136 509 1177 quae
531 1137 557 1164 a
579 1122 711 1177 pleno
749 1117 960 1177 collegio,
1001 1120 1274 1177 praestanda
1304 1135 1404 1164 esse
1441 1126 1703 1164 censeret...
1737 1120 2027 1164 Nouitiorum

393 1182 557 1224 domus
574 1181 841 1236 mol[esti]ae
859 1188 879 1207 a
893 1180 1061 1235 aliquid
1078 1179 1282 1236 collegiis
1298 1179 1464 1224 nostris
1482 1180 1639 1224 afferet
1655 1192 1843 1236 propter
1858 1179 2027 1223 contri-

393 1240 606 1284 butiones
628 1255 817 1284 annuas.
845 1238 1120 1297 Ord[inaui]t
1142 1239 1188 1282 in
1210 1254 1310 1283 eam
1339 1254 1432 1284 rem
1465 1238 1634 1294 aliquid
1658 1240 1709 1282 P.
1731 1239 1922 1293 Natalis,
1947 1239 2030 1283 sed,

392 1300 563 1343 iudicat
583 1306 628 1343 et
665 1299 762 1355 ipse
794 1314 1004 1355 magnam
1037 1299 1083 1342 in
1105 1298 1373 1344 executione
1397 1299 1492 1343 fore
1508 1298 1839 1343 difficultatem.
1862 1299 2028 1342 Procul

392 1359 531 1402 distat
552 1361 711 1413 Roma,
736 1373 821 1402 nec
848 1358 1028 1415 expedit
1053 1373 1211 1402 omnes
1242 1373 1296 1403 eo
1318 1358 1450 1401 mitti.
1472 1359 1669 1402 Laborat
1690 1357 2031 1414 prouincia-bo-

394 1433 555 1462 norum
572 1417 877 1474 operariorum
898 1418 1098 1474 penuria,
1118 1432 1202 1461 nec
1223 1418 1425 1461 abundat
1441 1417 1487 1460 in
1506 1417 1844 1474 temporalibus.
1866 1416 2030 1461 Omni⁴

394 1493 454 1521 no
475 1492 711 1534 speramus
734 1477 934 1533 proximo
958 1477 1211 1533 Septembri
1229 1477 1313 1533 aliq
1322 1492 1424 1522 uem
1447 1478 1618 1520 bonum
1635 1483 1681 1520 et
1697 1491 1858 1521 sanum
1879 1477 2030 1532 philo-

394 1538 591 1593 sophum
616 1552 642 1580 a
664 1539 716 1580 P.
750 1539 802 1580 Τ.
826 1538 957 1580 nobis
992 1537 1179 1580 missum
1208 1536 1280 1590 iri,
1320 1536 1398 1592 qui
1427 1537 1482 1580 ad
1510 1538 1568 1580 D.
1605 1535 1830 1593 ieronymi
1859 1537 2030 1581 festum

392 1611 564 1640 nouum
586 1596 632 1638 in
650 1595 823 1639 artibus
860 1610 1042 1640 cursum
1065 1596 1287 1652 auspicari
1321 1595 1477 1652 possit.
1520 1597 1703 1640 Certam
1733 1595 1862 1639 nobis
1890 1595 2031 1651 hujus

392 1655 457 1699 rei
481 1670 606 1712 spem
630 1655 738 1700 fecit
761 1653 811 1698 P.
834 1656 1023 1709 Natalis,
1045 1656 1123 1712 qui
1144 1656 1388 1712 diligenter
1409 1655 1545 1700 etiam
1568 1655 1615 1698 in
1636 1657 1722 1699 hac
1743 1670 1792 1700 re
1815 1655 1871 1699 ad
1889 1656 1942 1698 P.
1970 1655 2029 1699 T.

393 1730 443 1760 se
464 1714 698 1771 scripsisse
721 1714 847 1758 dixit.

1168 1829 1256 1872 XV

699 1914 859 1953 OTTO
886 1915 1239 1961 TRUCHSESS
1266 1916 1341 1951 DE
1369 1915 1719 1952 WALDBURG

837 2008 1019 2038 SANCTO
1049 2007 1312 2038 FRANC1sco
1341 2008 1404 2037 DE
1434 2006 1584 2047 BORJA

894 2082 1122 2139 Dilingae,
1146 2096 1196 2138 31
1213 2081 1323 2141 Julii
1346 2082 1458 2137 1566
1486 2083 1513 2125 ¹.

581 2172 641 2208 De
658 2171 864 2218 scriptura
883 2171 1139 2214 fundationis
1155 2171 1316 2219 collegii
1339 2171 1537 2219 Dilingae
1559 2169 1826 2214 reformanda

481 2250 624 2293 Molto
642 2250 762 2294 Rdo.
793 2248 839 2290 in
863 2249 1043 2293 Christo
1067 2249 1263 2294 fratello.
1298 2248 1465 2292 Poiche
1488 2247 1762 2291 riceuemmo
1785 2248 1829 2291 la
1850 2247 2029 2291 minuta
2055 2287 2060 2292 .

392 2309 465 2352 del
487 2308 766 2364 Quirinotto,
791 2308 981 2351 formata
1009 2324 1140 2365 sopra
1162 2309 1205 2353 le
1233 2306 1525 2351 conuentioni
1554 2309 1638 2351 che
1666 2313 1880 2351 trattamo
1907 2306 2024 2351 costi

391 2368 496 2412 dell'
527 2367 749 2411 erettione
785 2373 831 2410 et
867 2368 1172 2411 stabilimento
1195 2367 1272 2423 qui
1294 2368 1367 2410 del
1389 2366 1598 2423 collegio,
1629 2367 1673 2409 la
1703 2365 1928 2434 presentia
1950 2366 2024 2410 del

393 2429 446 2470 P.
472 2428 634 2471 Natale
656 2428 757 2471 fece
783 2428 868 2469 che
906 2427 1248 2470 cominciammo
1281 2442 1306 2470 a
1327 2426 1576 2470 discorrere
1608 2426 1733 2470 detta
1760 2425 1950 2478 minuta;
1976 2431 2022 2469 et

391 2486 678 2530 considerata
697 2486 828 2538 bene,
853 2501 943 2528 non
966 2487 1009 2529 la
1031 2486 1336 2543 giudicammo
1357 2485 1402 2528 di
1425 2486 1528 2540 quel
1551 2485 1676 2527 buon
1697 2485 1854 2529 ordine
1875 2484 2022 2528 chela

391 2545 746 2597 desiderauamo‚
769 2551 916 2589 atteso
950 2548 1033 2589 che
1031 2522 1098 2590 sle
1119 2545 1304 2589 materie
1341 2559 1431 2587 non
1459 2558 1597 2587 erano
1625 2543 1824 2599 disposte
1851 2559 1876 2586 a
1903 2542 2022 2586 lochi

391 2604 510 2658 suoi,
537 2611 581 2649 et
608 2605 749 2648 molte
776 2618 867 2647 non
895 2620 1030 2648 erano
1058 2605 1271 2672 esplicate
1293 2603 1612 2653 chiaramente‚
1638 2616 1765 2646 come
1792 2604 2028 2646 haremmo

392 2665 566 2709 uoluto.
589 2663 649 2707 Di
686 2663 900 2716 maniera‚
935 2666 1035 2716 che,
1066 2679 1150 2707 con
1174 2665 1205 2706 1’
1231 2664 1353 2706 aiuto
1385 2662 1431 2705 di
1452 2663 1578 2706 detto
1601 2663 1655 2706 P.
1695 2662 1857 2705 Natale
1885 2668 1930 2705 et
1952 2661 2025 2704 del

392 2723 592 2775 Canisio,
607 2722 648 2766 ci
666 2729 925 2766 mettemmo
943 2723 1021 2779 giu
1039 2739 1064 2767 a
1082 2725 1325 2766 reformare
1342 2724 1419 2764 un’
1438 2721 1584 2764 intero
1601 2720 1918 2774 instrumento,
1939 2734 2027 2763 con

389 2782 433 2825 la
458 2781 784 2825 dichiaratione
813 2788 969 2837 aperta
1001 2783 1118 2826 della
1146 2781 1398 2826 intentione
1420 2787 1576 2823 nostra
1598 2794 1733 2835 sopra
1753 2780 1879 2823 detta
1906 2785 2026 2823 eret-

390 2841 513 2886 tione
535 2848 581 2885 et
602 2840 923 2894 stabilimento,
959 2840 1126 2885 sicome
1148 2842 1212 2885 V.
1250 2843 1304 2886 P.
1330 2842 1389 2885 R.
1422 2839 1559 2883 uedra
1581 2853 1661 2895 per
1693 2853 1783 2883 una
1815 2837 1944 2894 copia
1979 2837 2025 2880 di

458 2950 480 2970 a
520 2943 697 2978 Discissa
714 2943 847 2978 charta
859 2941 922 2977 hic
941 2948 981 2977 et
998 2943 1113 2988 paulo
1134 2941 1297 2977 inferius
1321 2940 1474 2988 aliquae
1492 2939 1646 2975 litterae
1664 2939 1882 2987 perierunt.

461 3035 470 3054 ¹
522 3034 580 3068 Ex
598 3034 823 3080 archetypo,
845 3031 885 3067 in
907 3030 1001 3067 Cod.
1023 3032 1084 3078 38,
1105 3031 1252 3079 duplici
1277 3031 1359 3076 fol.‚
1391 3031 1458 3076 146
1483 3029 1600 3076 (134).
1631 3028 1732 3065 Vide
1756 3039 1850 3076 pag.
1882 3035 1963 3074 1973
1984 3033 2023 3064 et

390 3092 562 3139 append.
589 3093 690 3128 XIII.
