<?xml version="1.0" encoding="UTF-8"?>
<!DOCTYPE html PUBLIC "-//W3C//DTD XHTML 1.0 Transitional//EN"
    "http://www.w3.org/TR/xhtml1/DTD/xhtml1-transitional.dtd">
<html xmlns="http://www.w3.org/1999/xhtml" xml:lang="en" lang="en">
 <head>
  <title>
</title>
<meta http-equiv="Content-Type" content="text/html;charset=utf-8" />
  <meta name='ocr-system' content='tesseract 3.04.00' />
  <meta name='ocr-capabilities' content='ocr_page ocr_carea ocr_par ocr_line ocrx_word'/>
</head>
<body>
  <div class='ocr_page' id='page_1' title='image "./epistolaephieron03nadauoft_0684.png"; bbox 0 0 2228 3548; ppageno 0'>
   <div class='ocr_carea' id='block_1_1' title="bbox 389 252 1418 303">
    <p class='ocr_par' dir='ltr' id='par_1_1' title="bbox 389 252 1418 303">
     <span class='ocr_line' id='line_1_1' title="bbox 389 252 1418 303; baseline -0.003 -11"><span class='ocrx_word' id='word_1_1' title='bbox 389 252 465 303; x_wconf 65' lang='lat'>646</span> <span class='ocrx_word' id='word_1_2' title='bbox 905 255 1049 291; x_wconf 74' lang='lat' dir='ltr'>prs‘r.</span> <span class='ocrx_word' id='word_1_3' title='bbox 1071 253 1117 290; x_wconf 81' lang='lat' dir='ltr'>P.</span> <span class='ocrx_word' id='word_1_4' title='bbox 1144 253 1337 290; x_wconf 60' lang='lat' dir='ltr'>NADAL-</span> <span class='ocrx_word' id='word_1_5' title='bbox 1346 262 1418 300; x_wconf 85' lang='lat'>540</span> 
     </span>
    </p>
   </div>
   <div class='ocr_carea' id='block_1_2' title="bbox 339 352 2001 2722">
    <p class='ocr_par' dir='ltr' id='par_1_2' title="bbox 339 352 1996 2183">
     <span class='ocr_line' id='line_1_2' title="bbox 339 352 1984 411; baseline -0.001 -11"><span class='ocrx_word' id='word_1_6' title='bbox 339 356 556 400; x_wconf 86' lang='lat' dir='ltr'>hauendo</span> <span class='ocrx_word' id='word_1_7' title='bbox 579 354 880 411; x_wconf 88' lang='lat' dir='ltr'>ricompensa,</span> <span class='ocrx_word' id='word_1_8' title='bbox 905 360 995 398; x_wconf 86' lang='lat' dir='ltr'>etc.</span> <span class='ocrx_word' id='word_1_9' title='bbox 1022 352 1181 397; x_wconf 90' lang='lat' dir='ltr'>Primo</span> <span class='ocrx_word' id='word_1_10' title='bbox 1205 354 1231 398; x_wconf 76' lang='grc' dir='ltr'>ὁ</span> <span class='ocrx_word' id='word_1_11' title='bbox 1260 353 1305 397; x_wconf 99' lang='grc'>13</span> <span class='ocrx_word' id='word_1_12' title='bbox 1331 353 1517 410; x_wconf 88' lang='lat' dir='ltr'>justicia</span> <span class='ocrx_word' id='word_1_13' title='bbox 1548 353 1697 398; x_wconf 82' lang='lat' dir='ltr'>media</span> <span class='ocrx_word' id='word_1_14' title='bbox 1727 360 1773 399; x_wconf 91' lang='lat' dir='ltr'>et</span> <span class='ocrx_word' id='word_1_15' title='bbox 1804 353 1984 408; x_wconf 71' lang='lat' dir='ltr'>infima,</span> 
     </span>
     <span class='ocr_line' id='line_1_3' title="bbox 343 429 1982 491; baseline 0 -15"><span class='ocrx_word' id='word_1_16' title='bbox 343 434 477 489; x_wconf 88' lang='lat' dir='ltr'>quale</span> <span class='ocrx_word' id='word_1_17' title='bbox 499 434 524 475; x_wconf 78' lang='lat' dir='ltr'>e</span> <span class='ocrx_word' id='word_1_18' title='bbox 547 430 755 475; x_wconf 86' lang='lat' dir='ltr'>estimata</span> <span class='ocrx_word' id='word_1_19' title='bbox 778 430 890 487; x_wconf 87' lang='lat' dir='ltr'>ogni</span> <span class='ocrx_word' id='word_1_20' title='bbox 911 444 1032 474; x_wconf 79' lang='lat' dir='ltr'>anno</span> <span class='ocrx_word' id='word_1_21' title='bbox 1056 439 1117 491; x_wconf 78' lang='lat'>50</span> <span class='ocrx_word' id='word_1_22' title='bbox 1133 429 1235 475; x_wconf 84' lang='lat' dir='ltr'>lire.</span> <span class='ocrx_word' id='word_1_23' title='bbox 1259 432 1322 474; x_wconf 86' lang='lat'>2.⁰</span> <span class='ocrx_word' id='word_1_24' title='bbox 1355 432 1613 489; x_wconf 34' lang='lat' dir='ltr'>Una-torre</span> <span class='ocrx_word' id='word_1_25' title='bbox 1643 437 1689 476; x_wconf 90' lang='lat' dir='ltr'>et</span> <span class='ocrx_word' id='word_1_26' title='bbox 1720 445 1875 475; x_wconf 89' lang='lat' dir='ltr'>mezza</span> <span class='ocrx_word' id='word_1_27' title='bbox 1908 433 1982 476; x_wconf 72' lang='lat' dir='ltr'>col</span> 
     </span>
     <span class='ocr_line' id='line_1_4' title="bbox 343 506 1985 565; baseline 0 -12"><span class='ocrx_word' id='word_1_28' title='bbox 343 508 492 565; x_wconf 87' lang='lat' dir='ltr'>spatio</span> <span class='ocrx_word' id='word_1_29' title='bbox 514 510 599 551; x_wconf 86' lang='lat' dir='ltr'>che</span> <span class='ocrx_word' id='word_1_30' title='bbox 621 509 646 551; x_wconf 77' lang='grc' dir='ltr'>ἐ</span> <span class='ocrx_word' id='word_1_31' title='bbox 667 507 849 559; x_wconf 88' lang='lat' dir='ltr'>inanze‚-</span> <span class='ocrx_word' id='word_1_32' title='bbox 871 506 972 551; x_wconf 84' lang='lat' dir='ltr'>sino</span> <span class='ocrx_word' id='word_1_33' title='bbox 999 522 1028 551; x_wconf 84' lang='lat' dir='ltr'>a</span> <span class='ocrx_word' id='word_1_34' title='bbox 1053 506 1165 552; x_wconf 89' lang='lat' dir='ltr'>certi</span> <span class='ocrx_word' id='word_1_35' title='bbox 1188 506 1469 552; x_wconf 79' lang='lat' dir='ltr'>fondamenti</span> <span class='ocrx_word' id='word_1_36' title='bbox 1489 507 1669 561; x_wconf 86' lang='lat' dir='ltr'>vecchi,</span> <span class='ocrx_word' id='word_1_37' title='bbox 1699 508 1818 552; x_wconf 89' lang='lat' dir='ltr'>nella</span> <span class='ocrx_word' id='word_1_38' title='bbox 1844 508 1985 564; x_wconf 84' lang='lat' dir='ltr'>quale</span> 
     </span>
     <span class='ocr_line' id='line_1_5' title="bbox 345 583 1977 641; baseline 0 -12"><span class='ocrx_word' id='word_1_39' title='bbox 345 594 469 630; x_wconf 88' lang='lat' dir='ltr'>torre</span> <span class='ocrx_word' id='word_1_40' title='bbox 491 599 604 628; x_wconf 92' lang='lat' dir='ltr'>sono</span> <span class='ocrx_word' id='word_1_41' title='bbox 627 598 806 629; x_wconf 88' lang='lat' dir='ltr'>camere</span> <span class='ocrx_word' id='word_1_42' title='bbox 828 590 874 629; x_wconf 88' lang='lat' dir='ltr'>et</span> <span class='ocrx_word' id='word_1_43' title='bbox 903 583 1057 627; x_wconf 88' lang='lat' dir='ltr'>luochi</span> <span class='ocrx_word' id='word_1_44' title='bbox 1085 583 1143 627; x_wconf 90' lang='lat' dir='ltr'>da</span> <span class='ocrx_word' id='word_1_45' title='bbox 1165 583 1386 641; x_wconf 89' lang='lat' dir='ltr'>habitare,</span> <span class='ocrx_word' id='word_1_46' title='bbox 1411 590 1457 628; x_wconf 89' lang='lat' dir='ltr'>et</span> <span class='ocrx_word' id='word_1_47' title='bbox 1483 583 1521 628; x_wconf 90' lang='lat' dir='ltr'>si</span> <span class='ocrx_word' id='word_1_48' title='bbox 1549 584 1835 641; x_wconf 92' lang='lat' dir='ltr'>potrebbono</span> <span class='ocrx_word' id='word_1_49' title='bbox 1860 585 1977 629; x_wconf 84' lang='lat' dir='ltr'>bene</span> 
     </span>
     <span class='ocr_line' id='line_1_6' title="bbox 343 660 1986 718; baseline 0 -11"><span class='ocrx_word' id='word_1_50' title='bbox 343 662 702 714; x_wconf 84' lang='lat' dir='ltr'>accommodare,</span> <span class='ocrx_word' id='word_1_51' title='bbox 723 668 769 705; x_wconf 89' lang='lat' dir='ltr'>et</span> <span class='ocrx_word' id='word_1_52' title='bbox 785 662 894 717; x_wconf 79' lang='lat' dir='ltr'>pero</span> <span class='ocrx_word' id='word_1_53' title='bbox 912 660 1134 706; x_wconf 86' lang='lat' dir='ltr'>estimano</span> <span class='ocrx_word' id='word_1_54' title='bbox 1151 661 1275 705; x_wconf 88' lang='lat' dir='ltr'>dette</span> <span class='ocrx_word' id='word_1_55' title='bbox 1292 667 1413 705; x_wconf 89' lang='lat' dir='ltr'>torre</span> <span class='ocrx_word' id='word_1_56' title='bbox 1435 660 1547 718; x_wconf 89' lang='lat' dir='ltr'>ogni</span> <span class='ocrx_word' id='word_1_57' title='bbox 1562 675 1682 704; x_wconf 93' lang='lat' dir='ltr'>anno</span> <span class='ocrx_word' id='word_1_58' title='bbox 1702 673 1726 704; x_wconf 90' lang='lat'><strong>2</strong></span> <span class='ocrx_word' id='word_1_59' title='bbox 1733 671 1756 717; x_wconf 86' lang='lat'>5</span> <span class='ocrx_word' id='word_1_60' title='bbox 1773 660 1872 715; x_wconf 87' lang='lat' dir='ltr'>lire,</span> <span class='ocrx_word' id='word_1_61' title='bbox 1893 663 1986 707; x_wconf 79' lang='lat' dir='ltr'>che</span> 
     </span>
     <span class='ocr_line' id='line_1_7' title="bbox 342 735 1989 796; baseline 0.001 -14"><span class='ocrx_word' id='word_1_62' title='bbox 342 754 455 783; x_wconf 91' lang='lat' dir='ltr'>sono</span> <span class='ocrx_word' id='word_1_63' title='bbox 485 749 551 785; x_wconf 80' lang='grc' dir='ltr'>Δ.</span> <span class='ocrx_word' id='word_1_64' title='bbox 584 751 636 782; x_wconf 92' lang='lat'>10</span> <span class='ocrx_word' id='word_1_65' title='bbox 662 745 698 782; x_wconf 69' lang='lat' dir='ltr'>a.</span> <span class='ocrx_word' id='word_1_66' title='bbox 725 738 761 781; x_wconf 92' lang='lat' dir='ltr'>Il</span> <span class='ocrx_word' id='word_1_67' title='bbox 781 738 933 783; x_wconf 91' lang='lat' dir='ltr'>dretto</span> <span class='ocrx_word' id='word_1_68' title='bbox 955 737 1029 783; x_wconf 89' lang='lat' dir='ltr'>del</span> <span class='ocrx_word' id='word_1_69' title='bbox 1051 737 1237 796; x_wconf 84' lang='lat' dir='ltr'>signore</span> <span class='ocrx_word' id='word_1_70' title='bbox 1258 736 1378 783; x_wconf 88' lang='lat' dir='ltr'>nelIe</span> <span class='ocrx_word' id='word_1_71' title='bbox 1410 745 1480 784; x_wconf 89' lang='lat' dir='ltr'>tre</span> <span class='ocrx_word' id='word_1_72' title='bbox 1511 735 1624 783; x_wconf 77' lang='lat' dir='ltr'>sen‘e</span> <span class='ocrx_word' id='word_1_73' title='bbox 1655 739 1743 782; x_wconf 91' lang='lat' dir='ltr'>che</span> <span class='ocrx_word' id='word_1_74' title='bbox 1773 737 1815 794; x_wconf 78' lang='lat' dir='ltr'>si</span> <span class='ocrx_word' id='word_1_75' title='bbox 1844 739 1989 783; x_wconf 83' lang='lat' dir='ltr'>fanno</span> 
     </span>
     <span class='ocr_line' id='line_1_8' title="bbox 343 814 1991 873; baseline 0 -13"><span class='ocrx_word' id='word_1_76' title='bbox 343 816 452 873; x_wconf 84' lang='lat' dir='ltr'>ogni</span> <span class='ocrx_word' id='word_1_77' title='bbox 475 830 595 859; x_wconf 85' lang='lat' dir='ltr'>anno</span> <span class='ocrx_word' id='word_1_78' title='bbox 618 814 666 859; x_wconf 89' lang='lat' dir='ltr'>in</span> <span class='ocrx_word' id='word_1_79' title='bbox 688 816 911 860; x_wconf 88' lang='lat' dir='ltr'>Andanza</span> <span class='ocrx_word' id='word_1_80' title='bbox 932 815 958 860; x_wconf 79' lang='lat' dir='ltr'>e</span> <span class='ocrx_word' id='word_1_81' title='bbox 979 814 1162 860; x_wconf 85' lang='lat' dir='ltr'>stimato</span> <span class='ocrx_word' id='word_1_82' title='bbox 1184 815 1296 872; x_wconf 86' lang='lat' dir='ltr'>ogni</span> <span class='ocrx_word' id='word_1_83' title='bbox 1317 830 1440 860; x_wconf 83' lang='lat' dir='ltr'>anno</span> <span class='ocrx_word' id='word_1_84' title='bbox 1468 825 1510 862; x_wconf 88' lang='grc' dir='ltr'>Δ</span> <span class='ocrx_word' id='word_1_85' title='bbox 1541 827 1583 860; x_wconf 83' lang='grc'>2.</span> <span class='ocrx_word' id='word_1_86' title='bbox 1609 816 1645 860; x_wconf 84' lang='grc'>11</span> <span class='ocrx_word' id='word_1_87' title='bbox 1665 817 1800 859; x_wconf 86' lang='lat' dir='ltr'>furno</span> <span class='ocrx_word' id='word_1_88' title='bbox 1827 830 1915 860; x_wconf 88' lang='lat' dir='ltr'>con</span> <span class='ocrx_word' id='word_1_89' title='bbox 1939 817 1991 861; x_wconf 69' lang='grc'>13,</span> 
     </span>
     <span class='ocr_line' id='line_1_9' title="bbox 343 891 1985 950; baseline -0.001 -13"><span class='ocrx_word' id='word_1_90' title='bbox 343 908 449 937; x_wconf 88' lang='lat' dir='ltr'>casa</span> <span class='ocrx_word' id='word_1_91' title='bbox 471 894 591 937; x_wconf 86' lang='lat' dir='ltr'>doue</span> <span class='ocrx_word' id='word_1_92' title='bbox 612 891 635 937; x_wconf 79' lang='grc' dir='ltr'>ὲ</span> <span class='ocrx_word' id='word_1_93' title='bbox 657 892 688 936; x_wconf 88' lang='grc'>11</span> <span class='ocrx_word' id='word_1_94' title='bbox 711 893 849 936; x_wconf 85' lang='lat' dir='ltr'>furno</span> <span class='ocrx_word' id='word_1_95' title='bbox 867 892 977 950; x_wconf 81' lang='lat' dir='ltr'>ogni</span> <span class='ocrx_word' id='word_1_96' title='bbox 1000 907 1120 937; x_wconf 90' lang='lat' dir='ltr'>anno</span> <span class='ocrx_word' id='word_1_97' title='bbox 1149 905 1198 937; x_wconf 86' lang='lat'>12</span> <span class='ocrx_word' id='word_1_98' title='bbox 1222 892 1319 937; x_wconf 85' lang='lat' dir='ltr'>lire.</span> <span class='ocrx_word' id='word_1_99' title='bbox 1352 893 1651 938; x_wconf 83' lang='lat' dir='ltr'>Reseruando</span> <span class='ocrx_word' id='word_1_100' title='bbox 1673 893 1705 937; x_wconf 83' lang='lat' dir='ltr'>li</span> <span class='ocrx_word' id='word_1_101' title='bbox 1733 892 1847 939; x_wconf 84' lang='lat' dir='ltr'>detti</span> <span class='ocrx_word' id='word_1_102' title='bbox 1880 892 1985 938; x_wconf 87' lang='lat' dir='ltr'>reli-</span> 
     </span>
     <span class='ocr_line' id='line_1_10' title="bbox 343 969 1994 1028; baseline 0 -14"><span class='ocrx_word' id='word_1_103' title='bbox 343 970 464 1028; x_wconf 81' lang='lat' dir='ltr'>giosi</span> <span class='ocrx_word' id='word_1_104' title='bbox 484 985 567 1028; x_wconf 86' lang='lat' dir='ltr'>per</span> <span class='ocrx_word' id='word_1_105' title='bbox 588 985 637 1014; x_wconf 89' lang='lat' dir='ltr'>se</span> <span class='ocrx_word' id='word_1_106' title='bbox 658 970 689 1013; x_wconf 88' lang='grc'>11</span> <span class='ocrx_word' id='word_1_107' title='bbox 712 969 958 1024; x_wconf 89' lang='lat' dir='ltr'>riceuitori,</span> <span class='ocrx_word' id='word_1_108' title='bbox 984 970 1195 1015; x_wconf 86' lang='lat' dir='ltr'>seruitori</span> <span class='ocrx_word' id='word_1_109' title='bbox 1219 977 1265 1014; x_wconf 87' lang='lat' dir='ltr'>et</span> <span class='ocrx_word' id='word_1_110' title='bbox 1288 969 1525 1015; x_wconf 84' lang='lat' dir='ltr'><strong>domestici</strong></span> <span class='ocrx_word' id='word_1_111' title='bbox 1547 971 1662 1026; x_wconf 84' lang='lat' dir='ltr'>loro,</span> <span class='ocrx_word' id='word_1_112' title='bbox 1680 972 1766 1015; x_wconf 89' lang='lat' dir='ltr'>che</span> <span class='ocrx_word' id='word_1_113' title='bbox 1791 985 1994 1014; x_wconf 80' lang='lat' dir='ltr'>saranno</span> 
     </span>
     <span class='ocr_line' id='line_1_11' title="bbox 343 1047 1988 1105; baseline -0.001 -13"><span class='ocrx_word' id='word_1_114' title='bbox 343 1047 542 1105; x_wconf 85' lang='lat' dir='ltr'>exempti</span> <span class='ocrx_word' id='word_1_115' title='bbox 564 1047 611 1090; x_wconf 86' lang='lat' dir='ltr'>in</span> <span class='ocrx_word' id='word_1_116' title='bbox 634 1047 785 1103; x_wconf 86' lang='lat' dir='ltr'>quello</span> <span class='ocrx_word' id='word_1_117' title='bbox 807 1049 892 1091; x_wconf 86' lang='lat' dir='ltr'>che</span> <span class='ocrx_word' id='word_1_118' title='bbox 915 1054 1046 1092; x_wconf 82' lang='lat' dir='ltr'>tocca</span> <span class='ocrx_word' id='word_1_119' title='bbox 1066 1048 1191 1092; x_wconf 88' lang='lat' dir='ltr'>detta</span> <span class='ocrx_word' id='word_1_120' title='bbox 1212 1047 1399 1104; x_wconf 85' lang='lat' dir='ltr'>justicia</span> <span class='ocrx_word' id='word_1_121' title='bbox 1429 1047 1579 1093; x_wconf 82' lang='lat' dir='ltr'>media</span> <span class='ocrx_word' id='word_1_122' title='bbox 1605 1054 1652 1091; x_wconf 81' lang='lat' dir='ltr'>et</span> <span class='ocrx_word' id='word_1_123' title='bbox 1678 1047 1848 1100; x_wconf 89' lang='lat' dir='ltr'>infima,</span> <span class='ocrx_word' id='word_1_124' title='bbox 1881 1047 1988 1092; x_wconf 75' lang='lat' dir='ltr'>deni</span> 
     </span>
     <span class='ocr_line' id='line_1_12' title="bbox 346 1123 1988 1181; baseline -0.001 -12"><span class='ocrx_word' id='word_1_125' title='bbox 346 1125 525 1170; x_wconf 86' lang='lat' dir='ltr'>officiali</span> <span class='ocrx_word' id='word_1_126' title='bbox 557 1125 603 1168; x_wconf 91' lang='lat' dir='ltr'>di</span> <span class='ocrx_word' id='word_1_127' title='bbox 636 1125 763 1168; x_wconf 88' lang='lat' dir='ltr'>detto</span> <span class='ocrx_word' id='word_1_128' title='bbox 794 1123 952 1181; x_wconf 86' lang='lat' dir='ltr'>signor</span> <span class='ocrx_word' id='word_1_129' title='bbox 983 1124 1029 1167; x_wconf 92' lang='lat' dir='ltr'>di</span> <span class='ocrx_word' id='word_1_130' title='bbox 1061 1125 1159 1170; x_wconf 82' lang='lat' dir='ltr'>Sto.</span> <span class='ocrx_word' id='word_1_131' title='bbox 1202 1125 1491 1178; x_wconf 87' lang='lat' dir='ltr'>Chamondo,</span> <span class='ocrx_word' id='word_1_132' title='bbox 1529 1124 1800 1169; x_wconf 87' lang='lat' dir='ltr'>rimettendo</span> <span class='ocrx_word' id='word_1_133' title='bbox 1835 1125 1988 1181; x_wconf 89' lang='lat' dir='ltr'>quello</span> 
     </span>
     <span class='ocr_line' id='line_1_13' title="bbox 346 1201 1993 1259; baseline 0 -13"><span class='ocrx_word' id='word_1_134' title='bbox 346 1203 485 1246; x_wconf 87' lang='lat' dir='ltr'>dritto</span> <span class='ocrx_word' id='word_1_135' title='bbox 506 1202 582 1246; x_wconf 87' lang='grc'><strong>3111</strong></span> <span class='ocrx_word' id='word_1_136' title='bbox 603 1201 783 1246; x_wconf 87' lang='lat' dir='ltr'>officiali</span> <span class='ocrx_word' id='word_1_137' title='bbox 804 1202 878 1246; x_wconf 85' lang='lat' dir='ltr'>del</span> <span class='ocrx_word' id='word_1_138' title='bbox 899 1201 1084 1259; x_wconf 89' lang='lat' dir='ltr'>signore</span> <span class='ocrx_word' id='word_1_139' title='bbox 1106 1202 1152 1245; x_wconf 91' lang='lat' dir='ltr'>di</span> <span class='ocrx_word' id='word_1_140' title='bbox 1173 1203 1407 1255; x_wconf 89' lang='lat' dir='ltr'>Tornone,</span> <span class='ocrx_word' id='word_1_141' title='bbox 1427 1201 1458 1244; x_wconf 94' lang='lat' dir='ltr'>il</span> <span class='ocrx_word' id='word_1_142' title='bbox 1479 1201 1613 1259; x_wconf 79' lang='lat' dir='ltr'>quale</span> <span class='ocrx_word' id='word_1_143' title='bbox 1634 1216 1715 1258; x_wconf 93' lang='lat' dir='ltr'>per</span> <span class='ocrx_word' id='word_1_144' title='bbox 1730 1202 1773 1245; x_wconf 89' lang='lat' dir='ltr'>la</span> <span class='ocrx_word' id='word_1_145' title='bbox 1789 1202 1913 1245; x_wconf 90' lang='lat' dir='ltr'>bulla</span> <span class='ocrx_word' id='word_1_146' title='bbox 1928 1201 1993 1246; x_wconf 78' lang='lat' dir='ltr'>de</span> 
     </span>
     <span class='ocr_line' id='line_1_14' title="bbox 346 1278 1986 1336; baseline -0.001 -13"><span class='ocrx_word' id='word_1_147' title='bbox 346 1281 376 1323; x_wconf 77' lang='lat'>1’</span> <span class='ocrx_word' id='word_1_148' title='bbox 420 1279 586 1325; x_wconf 85' lang='lat' dir='ltr'>vnione</span> <span class='ocrx_word' id='word_1_149' title='bbox 610 1280 639 1323; x_wconf 72' lang='grc' dir='ltr'>ἐ</span> <span class='ocrx_word' id='word_1_150' title='bbox 670 1278 919 1323; x_wconf 85' lang='lat' dir='ltr'>constituto</span> <span class='ocrx_word' id='word_1_151' title='bbox 947 1286 1274 1324; x_wconf 86' lang='lat' dir='ltr'>conseruatore</span> <span class='ocrx_word' id='word_1_152' title='bbox 1297 1278 1346 1322; x_wconf 88' lang='lat' dir='ltr'>di</span> <span class='ocrx_word' id='word_1_153' title='bbox 1375 1285 1537 1335; x_wconf 88' lang='lat' dir='ltr'>questo</span> <span class='ocrx_word' id='word_1_154' title='bbox 1571 1278 1780 1336; x_wconf 86' lang='lat' dir='ltr'>collegio.</span> <span class='ocrx_word' id='word_1_155' title='bbox 1821 1280 1986 1324; x_wconf 51' lang='lat' dir='ltr'>Reserae-</span> 
     </span>
     <span class='ocr_line' id='line_1_15' title="bbox 349 1355 1994 1413; baseline -0.002 -11"><span class='ocrx_word' id='word_1_156' title='bbox 349 1358 502 1402; x_wconf 85' lang='lat' dir='ltr'>uando</span> <span class='ocrx_word' id='word_1_157' title='bbox 521 1358 668 1401; x_wconf 82' lang='lat' dir='ltr'>anche</span> <span class='ocrx_word' id='word_1_158' title='bbox 682 1356 714 1398; x_wconf 90' lang='lat' dir='ltr'>l&#39;</span> <span class='ocrx_word' id='word_1_159' title='bbox 733 1355 900 1400; x_wconf 85' lang='lat' dir='ltr'>intrata</span> <span class='ocrx_word' id='word_1_160' title='bbox 922 1362 967 1400; x_wconf 91' lang='lat' dir='ltr'>et</span> <span class='ocrx_word' id='word_1_161' title='bbox 988 1356 1032 1399; x_wconf 91' lang='grc'>13</span> <span class='ocrx_word' id='word_1_162' title='bbox 1050 1356 1218 1399; x_wconf 76' lang='lat' dir='ltr'>faculta</span> <span class='ocrx_word' id='word_1_163' title='bbox 1239 1357 1283 1399; x_wconf 92' lang='lat' dir='ltr'>d’</span> <span class='ocrx_word' id='word_1_164' title='bbox 1304 1362 1504 1401; x_wconf 88' lang='lat' dir='ltr'>attacare</span> <span class='ocrx_word' id='word_1_165' title='bbox 1518 1355 1551 1399; x_wconf 87' lang='lat' dir='ltr'>li</span> <span class='ocrx_word' id='word_1_166' title='bbox 1566 1355 1722 1400; x_wconf 85' lang='lat' dir='ltr'>molini</span> <span class='ocrx_word' id='word_1_167' title='bbox 1739 1356 1839 1399; x_wconf 89' lang='lat' dir='ltr'>loro</span> <span class='ocrx_word' id='word_1_168' title='bbox 1852 1364 1994 1413; x_wconf 81' lang='lat' dir='ltr'>sopra</span> 
     </span>
     <span class='ocr_line' id='line_1_16' title="bbox 348 1432 1994 1490; baseline 0 -12"><span class='ocrx_word' id='word_1_169' title='bbox 348 1435 379 1478; x_wconf 87' lang='grc'>11</span> <span class='ocrx_word' id='word_1_170' title='bbox 401 1434 625 1478; x_wconf 85' lang='lat' dir='ltr'>Rhodano</span> <span class='ocrx_word' id='word_1_171' title='bbox 646 1432 694 1476; x_wconf 93' lang='lat' dir='ltr'>in</span> <span class='ocrx_word' id='word_1_172' title='bbox 716 1439 834 1476; x_wconf 77' lang='lat' dir='ltr'>tutta</span> <span class='ocrx_word' id='word_1_173' title='bbox 854 1433 898 1477; x_wconf 97' lang='grc'>13</span> <span class='ocrx_word' id='word_1_174' title='bbox 918 1432 1203 1478; x_wconf 87' lang='lat' dir='ltr'>iurisditione</span> <span class='ocrx_word' id='word_1_175' title='bbox 1223 1434 1270 1477; x_wconf 89' lang='lat' dir='ltr'>d&#39;</span> <span class='ocrx_word' id='word_1_176' title='bbox 1290 1434 1526 1487; x_wconf 88' lang='lat' dir='ltr'>Andansa,</span> <span class='ocrx_word' id='word_1_177' title='bbox 1545 1434 1678 1490; x_wconf 87' lang='lat' dir='ltr'>quale</span> <span class='ocrx_word' id='word_1_178' title='bbox 1695 1448 1830 1490; x_wconf 80' lang='lat' dir='ltr'>sopra</span> <span class='ocrx_word' id='word_1_179' title='bbox 1846 1432 1878 1476; x_wconf 92' lang='lat' dir='ltr'>il</span> <span class='ocrx_word' id='word_1_180' title='bbox 1895 1435 1994 1478; x_wconf 78' lang='lat' dir='ltr'>Ro—</span> 
     </span>
     <span class='ocr_line' id='line_1_17' title="bbox 347 1509 1988 1566; baseline 0 -11"><span class='ocrx_word' id='word_1_181' title='bbox 347 1512 469 1555; x_wconf 71' lang='lat' dir='ltr'>dano</span> <span class='ocrx_word' id='word_1_182' title='bbox 491 1509 759 1554; x_wconf 86' lang='lat' dir='ltr'>commincia</span> <span class='ocrx_word' id='word_1_183' title='bbox 781 1510 839 1554; x_wconf 91' lang='lat' dir='ltr'>ad</span> <span class='ocrx_word' id='word_1_184' title='bbox 860 1525 919 1553; x_wconf 89' lang='lat' dir='ltr'>vn</span> <span class='ocrx_word' id='word_1_185' title='bbox 945 1516 1160 1564; x_wconf 85' lang='lat' dir='ltr'>torrente,</span> <span class='ocrx_word' id='word_1_186' title='bbox 1185 1510 1215 1553; x_wconf 85' lang='lat' dir='ltr'>il</span> <span class='ocrx_word' id='word_1_187' title='bbox 1246 1511 1380 1566; x_wconf 76' lang='lat' dir='ltr'>quale</span> <span class='ocrx_word' id='word_1_188' title='bbox 1400 1510 1424 1555; x_wconf 85' lang='grc' dir='ltr'>ὲ</span> <span class='ocrx_word' id='word_1_189' title='bbox 1446 1510 1676 1554; x_wconf 83' lang='lat' dir='ltr'>chiamato</span> <span class='ocrx_word' id='word_1_190' title='bbox 1697 1511 1988 1563; x_wconf 83' lang='lat' dir='ltr'>Torenchon,</span> 
     </span>
     <span class='ocr_line' id='line_1_18' title="bbox 348 1586 1990 1633; baseline -0.001 -1"><span class='ocrx_word' id='word_1_191' title='bbox 348 1595 395 1633; x_wconf 87' lang='lat' dir='ltr'>et</span> <span class='ocrx_word' id='word_1_192' title='bbox 424 1587 581 1631; x_wconf 87' lang='lat' dir='ltr'>finisce</span> <span class='ocrx_word' id='word_1_193' title='bbox 609 1588 651 1630; x_wconf 89' lang='lat' dir='ltr'>al</span> <span class='ocrx_word' id='word_1_194' title='bbox 679 1594 878 1630; x_wconf 87' lang='lat' dir='ltr'>muretto</span> <span class='ocrx_word' id='word_1_195' title='bbox 905 1586 1130 1631; x_wconf 89' lang='lat' dir='ltr'>chiamato</span> <span class='ocrx_word' id='word_1_196' title='bbox 1157 1587 1402 1632; x_wconf 84' lang='lat' dir='ltr'>sarrazino.</span> <span class='ocrx_word' id='word_1_197' title='bbox 1436 1587 1731 1632; x_wconf 85' lang='lat' dir='ltr'>Reseruando</span> <span class='ocrx_word' id='word_1_198' title='bbox 1765 1601 1932 1631; x_wconf 87' lang='lat' dir='ltr'>ancora</span> <span class='ocrx_word' id='word_1_199' title='bbox 1959 1586 1990 1630; x_wconf 88' lang='lat' dir='ltr'>il</span> 
     </span>
     <span class='ocr_line' id='line_1_19' title="bbox 350 1664 1994 1722; baseline 0 -14"><span class='ocrx_word' id='word_1_200' title='bbox 350 1672 481 1722; x_wconf 87' lang='lat' dir='ltr'>porto</span> <span class='ocrx_word' id='word_1_201' title='bbox 517 1664 592 1707; x_wconf 89' lang='lat' dir='ltr'>del</span> <span class='ocrx_word' id='word_1_202' title='bbox 620 1664 861 1717; x_wconf 85' lang='lat' dir='ltr'>Rhodano,</span> <span class='ocrx_word' id='word_1_203' title='bbox 885 1664 916 1706; x_wconf 86' lang='lat' dir='ltr'>il</span> <span class='ocrx_word' id='word_1_204' title='bbox 947 1665 1098 1707; x_wconf 90' lang='lat' dir='ltr'>bando</span> <span class='ocrx_word' id='word_1_205' title='bbox 1130 1665 1203 1707; x_wconf 88' lang='lat' dir='ltr'>del</span> <span class='ocrx_word' id='word_1_206' title='bbox 1235 1679 1325 1708; x_wconf 90' lang='lat' dir='ltr'>vno</span> <span class='ocrx_word' id='word_1_207' title='bbox 1357 1664 1404 1707; x_wconf 92' lang='lat' dir='ltr'>in</span> <span class='ocrx_word' id='word_1_208' title='bbox 1436 1665 1633 1721; x_wconf 85' lang='lat' dir='ltr'>Agosto,</span> <span class='ocrx_word' id='word_1_209' title='bbox 1669 1665 1711 1709; x_wconf 92' lang='lat' dir='ltr'>le</span> <span class='ocrx_word' id='word_1_210' title='bbox 1742 1664 1900 1720; x_wconf 82' lang='lat' dir='ltr'>lingue</span> <span class='ocrx_word' id='word_1_211' title='bbox 1932 1665 1994 1708; x_wconf 78' lang='lat' dir='ltr'>de</span> 
     </span>
     <span class='ocr_line' id='line_1_20' title="bbox 351 1740 1995 1798; baseline -0.001 -13"><span class='ocrx_word' id='word_1_212' title='bbox 351 1742 459 1785; x_wconf 90' lang='lat' dir='ltr'>tutti</span> <span class='ocrx_word' id='word_1_213' title='bbox 480 1740 590 1785; x_wconf 87' lang='lat' dir='ltr'>boui</span> <span class='ocrx_word' id='word_1_214' title='bbox 612 1748 659 1784; x_wconf 88' lang='lat' dir='ltr'>et</span> <span class='ocrx_word' id='word_1_215' title='bbox 679 1740 868 1785; x_wconf 86' lang='lat' dir='ltr'>vaccine</span> <span class='ocrx_word' id='word_1_216' title='bbox 887 1742 974 1785; x_wconf 84' lang='lat' dir='ltr'>che</span> <span class='ocrx_word' id='word_1_217' title='bbox 995 1742 1032 1784; x_wconf 83' lang='lat' dir='ltr'>s’</span> <span class='ocrx_word' id='word_1_218' title='bbox 1057 1756 1294 1786; x_wconf 83' lang='lat' dir='ltr'>amassano</span> <span class='ocrx_word' id='word_1_219' title='bbox 1315 1741 1363 1784; x_wconf 92' lang='lat' dir='ltr'>in</span> <span class='ocrx_word' id='word_1_220' title='bbox 1390 1742 1625 1795; x_wconf 87' lang='lat' dir='ltr'>Andansa,</span> <span class='ocrx_word' id='word_1_221' title='bbox 1654 1755 1783 1786; x_wconf 90' lang='lat' dir='ltr'>come</span> <span class='ocrx_word' id='word_1_222' title='bbox 1811 1754 1995 1798; x_wconf 79' lang='lat' dir='ltr'>sempre</span> 
     </span>
     <span class='ocr_line' id='line_1_21' title="bbox 349 1818 1989 1875; baseline 0 -13"><span class='ocrx_word' id='word_1_223' title='bbox 349 1821 375 1863; x_wconf 77' lang='grc' dir='ltr'>ἐ</span> <span class='ocrx_word' id='word_1_224' title='bbox 397 1827 516 1862; x_wconf 88' lang='lat' dir='ltr'>stato</span> <span class='ocrx_word' id='word_1_225' title='bbox 538 1824 865 1871; x_wconf 87' lang='lat' dir='ltr'>accostumato,</span> <span class='ocrx_word' id='word_1_226' title='bbox 890 1825 1006 1862; x_wconf 87' lang='lat' dir='ltr'>tutte</span> <span class='ocrx_word' id='word_1_227' title='bbox 1026 1819 1069 1863; x_wconf 90' lang='lat' dir='ltr'>le</span> <span class='ocrx_word' id='word_1_228' title='bbox 1090 1818 1256 1864; x_wconf 86' lang='lat' dir='ltr'>intrate</span> <span class='ocrx_word' id='word_1_229' title='bbox 1277 1826 1324 1862; x_wconf 84' lang='lat' dir='ltr'>et</span> <span class='ocrx_word' id='word_1_230' title='bbox 1350 1819 1464 1864; x_wconf 80' lang='lat' dir='ltr'>altre</span> <span class='ocrx_word' id='word_1_231' title='bbox 1493 1833 1602 1862; x_wconf 88' lang='lat' dir='ltr'>cose</span> <span class='ocrx_word' id='word_1_232' title='bbox 1629 1819 1717 1862; x_wconf 90' lang='lat' dir='ltr'>che</span> <span class='ocrx_word' id='word_1_233' title='bbox 1745 1825 1989 1875; x_wconf 86' lang='lat' dir='ltr'>apparten—</span> 
     </span>
     <span class='ocr_line' id='line_1_22' title="bbox 350 1894 1991 1954; baseline 0 -15"><span class='ocrx_word' id='word_1_234' title='bbox 350 1911 474 1954; x_wconf 85' lang='lat' dir='ltr'>gono</span> <span class='ocrx_word' id='word_1_235' title='bbox 497 1896 539 1939; x_wconf 90' lang='lat' dir='ltr'>al</span> <span class='ocrx_word' id='word_1_236' title='bbox 561 1896 688 1939; x_wconf 86' lang='lat' dir='ltr'>detto</span> <span class='ocrx_word' id='word_1_237' title='bbox 709 1894 924 1951; x_wconf 87' lang='lat' dir='ltr'>priorato,</span> <span class='ocrx_word' id='word_1_238' title='bbox 950 1902 1130 1941; x_wconf 85' lang='lat' dir='ltr'>exeetto</span> <span class='ocrx_word' id='word_1_239' title='bbox 1158 1896 1311 1952; x_wconf 86' lang='lat' dir='ltr'>quello</span> <span class='ocrx_word' id='word_1_240' title='bbox 1338 1897 1424 1939; x_wconf 87' lang='lat' dir='ltr'>che</span> <span class='ocrx_word' id='word_1_241' title='bbox 1444 1896 1468 1940; x_wconf 83' lang='grc' dir='ltr'>ὲ</span> <span class='ocrx_word' id='word_1_242' title='bbox 1499 1902 1621 1940; x_wconf 85' lang='lat' dir='ltr'>stato</span> <span class='ocrx_word' id='word_1_243' title='bbox 1646 1910 1779 1952; x_wconf 85' lang='lat' dir='ltr'>sopra</span> <span class='ocrx_word' id='word_1_244' title='bbox 1807 1895 1991 1951; x_wconf 82' lang='lat' dir='ltr'>specifi-</span> 
     </span>
     <span class='ocr_line' id='line_1_23' title="bbox 348 1972 1991 2030; baseline 0 -13"><span class='ocrx_word' id='word_1_245' title='bbox 348 1980 469 2018; x_wconf 84' lang='lat' dir='ltr'>cato.</span> <span class='ocrx_word' id='word_1_246' title='bbox 494 1974 551 2016; x_wconf 83' lang='lat' dir='ltr'>Et</span> <span class='ocrx_word' id='word_1_247' title='bbox 573 1972 612 2015; x_wconf 86' lang='lat' dir='ltr'>si</span> <span class='ocrx_word' id='word_1_248' title='bbox 635 1973 754 2015; x_wconf 81' lang='lat' dir='ltr'>forsa</span> <span class='ocrx_word' id='word_1_249' title='bbox 774 1972 899 2016; x_wconf 84' lang='lat' dir='ltr'>detta</span> <span class='ocrx_word' id='word_1_250' title='bbox 927 1972 1211 2017; x_wconf 78' lang='lat' dir='ltr'>estimatione</span> <span class='ocrx_word' id='word_1_251' title='bbox 1234 1987 1416 2030; x_wconf 82' lang='lat' dir='ltr'>paresse</span> <span class='ocrx_word' id='word_1_252' title='bbox 1442 1972 1678 2017; x_wconf 83' lang='lat' dir='ltr'>excessiua</span> <span class='ocrx_word' id='word_1_253' title='bbox 1706 1973 1749 2016; x_wconf 87' lang='grc'>31</span> <span class='ocrx_word' id='word_1_254' title='bbox 1778 1973 1904 2016; x_wconf 85' lang='lat' dir='ltr'>detto</span> <span class='ocrx_word' id='word_1_255' title='bbox 1928 1972 1991 2017; x_wconf 81' lang='lat' dir='ltr'>si-</span> 
     </span>
     <span class='ocr_line' id='line_1_24' title="bbox 350 2048 1996 2107; baseline 0.001 -14"><span class='ocrx_word' id='word_1_256' title='bbox 350 2065 511 2107; x_wconf 83' lang='lat' dir='ltr'>gnore,</span> <span class='ocrx_word' id='word_1_257' title='bbox 531 2048 646 2094; x_wconf 88' lang='lat' dir='ltr'>detti</span> <span class='ocrx_word' id='word_1_258' title='bbox 661 2048 860 2105; x_wconf 82' lang='lat' dir='ltr'>religiosi</span> <span class='ocrx_word' id='word_1_259' title='bbox 877 2064 927 2094; x_wconf 90' lang='lat' dir='ltr'>se</span> <span class='ocrx_word' id='word_1_260' title='bbox 943 2057 1305 2094; x_wconf 87' lang='lat' dir='ltr'>contentaranno</span> <span class='ocrx_word' id='word_1_261' title='bbox 1319 2050 1376 2095; x_wconf 91' lang='lat' dir='ltr'>de</span> <span class='ocrx_word' id='word_1_262' title='bbox 1392 2064 1450 2094; x_wconf 88' lang='lat' dir='ltr'>ne</span> <span class='ocrx_word' id='word_1_263' title='bbox 1466 2056 1587 2093; x_wconf 81' lang='lat' dir='ltr'>stare</span> <span class='ocrx_word' id='word_1_264' title='bbox 1603 2064 1629 2093; x_wconf 97' lang='grc'>3</span> <span class='ocrx_word' id='word_1_265' title='bbox 1652 2050 1803 2106; x_wconf 86' lang='lat' dir='ltr'>quello</span> <span class='ocrx_word' id='word_1_266' title='bbox 1827 2051 1915 2093; x_wconf 89' lang='lat' dir='ltr'>che</span> <span class='ocrx_word' id='word_1_267' title='bbox 1932 2063 1996 2094; x_wconf 82' lang='lat' dir='ltr'>ne</span> 
     </span>
     <span class='ocr_line' id='line_1_25' title="bbox 351 2111 1989 2183; baseline 0 -13"><span class='ocrx_word' id='word_1_268' title='bbox 351 2127 548 2170; x_wconf 85' lang='lat' dir='ltr'>dicanno</span> <span class='ocrx_word' id='word_1_269' title='bbox 570 2125 586 2169; x_wconf 85' lang='lat' dir='ltr'>i</span> <span class='ocrx_word' id='word_1_270' title='bbox 607 2125 778 2178; x_wconf 87' lang='lat' dir='ltr'>arbitri,</span> <span class='ocrx_word' id='word_1_271' title='bbox 803 2125 834 2168; x_wconf 93' lang='lat' dir='ltr'>li</span> <span class='ocrx_word' id='word_1_272' title='bbox 858 2126 978 2181; x_wconf 86' lang='lat' dir='ltr'>quali</span> <span class='ocrx_word' id='word_1_273' title='bbox 1000 2111 1196 2170; x_wconf 84' lang='lat' dir='ltr'>saranno</span> <span class='ocrx_word' id='word_1_274' title='bbox 1213 2127 1338 2170; x_wconf 88' lang='lat' dir='ltr'>eletti</span> <span class='ocrx_word' id='word_1_275' title='bbox 1359 2127 1404 2170; x_wconf 89' lang='lat' dir='ltr'>d’</span> <span class='ocrx_word' id='word_1_276' title='bbox 1428 2142 1520 2170; x_wconf 90' lang='lat' dir='ltr'>vna</span> <span class='ocrx_word' id='word_1_277' title='bbox 1541 2133 1669 2183; x_wconf 88' lang='lat' dir='ltr'>parte</span> <span class='ocrx_word' id='word_1_278' title='bbox 1691 2133 1735 2171; x_wconf 90' lang='lat' dir='ltr'>et</span> <span class='ocrx_word' id='word_1_279' title='bbox 1757 2127 1804 2169; x_wconf 86' lang='lat' dir='ltr'>d&#39;</span> <span class='ocrx_word' id='word_1_280' title='bbox 1829 2127 1989 2170; x_wconf 84' lang='lat' dir='ltr'>altra».</span> 
     </span>
    </p>

    <p class='ocr_par' dir='ltr' id='par_1_3' title="bbox 352 2203 2000 2644">
     <span class='ocr_line' id='line_1_26' title="bbox 442 2203 2000 2261; baseline 0 -14"><span class='ocrx_word' id='word_1_281' title='bbox 442 2216 484 2247; x_wconf 88' lang='lat'>2.</span> <span class='ocrx_word' id='word_1_282' title='bbox 550 2205 666 2248; x_wconf 87' lang='lat' dir='ltr'>Mro.</span> <span class='ocrx_word' id='word_1_283' title='bbox 692 2203 859 2261; x_wconf 89' lang='lat' dir='ltr'>Joanni</span> <span class='ocrx_word' id='word_1_284' title='bbox 882 2204 1055 2249; x_wconf 90' lang='lat' dir='ltr'>Tioneo</span> <span class='ocrx_word' id='word_1_285' title='bbox 1082 2205 1092 2226; x_wconf 92' lang='lat'>¹</span> <span class='ocrx_word' id='word_1_286' title='bbox 1117 2219 1295 2260; x_wconf 89' lang='lat' dir='ltr'>sempre</span> <span class='ocrx_word' id='word_1_287' title='bbox 1317 2211 1387 2249; x_wconf 88' lang='lat' dir='ltr'>sta</span> <span class='ocrx_word' id='word_1_288' title='bbox 1418 2218 1505 2248; x_wconf 88' lang='lat' dir='ltr'>con</span> <span class='ocrx_word' id='word_1_289' title='bbox 1532 2205 1577 2248; x_wconf 89' lang='grc'><strong>13</strong></span> <span class='ocrx_word' id='word_1_290' title='bbox 1605 2205 1747 2259; x_wconf 85' lang='lat' dir='ltr'>febre,</span> <span class='ocrx_word' id='word_1_291' title='bbox 1779 2211 1823 2248; x_wconf 83' lang='lat' dir='ltr'>et</span> <span class='ocrx_word' id='word_1_292' title='bbox 1854 2218 2000 2260; x_wconf 87' lang='lat' dir='ltr'>penso</span> 
     </span>
     <span class='ocr_line' id='line_1_27' title="bbox 352 2280 1992 2342; baseline 0 -18"><span class='ocrx_word' id='word_1_293' title='bbox 352 2280 714 2338; x_wconf 87' lang='lat' dir='ltr'>probabilmente</span> <span class='ocrx_word' id='word_1_294' title='bbox 740 2281 828 2325; x_wconf 86' lang='lat' dir='ltr'>che</span> <span class='ocrx_word' id='word_1_295' title='bbox 850 2295 929 2336; x_wconf 86' lang='lat' dir='ltr'>per</span> <span class='ocrx_word' id='word_1_296' title='bbox 947 2288 1068 2325; x_wconf 90' lang='lat' dir='ltr'>tutto</span> <span class='ocrx_word' id='word_1_297' title='bbox 1084 2281 1279 2342; x_wconf 84' lang='lat' dir='ltr'>ques[to]</span> <span class='ocrx_word' id='word_1_298' title='bbox 1297 2283 1503 2338; x_wconf 86' lang='lat' dir='ltr'>hyuerno</span> <span class='ocrx_word' id='word_1_299' title='bbox 1525 2296 1618 2325; x_wconf 90' lang='lat' dir='ltr'>non</span> <span class='ocrx_word' id='word_1_300' title='bbox 1634 2281 1763 2338; x_wconf 73' lang='lat' dir='ltr'>potra</span> <span class='ocrx_word' id='word_1_301' title='bbox 1782 2281 1992 2337; x_wconf 51' lang='lat' dir='ltr'>leggere,</span> 
     </span>
     <span class='ocr_line' id='line_1_28' title="bbox 353 2357 1996 2422; baseline -0.001 -20"><span class='ocrx_word' id='word_1_302' title='bbox 353 2357 439 2402; x_wconf 88' lang='lat' dir='ltr'>Lui</span> <span class='ocrx_word' id='word_1_303' title='bbox 462 2371 626 2401; x_wconf 86' lang='lat' dir='ltr'>ancora</span> <span class='ocrx_word' id='word_1_304' title='bbox 646 2371 738 2401; x_wconf 90' lang='lat' dir='ltr'>non</span> <span class='ocrx_word' id='word_1_305' title='bbox 759 2357 785 2400; x_wconf 81' lang='lat' dir='ltr'>e</span> <span class='ocrx_word' id='word_1_306' title='bbox 807 2358 946 2422; x_wconf 87' lang='lat' dir='ltr'>molto</span> <span class='ocrx_word' id='word_1_307' title='bbox 969 2364 1074 2414; x_wconf 90' lang='lat' dir='ltr'>apto</span> <span class='ocrx_word' id='word_1_308' title='bbox 1095 2373 1175 2414; x_wconf 87' lang='lat' dir='ltr'>per</span> <span class='ocrx_word' id='word_1_309' title='bbox 1196 2358 1438 2402; x_wconf 85' lang='lat' dir='ltr'>rhetorica.</span> <span class='ocrx_word' id='word_1_310' title='bbox 1471 2357 1767 2402; x_wconf 82' lang='lat' dir='ltr'>Hauressimo</span> <span class='ocrx_word' id='word_1_311' title='bbox 1794 2357 1996 2414; x_wconf 84' lang='lat' dir='ltr'>bisogno</span> 
     </span>
     <span class='ocr_line' id='line_1_29' title="bbox 353 2433 1989 2492; baseline -0.001 -15"><span class='ocrx_word' id='word_1_312' title='bbox 353 2435 398 2477; x_wconf 89' lang='lat' dir='ltr'>d’</span> <span class='ocrx_word' id='word_1_313' title='bbox 430 2449 521 2478; x_wconf 87' lang='lat' dir='ltr'>vno</span> <span class='ocrx_word' id='word_1_314' title='bbox 553 2434 949 2487; x_wconf 77' lang='lat' dir='ltr'>buonrethorico,</span> <span class='ocrx_word' id='word_1_315' title='bbox 983 2435 1014 2477; x_wconf 90' lang='lat' dir='ltr'>il</span> <span class='ocrx_word' id='word_1_316' title='bbox 1046 2436 1180 2492; x_wconf 82' lang='lat' dir='ltr'>quale</span> <span class='ocrx_word' id='word_1_317' title='bbox 1211 2450 1396 2492; x_wconf 86' lang='lat' dir='ltr'>sapesse</span> <span class='ocrx_word' id='word_1_318' title='bbox 1426 2436 1516 2480; x_wconf 86' lang='lat' dir='ltr'>ben</span> <span class='ocrx_word' id='word_1_319' title='bbox 1547 2448 1822 2492; x_wconf 87' lang='lat' dir='ltr'>componere</span> <span class='ocrx_word' id='word_1_320' title='bbox 1852 2433 1989 2477; x_wconf 84' lang='lat' dir='ltr'>versi.</span> 
     </span>
     <span class='ocr_line' id='line_1_30' title="bbox 356 2496 1997 2569; baseline -0.002 -14"><span class='ocrx_word' id='word_1_321' title='bbox 356 2513 445 2556; x_wconf 90' lang='lat' dir='ltr'>Per</span> <span class='ocrx_word' id='word_1_322' title='bbox 467 2496 619 2554; x_wconf 87' lang='lat' dir='ltr'>arnore</span> <span class='ocrx_word' id='word_1_323' title='bbox 640 2509 687 2553; x_wconf 88' lang='lat' dir='ltr'>di</span> <span class='ocrx_word' id='word_1_324' title='bbox 707 2509 798 2554; x_wconf 87' lang='lat' dir='ltr'>Dio</span> <span class='ocrx_word' id='word_1_325' title='bbox 819 2511 876 2554; x_wconf 92' lang='lat' dir='ltr'>V.</span> <span class='ocrx_word' id='word_1_326' title='bbox 903 2512 956 2554; x_wconf 87' lang='lat' dir='ltr'>R.</span> <span class='ocrx_word' id='word_1_327' title='bbox 982 2527 1041 2556; x_wconf 93' lang='lat' dir='ltr'>ne</span> <span class='ocrx_word' id='word_1_328' title='bbox 1062 2512 1243 2568; x_wconf 84' lang='lat' dir='ltr'>procuri</span> <span class='ocrx_word' id='word_1_329' title='bbox 1265 2526 1360 2556; x_wconf 88' lang='lat' dir='ltr'>vno</span> <span class='ocrx_word' id='word_1_330' title='bbox 1380 2526 1459 2569; x_wconf 89' lang='lat' dir='ltr'>per</span> <span class='ocrx_word' id='word_1_331' title='bbox 1481 2518 1642 2568; x_wconf 81' lang='lat' dir='ltr'>questo</span> <span class='ocrx_word' id='word_1_332' title='bbox 1669 2510 1882 2568; x_wconf 84' lang='lat' dir='ltr'>collegio,</span> <span class='ocrx_word' id='word_1_333' title='bbox 1908 2511 1997 2553; x_wconf 80' lang='lat' dir='ltr'>che</span> 
     </span>
     <span class='ocr_line' id='line_1_31' title="bbox 358 2588 878 2644; baseline -0.002 -13"><span class='ocrx_word' id='word_1_334' title='bbox 358 2588 516 2644; x_wconf 86' lang='lat' dir='ltr'>sappia</span> <span class='ocrx_word' id='word_1_335' title='bbox 537 2602 703 2632; x_wconf 87' lang='lat' dir='ltr'>ancora</span> <span class='ocrx_word' id='word_1_336' title='bbox 724 2600 878 2644; x_wconf 81' lang='lat' dir='ltr'>greco.</span> 
     </span>
    </p>

    <p class='ocr_par' dir='ltr' id='par_1_4' title="bbox 447 2663 2001 2722">
     <span class='ocr_line' id='line_1_32' title="bbox 447 2663 2001 2722; baseline -0.001 -14"><span class='ocrx_word' id='word_1_337' title='bbox 447 2679 488 2720; x_wconf 85' lang='lat'>3.</span> <span class='ocrx_word' id='word_1_338' title='bbox 554 2667 670 2710; x_wconf 90' lang='lat' dir='ltr'>Mro.</span> <span class='ocrx_word' id='word_1_339' title='bbox 710 2663 947 2709; x_wconf 86' lang='lat' dir='ltr'>Ludouieo</span> <span class='ocrx_word' id='word_1_340' title='bbox 976 2665 1234 2710; x_wconf 87' lang='lat' dir='ltr'>Gerardino</span> <span class='ocrx_word' id='word_1_341' title='bbox 1255 2667 1288 2721; x_wconf 78' lang='lat'>²,</span> <span class='ocrx_word' id='word_1_342' title='bbox 1319 2666 1351 2709; x_wconf 88' lang='lat' dir='ltr'>il</span> <span class='ocrx_word' id='word_1_343' title='bbox 1380 2666 1514 2722; x_wconf 88' lang='lat' dir='ltr'>quale</span> <span class='ocrx_word' id='word_1_344' title='bbox 1541 2665 1680 2722; x_wconf 86' lang='lat' dir='ltr'>legge</span> <span class='ocrx_word' id='word_1_345' title='bbox 1716 2665 1760 2708; x_wconf 90' lang='grc'>13</span> <span class='ocrx_word' id='word_1_346' title='bbox 1792 2663 2001 2721; x_wconf 83' lang='lat' dir='ltr'>philoso-</span> 
     </span>
    </p>
   </div>
   <div class='ocr_carea' id='block_1_3' title="bbox 375 2747 522 2752">
    <p class='ocr_par' dir='ltr' id='par_1_5' title="bbox 375 2747 522 2752">
     <span class='ocr_line' id='line_1_33' title="bbox 375 2747 522 2752; baseline 0 0"><span class='ocrx_word' id='word_1_347' title='bbox 375 2747 522 2752; x_wconf 95' lang='lat' dir='ltr'> </span> 
     </span>
    </p>
   </div>
   <div class='ocr_carea' id='block_1_4' title="bbox 524 2746 655 2752">
    <p class='ocr_par' dir='ltr' id='par_1_6' title="bbox 524 2746 655 2752">
     <span class='ocr_line' id='line_1_34' title="bbox 524 2746 655 2752; baseline 0 0"><span class='ocrx_word' id='word_1_348' title='bbox 524 2746 655 2752; x_wconf 95' lang='lat' dir='ltr'> </span> 
     </span>
    </p>
   </div>
   <div class='ocr_carea' id='block_1_5' title="bbox 428 2782 2001 2831">
    <p class='ocr_par' dir='ltr' id='par_1_7' title="bbox 428 2782 2001 2831">
     <span class='ocr_line' id='line_1_35' title="bbox 428 2782 2001 2831; baseline -0.001 -12"><span class='ocrx_word' id='word_1_349' title='bbox 428 2791 449 2812; x_wconf 86' lang='lat' dir='ltr'>a</span> <span class='ocrx_word' id='word_1_350' title='bbox 487 2785 533 2819; x_wconf 91' lang='lat' dir='ltr'>In</span> <span class='ocrx_word' id='word_1_351' title='bbox 552 2795 674 2828; x_wconf 70' lang='lat' dir='ltr'>marg.</span> <span class='ocrx_word' id='word_1_352' title='bbox 695 2782 831 2819; x_wconf 81' lang='lat' dir='ltr'>eadem</span> <span class='ocrx_word' id='word_1_353' title='bbox 849 2794 966 2820; x_wconf 83' lang='lat' dir='ltr'>manu</span> <span class='ocrx_word' id='word_1_354' title='bbox 983 2784 1184 2821; x_wconf 84' lang='lat' dir='ltr'>Matthaei:</span> <span class='ocrx_word' id='word_1_355' title='bbox 1206 2786 1383 2831; x_wconf 78' lang='lat' dir='ltr'>«Queste</span> <span class='ocrx_word' id='word_1_356' title='bbox 1398 2789 1503 2820; x_wconf 90' lang='lat' dir='ltr'>torre</span> <span class='ocrx_word' id='word_1_357' title='bbox 1517 2794 1615 2820; x_wconf 88' lang='lat' dir='ltr'>sono</span> <span class='ocrx_word' id='word_1_358' title='bbox 1629 2783 1656 2819; x_wconf 86' lang='lat' dir='ltr'>il</span> <span class='ocrx_word' id='word_1_359' title='bbox 1671 2784 1785 2820; x_wconf 88' lang='lat' dir='ltr'>luoeo</span> <span class='ocrx_word' id='word_1_360' title='bbox 1803 2783 1908 2819; x_wconf 87' lang='lat' dir='ltr'>delle</span> <span class='ocrx_word' id='word_1_361' title='bbox 1926 2782 2001 2829; x_wconf 87' lang='lat' dir='ltr'>pri-</span> 
     </span>
    </p>
   </div>
   <div class='ocr_carea' id='block_1_6' title="bbox 357 2842 1999 2952">
    <p class='ocr_par' dir='ltr' id='par_1_8' title="bbox 357 2842 1999 2952">
     <span class='ocr_line' id='line_1_36' title="bbox 357 2842 1999 2891; baseline -0.001 -12"><span class='ocrx_word' id='word_1_362' title='bbox 357 2843 481 2890; x_wconf 88' lang='lat' dir='ltr'>gioni,</span> <span class='ocrx_word' id='word_1_363' title='bbox 502 2849 542 2879; x_wconf 87' lang='lat' dir='ltr'>et</span> <span class='ocrx_word' id='word_1_364' title='bbox 561 2844 601 2880; x_wconf 90' lang='lat' dir='ltr'>in</span> <span class='ocrx_word' id='word_1_365' title='bbox 621 2842 752 2891; x_wconf 85' lang='lat' dir='ltr'>tempo</span> <span class='ocrx_word' id='word_1_366' title='bbox 768 2843 807 2879; x_wconf 90' lang='lat' dir='ltr'>di</span> <span class='ocrx_word' id='word_1_367' title='bbox 824 2854 965 2890; x_wconf 89' lang='lat' dir='ltr'>guerra</span> <span class='ocrx_word' id='word_1_368' title='bbox 982 2845 1009 2880; x_wconf 90' lang='lat' dir='ltr'>li</span> <span class='ocrx_word' id='word_1_369' title='bbox 1033 2844 1194 2881; x_wconf 81' lang='lat' dir='ltr'>citadini</span> <span class='ocrx_word' id='word_1_370' title='bbox 1218 2844 1335 2880; x_wconf 82' lang='lat' dir='ltr'>fanno</span> <span class='ocrx_word' id='word_1_371' title='bbox 1357 2845 1394 2881; x_wconf 87' lang='lat' dir='ltr'>la</span> <span class='ocrx_word' id='word_1_372' title='bbox 1416 2843 1580 2891; x_wconf 87' lang='lat' dir='ltr'>guardia</span> <span class='ocrx_word' id='word_1_373' title='bbox 1604 2854 1718 2890; x_wconf 90' lang='lat' dir='ltr'>sopra</span> <span class='ocrx_word' id='word_1_374' title='bbox 1743 2843 1852 2879; x_wconf 86' lang='lat' dir='ltr'>dette</span> <span class='ocrx_word' id='word_1_375' title='bbox 1880 2848 1999 2879; x_wconf 79' lang='lat' dir='ltr'>torre:</span> 
     </span>
     <span class='ocr_line' id='line_1_37' title="bbox 362 2903 968 2952; baseline 0 -14"><span class='ocrx_word' id='word_1_376' title='bbox 362 2914 460 2938; x_wconf 88' lang='lat' dir='ltr'>sono</span> <span class='ocrx_word' id='word_1_377' title='bbox 485 2903 779 2940; x_wconf 81' lang='lat' dir='ltr'>nientedimeno</span> <span class='ocrx_word' id='word_1_378' title='bbox 793 2908 968 2952; x_wconf 80' lang='lat' dir='ltr'>nostre.»</span> 
     </span>
    </p>
   </div>
   <div class='ocr_carea' id='block_1_7' title="bbox 365 2970 649 2981">
    <p class='ocr_par' dir='ltr' id='par_1_9' title="bbox 365 2970 649 2981">
     <span class='ocr_line' id='line_1_38' title="bbox 365 2970 649 2981; baseline 0 567"><span class='ocrx_word' id='word_1_379' title='bbox 365 2970 649 2981; x_wconf 95' lang='lat' dir='ltr'> </span> 
     </span>
    </p>
   </div>
   <div class='ocr_carea' id='block_1_8' title="bbox 432 3003 2001 3112">
    <p class='ocr_par' dir='ltr' id='par_1_10' title="bbox 432 3003 2001 3112">
     <span class='ocr_line' id='line_1_39' title="bbox 432 3003 1103 3051; baseline 0.001 -12"><span class='ocrx_word' id='word_1_380' title='bbox 432 3003 441 3024; x_wconf 93' lang='lat'>¹</span> <span class='ocrx_word' id='word_1_381' title='bbox 495 3005 555 3039; x_wconf 88' lang='lat' dir='ltr'>De</span> <span class='ocrx_word' id='word_1_382' title='bbox 574 3005 640 3040; x_wconf 90' lang='lat' dir='ltr'>illo</span> <span class='ocrx_word' id='word_1_383' title='bbox 659 3004 749 3040; x_wconf 90' lang='lat' dir='ltr'>vide</span> <span class='ocrx_word' id='word_1_384' title='bbox 768 3004 882 3051; x_wconf 87' lang='lat' dir='ltr'>epist.</span> <span class='ocrx_word' id='word_1_385' title='bbox 904 3003 989 3051; x_wconf 86' lang='lat'>538,</span> <span class='ocrx_word' id='word_1_386' title='bbox 1008 3017 1046 3041; x_wconf 85' lang='lat' dir='ltr'>n.</span> <span class='ocrx_word' id='word_1_387' title='bbox 1067 3005 1103 3040; x_wconf 89' lang='lat'>3.</span> 
     </span>
     <span class='ocr_line' id='line_1_40' title="bbox 433 3061 2001 3112; baseline 0 -15"><span class='ocrx_word' id='word_1_388' title='bbox 433 3064 447 3084; x_wconf 70' lang='lat'>2</span> <span class='ocrx_word' id='word_1_389' title='bbox 498 3062 592 3108; x_wconf 90' lang='lat' dir='ltr'>Ejus</span> <span class='ocrx_word' id='word_1_390' title='bbox 610 3075 776 3100; x_wconf 85' lang='lat' dir='ltr'>examen</span> <span class='ocrx_word' id='word_1_391' title='bbox 792 3064 915 3100; x_wconf 82' lang='lat' dir='ltr'>habes</span> <span class='ocrx_word' id='word_1_392' title='bbox 933 3063 977 3100; x_wconf 86' lang='lat' dir='ltr'>in</span> <span class='ocrx_word' id='word_1_393' title='bbox 991 3064 1122 3111; x_wconf 71' lang='lat' dir='ltr'>Epist.</span> <span class='ocrx_word' id='word_1_394' title='bbox 1142 3064 1303 3112; x_wconf 74' lang='lat' dir='ltr'>NataL,</span> <span class='ocrx_word' id='word_1_395' title='bbox 1318 3064 1372 3107; x_wconf 90' lang='lat' dir='ltr'>II,</span> <span class='ocrx_word' id='word_1_396' title='bbox 1387 3071 1473 3110; x_wconf 69' lang='lat'>570,</span> <span class='ocrx_word' id='word_1_397' title='bbox 1490 3064 1536 3101; x_wconf 88' lang='lat' dir='ltr'>In</span> <span class='ocrx_word' id='word_1_398' title='bbox 1548 3064 1728 3110; x_wconf 75' lang='lat' dir='ltr'>catalogo</span> <span class='ocrx_word' id='word_1_399' title='bbox 1740 3061 1896 3108; x_wconf 75' lang='lat' dir='ltr'>collegii</span> <span class='ocrx_word' id='word_1_400' title='bbox 1909 3072 2001 3098; x_wconf 87' lang='lat' dir='ltr'>ave-</span> 
     </span>
    </p>
   </div>
  </div>
 </body>
</html>
