2228 3548
434 278 449 305 1
458 277 497 315 14
940 263 1080 298 Ems‘r.
1107 259 1151 295 P.
1179 256 1452 294 NADAL—388

377 369 479 425 sarij
504 365 645 411 buoni
661 364 882 423 soggetti,
901 370 949 408 et
964 377 1057 406 non
1074 359 1324 417 dispiacera
1340 359 1415 403 all’
1434 358 1577 403 Illmo.
1597 359 1796 404 cardinal
1814 360 2014 404 Comen—

371 448 476 498 don,
497 458 663 489 ancora
684 444 769 486 che
791 441 918 485 siano
939 439 1017 497 pisi
1039 440 1125 483 che
1147 435 1530 481 mediocremente
1552 436 1709 481 buoni.

459 533 500 577 5.
566 509 604 565 E
625 521 715 564 ben
737 520 864 571 fatto,
890 530 1108 574 procurat
1129 516 1213 558 che
1234 514 1277 559 16
1297 513 1457 571 regine
1483 515 1513 567 ¹,
1538 515 1624 559 che
1640 520 1805 558 stanno
1826 513 1874 558 in
1896 514 2009 559 His-

368 600 529 657 pruch,
553 597 591 641 si
612 595 877 640 contentino
904 594 1022 637 della
1051 590 1257 637 absentia
1283 591 1358 636 del
1388 592 1442 635 P.
1468 592 1679 636 Hermes,
1704 592 1791 637 Del
1818 593 2008 636 mandar

368 677 414 719 in
436 690 518 719 suo
538 675 643 718 loco
666 673 696 716 il
721 675 773 716 P.
800 673 999 715 Thomas
1020 670 1156 715 Gallo
1177 670 1211 722 ³,
1236 683 1264 712 o
1284 668 1419 722 altro,
1439 667 1500 711 mi
1524 667 1704 713 rimetto
1726 684 1752 713 a
1773 670 1832 714 V.
1858 671 1913 714 R.

455 753 497 796 6.
563 751 754 795 Intendo
776 751 861 793 che
883 747 921 792 si
952 747 1152 792 lasciano
1182 746 1322 790 ueder
1344 746 1490 802 poche
1518 746 1643 789 uolte
1665 745 1697 788 il
1728 747 1775 790 P.
1802 746 1973 805 Luiggi
1991 748 2006 769 ³

372 838 417 874 et
445 829 476 872 il
504 843 588 872 suo
609 840 874 883 compagno.
901 826 959 869 V.
986 826 1038 869 R.
1062 824 1263 881 proueda
1291 837 1419 867 come
1446 822 1478 866 li
1508 825 1668 880 parera
1689 823 2006 877 conueniente,

368 914 413 952 et
435 921 484 951 se
505 905 552 948 in
574 919 676 949 casa
697 918 789 946 non
806 916 1002 959 possono
1019 899 1243 958 aloggiar,
1263 914 1344 956 per
1360 900 1404 943 la
1420 906 1643 944 stretezza
1659 914 1686 943 o
1704 914 1785 956 per
1809 900 2010 958 re‘spetto

370 984 473 1028 dell'
506 983 650 1026 Illmo.
685 979 907 1032 cardinal,
939 979 981 1022 al
1009 992 1145 1023 meno
1174 986 1389 1034 uengano
1424 991 1573 1033 speso,
1604 983 1651 1020 et
1681 976 1719 1020 si
1747 977 2007 1023 confessino

372 1059 478 1103 tutti
499 1058 606 1102 duoi
639 1058 685 1100 in
708 1071 813 1101 casa
834 1071 843 1110 3
869 1063 915 1101 et
936 1056 1119 1111 quando
1141 1055 1185 1098 la
1206 1053 1327 1099 dieta
1350 1053 1462 1098 fussi
1493 1053 1643 1107 finita,
1674 1061 1721 1099 et
1747 1054 1779 1097 il
1807 1054 2006 1099 cardinal

371 1136 502 1182 stessi
529 1136 577 1179 in
598 1135 804 1192 Dilinga,
830 1134 1094 1177 doueranno
1117 1139 1237 1177 stare
1258 1132 1333 1175 nel
1355 1131 1566 1189 collegio,
1585 1138 1631 1176 et
1652 1131 1698 1175 di
1721 1132 1763 1175 la
1784 1138 2010 1189 potranno

377 1213 550 1258 seruire
578 1214 621 1256 al
642 1211 884 1256 cardinale.
918 1211 1005 1255 Del
1033 1216 1153 1254 resto
1182 1208 1258 1253 noi
1286 1208 1449 1253 stiamo
1481 1223 1571 1265 qua
1592 1223 1679 1252 con
1706 1208 1869 1262 sanita,
1901 1215 1947 1254 et
1968 1208 2010 1252 ci

379 1290 768 1334 raccomandiamo
795 1288 935 1331 molto
962 1287 1081 1331 nelle
1103 1285 1297 1330 orationi
1318 1293 1365 1331 et
1386 1285 1593 1343 sacrificij
1618 1285 1664 1330 di
1685 1287 1743 1331 V.
1770 1288 1845 1340 R.,
1870 1300 1958 1331 con
1978 1286 2009 1330 li

376 1367 511 1411 Padri
549 1367 770 1410 Ledesma
806 1372 851 1410 et
889 1364 1130 1408 Ximenez.
1172 1365 1243 1408 De
1279 1365 1443 1417 Roma,
1490 1374 1516 1418 7
1552 1363 1610 1407 de
1646 1362 1835 1421 Maggio
1878 1364 2005 1419 1566.

378 1446 447 1489 De
471 1446 527 1488 V.
554 1445 606 1487 R.
634 1443 783 1486 sieruo
805 1457 863 1486 en
883 1443 1023 1498 Xpo.,

1474 1518 1766 1562 FRANCISco.

463 1610 504 1652 7.
570 1599 727 1654 Agora
749 1611 820 1640 me
842 1596 974 1642 dizen
1001 1611 1090 1652 que
1112 1610 1195 1640 son
1217 1595 1422 1653 llegados
1449 1598 1475 1638 a
1504 1593 1670 1639 Liorna
1691 1595 1759 1639 los
1781 1595 1921 1640 libros
1948 1597 2010 1646 de

377 1677 518 1720 Leon.
544 1675 726 1731 Digolo,
748 1689 855 1731 para
871 1688 958 1729 que
975 1675 1030 1718 V.
1050 1675 1103 1718 R.
1125 1672 1337 1718 entienda
1353 1687 1443 1729 que
1459 1686 1519 1715 no
1537 1672 1727 1716 saltaran
1744 1672 1884 1716 libros
1899 1687 2008 1731 para

377 1752 560 1808 quando
593 1766 764 1808 venga,
797 1750 834 1793 si
865 1752 992 1807 plaze
1022 1755 1048 1794 a
1080 1750 1207 1794 Dios.
1234 1750 1287 1793 El
1319 1750 1462 1794 Illmo.
1493 1751 1701 1794 Frenesa
1732 1764 1895 1806 parece
1919 1765 2009 1807 que

376 1829 531 1885 quiere
558 1829 700 1872 lleuar
728 1829 934 1871 adelante
955 1829 998 1871 lo
1020 1829 1077 1872 de
1105 1834 1291 1871 nuestra
1318 1826 1478 1884 iglesia
1506 1827 1539 1870 ⁴.
1575 1827 1628 1870 El
1656 1827 1800 1871 Illmo.
1828 1829 2008 1873 Monte-

376 1906 602 1962 pulchano
624 1905 644 1932 b
673 1906 686 1927 ⁵
710 1908 852 1949 uerna
873 1919 1012 1961 agora
1040 1919 1098 1948 en
1119 1911 1217 1948 esta
1237 1918 1423 1949 semana
1449 1907 1476 1947 a
1503 1905 1640 1948 echar
1667 1904 1709 1948 el
1735 1904 1846 1948 sello
1877 1919 1936 1949 en
1965 1905 2010 1949 la

376 1989 500 2038 traca
520 1997 550 2038 y
570 1981 688 2025 sitio.
714 1983 943 2024 Dominus
965 1982 1159 2039 dirigat.
1187 1979 1571 2026 Encomendienlo
1607 1987 1625 2008 0
1657 1981 1745 2025 alla
1772 1981 1815 2025 al
1842 1982 2007 2036 Sefior,

375 2074 489 2116 pues
511 2066 613 2103 toea
634 2063 660 2102 a
684 2059 831 2111 todos‚
850 2061 891 2101 et
912 2074 995 2101 ora
1010 2064 1099 2115 pro
1121 2072 1207 2102 me.

465 2137 709 2192 Inscriptio
737 2137 788 2177 in
816 2139 981 2191 quarta
996 2136 1181 2193 pagina
1198 2151 1210 2178 .·
1233 2134 1263 2194 †
1285 2135 1346 2179 Al
1373 2135 1514 2178 molto
1535 2136 1649 2179 Rdo.
1676 2135 1721 2179 in
1755 2137 1875 2192 Xpo.
1902 2137 1955 2181 P.
1982 2136 2013 2180 il

381 2215 433 2256 P.
466 2215 523 2257 D.
556 2212 826 2257 Hieronimo
863 2213 1018 2266 Natal,
1049 2212 1255 2256 visitator
1285 2212 1403 2257 nelle
1434 2211 1661 2269 prouintie
1682 2212 1728 2256 di
1756 2213 2020 2271 Alemagna.

448 2355 470 2376 a
509 2348 588 2395 Sic,
606 2359 674 2395 pro
692 2348 866 2384 Farnese
889 2350 951 2383 vel
977 2349 1263 2385 Parnasia—1³
1293 2348 1375 2396 Sic,
1399 2359 1468 2396 pro
1492 2348 1900 2396 Montepulciano.—c
1931 2348 2012 2395 Sic,

379 2420 448 2455 pro
465 2407 801 2444 encomie‘ndenlo.

457 2543 465 2562 ¹
517 2539 640 2575 Filiae
659 2537 893 2574 Ferdinandi
911 2539 927 2573 I
945 2539 1124 2586 caesaris,
1149 2540 1394 2587 Magdalena,
1419 2539 1628 2586 Margarita
1650 2545 1690 2575 et
1713 2540 1882 2577 Helena.
1912 2540 2013 2577 Vide

383 2598 515 2645 Epist.
540 2597 682 2633 Natal.
695 2624 704 2642 ,
724 2597 775 2642 11,
799 2597 974 2641 657-660.
999 2599 1057 2633 Ex
1075 2598 1247 2646 quinque
1265 2598 1321 2635 ibi
1345 2597 1563 2642 recensitis,
1582 2602 1662 2633 tres
1679 2598 1752 2634 hoc
1770 2609 1872 2635 anno
1895 2598 2011 2637 Oeni-

384 2662 501 2703 ponte
520 2657 733 2700 restabant3
759 2666 848 2691 nam
871 2656 1040 2692 Barbara
1065 2657 1156 2694 duci
1183 2656 1398 2704 Ferrariae,
1418 2661 1459 2693 et
1484 2657 1636 2703 Joanna
1660 2655 1751 2693 duci
1777 2657 2014 2706 Florentiae,

385 2720 615 2762 nupserant.
639 2714 740 2750 Vide
758 2725 889 2761 supra,
908 2715 1027 2761 epist.
1050 2715 1135 2762 382,
1154 2728 1197 2753 n.
1225 2725 1286 2752 10.

456 2777 470 2796 2
521 2774 620 2810 Vide
639 2773 759 2821 epist.
782 2772 866 2818 352,
885 2785 927 2809 n.
956 2773 1015 2811 13.
1375 2775 1390 2796 ³
1441 2773 1615 2810 Aloisius
1632 2773 1682 2811 de
1697 2775 1902 2813 Mendoza.

457 2835 472 2855 ¹²
522 2833 659 2869 Sermo
677 2837 737 2868 est
753 2831 803 2867 de
827 2834 973 2879 templo
998 2833 1084 2870 «del
1109 2834 1242 2871 Gesfi»
1260 2846 1283 2870 a
1301 2832 1487 2871 cardinali
1506 2833 1692 2870 Farnesio
1709 2835 1858 2871 Romae
1882 2841 2021 2884 postea

386 2897 517 2927 erecto
527 2918 536 2928 .
557 2894 616 2928 De
630 2891 745 2938 hujus
760 2891 896 2938 templi
910 2891 1031 2928 initiis
1044 2894 1203 2940 copiose
1217 2899 1258 2930 et
1271 2893 1424 2930 erudite
1437 2891 1596 2929 disserit
1609 2893 1655 2931 P.
1670 2893 1838 2931 PETRUS
1852 2895 2021 2933 TACCHI

388 2951 581 2990 VENTum
598 2951 642 2986 S.
664 2951 705 2997 J.
725 2949 765 2985 in
782 2960 900 2996 opere
917 2951 981 2986 cui
998 2951 1135 2989 titulus
1156 2953 1208 2989 Le
1225 2964 1312 2989 case
1334 2952 1482 2988 abitate
1505 2952 1550 2988 in
1567 2952 1698 2989 Roma
1720 2955 1775 2989 da
1794 2953 1834 2990 S.
1853 2954 2022 3003 Ignazio

388 3012 432 3047 di
452 3011 606 3055 LoioZa,
625 3020 747 3057 pagg.
770 3017 897 3054 44-54.

461 3072 475 3092 ⁵
525 3069 698 3116 Spinello
716 3068 837 3104 Benei
855 3068 1107 3116 (1562-1596).
