<?xml version="1.0" encoding="UTF-8"?>
<!DOCTYPE html PUBLIC "-//W3C//DTD XHTML 1.0 Transitional//EN"
    "http://www.w3.org/TR/xhtml1/DTD/xhtml1-transitional.dtd">
<html xmlns="http://www.w3.org/1999/xhtml" xml:lang="en" lang="en">
 <head>
  <title>
</title>
<meta http-equiv="Content-Type" content="text/html;charset=utf-8" />
  <meta name='ocr-system' content='tesseract 3.04.00' />
  <meta name='ocr-capabilities' content='ocr_page ocr_carea ocr_par ocr_line ocrx_word'/>
</head>
<body>
  <div class='ocr_page' id='page_1' title='image "./epistolaephieron03nadauoft_0798.png"; bbox 0 0 2228 3548; ppageno 0'>
   <div class='ocr_carea' id='block_1_1' title="bbox 382 296 1353 354">
    <p class='ocr_par' dir='ltr' id='par_1_1' title="bbox 382 296 1353 354">
     <span class='ocr_line' id='line_1_1' title="bbox 382 296 1353 354; baseline -0.008 -10"><span class='ocrx_word' id='word_1_1' title='bbox 382 309 454 354; x_wconf 86' lang='lat'>760</span> <span class='ocrx_word' id='word_1_2' title='bbox 546 296 549 299; x_wconf 44' lang='lat'>⁵</span> <span class='ocrx_word' id='word_1_3' title='bbox 960 304 1100 340; x_wconf 72' lang='lat' dir='ltr'>Ems&#39;r.</span> <span class='ocrx_word' id='word_1_4' title='bbox 1127 301 1175 338; x_wconf 87' lang='lat' dir='ltr'>P.</span> <span class='ocrx_word' id='word_1_5' title='bbox 1202 300 1353 337; x_wconf 76' lang='lat' dir='ltr'>NADAL</span> 
     </span>
    </p>
   </div>
   <div class='ocr_carea' id='block_1_2' title="bbox 333 390 1989 1399">
    <p class='ocr_par' dir='ltr' id='par_1_2' title="bbox 333 390 1989 817">
     <span class='ocr_line' id='line_1_2' title="bbox 335 390 1989 460; baseline -0.004 -8"><span class='ocrx_word' id='word_1_6' title='bbox 335 412 394 452; x_wconf 84' lang='lat' dir='ltr'>Et</span> <span class='ocrx_word' id='word_1_7' title='bbox 416 407 541 451; x_wconf 90' lang='lat' dir='ltr'>haud</span> <span class='ocrx_word' id='word_1_8' title='bbox 562 405 656 449; x_wconf 91' lang='lat' dir='ltr'>scio</span> <span class='ocrx_word' id='word_1_9' title='bbox 677 420 735 448; x_wconf 92' lang='lat' dir='ltr'>an</span> <span class='ocrx_word' id='word_1_10' title='bbox 757 404 817 447; x_wconf 87' lang='lat' dir='ltr'>sit</span> <span class='ocrx_word' id='word_1_11' title='bbox 838 390 1003 460; x_wconf 81' lang='lat' dir='ltr'>operae</span> <span class='ocrx_word' id='word_1_12' title='bbox 1019 401 1218 460; x_wconf 87' lang='lat' dir='ltr'>pretium</span> <span class='ocrx_word' id='word_1_13' title='bbox 1242 403 1293 445; x_wconf 89' lang='grc' dir='ltr'>Ρ.</span> <span class='ocrx_word' id='word_1_14' title='bbox 1316 402 1374 445; x_wconf 92' lang='lat' dir='ltr'>V.</span> <span class='ocrx_word' id='word_1_15' title='bbox 1395 399 1550 444; x_wconf 84' lang='lat' dir='ltr'>literas</span> <span class='ocrx_word' id='word_1_16' title='bbox 1566 400 1642 444; x_wconf 89' lang='lat' dir='ltr'>hic</span> <span class='ocrx_word' id='word_1_17' title='bbox 1658 407 1914 457; x_wconf 77' lang='lat' dir='ltr'>expectare,</span> <span class='ocrx_word' id='word_1_18' title='bbox 1933 401 1989 446; x_wconf 70' lang='lat' dir='ltr'>si</span> 
     </span>
     <span class='ocr_line' id='line_1_3' title="bbox 334 459 1976 527; baseline -0.004 -16"><span class='ocrx_word' id='word_1_19' title='bbox 334 465 634 511; x_wconf 85' lang='lat' dir='ltr'>commoditas</span> <span class='ocrx_word' id='word_1_20' title='bbox 656 464 722 506; x_wconf 93' lang='lat' dir='ltr'>illi</span> <span class='ocrx_word' id='word_1_21' title='bbox 742 464 857 506; x_wconf 85' lang='lat' dir='ltr'>forte</span> <span class='ocrx_word' id='word_1_22' title='bbox 879 464 936 507; x_wconf 90' lang='lat' dir='ltr'>ad</span> <span class='ocrx_word' id='word_1_23' title='bbox 958 476 1099 518; x_wconf 87' lang='lat' dir='ltr'>aquas</span> <span class='ocrx_word' id='word_1_24' title='bbox 1120 461 1220 504; x_wconf 89' lang='lat' dir='ltr'>illas</span> <span class='ocrx_word' id='word_1_25' title='bbox 1240 459 1441 504; x_wconf 67' lang='lat' dir='ltr'>abeundi</span> <span class='ocrx_word' id='word_1_26' title='bbox 1461 460 1662 504; x_wconf 72' lang='lat' dir='ltr'>daretur.</span> <span class='ocrx_word' id='word_1_27' title='bbox 1681 461 1976 527; x_wconf 68' lang='lat' dir='ltr'>Quamqmm</span> 
     </span>
     <span class='ocr_line' id='line_1_4' title="bbox 334 519 1970 581; baseline -0.004 -11"><span class='ocrx_word' id='word_1_28' title='bbox 334 526 445 570; x_wconf 90' lang='lat' dir='ltr'>satis</span> <span class='ocrx_word' id='word_1_29' title='bbox 466 523 687 581; x_wconf 91' lang='lat' dir='ltr'>prouideo</span> <span class='ocrx_word' id='word_1_30' title='bbox 725 537 817 565; x_wconf 92' lang='lat' dir='ltr'>non</span> <span class='ocrx_word' id='word_1_31' title='bbox 835 522 962 564; x_wconf 90' lang='lat' dir='ltr'>illum</span> <span class='ocrx_word' id='word_1_32' title='bbox 990 536 1046 565; x_wconf 88' lang='lat' dir='ltr'>ex</span> <span class='ocrx_word' id='word_1_33' title='bbox 1075 522 1163 564; x_wconf 91' lang='lat' dir='ltr'>hac</span> <span class='ocrx_word' id='word_1_34' title='bbox 1191 519 1419 576; x_wconf 87' lang='lat' dir='ltr'>prouintia</span> <span class='ocrx_word' id='word_1_35' title='bbox 1444 519 1750 563; x_wconf 77' lang='lat' dir='ltr'>discessurum</span> <span class='ocrx_word' id='word_1_36' title='bbox 1779 519 1870 563; x_wconf 78' lang='lat' dir='ltr'>nisi</span> <span class='ocrx_word' id='word_1_37' title='bbox 1892 523 1970 564; x_wconf 66' lang='lat' dir='ltr'>ac-</span> 
     </span>
     <span class='ocr_line' id='line_1_5' title="bbox 333 578 1976 641; baseline -0.002 -13"><span class='ocrx_word' id='word_1_38' title='bbox 333 591 464 641; x_wconf 87' lang='lat' dir='ltr'>cepto</span> <span class='ocrx_word' id='word_1_39' title='bbox 486 598 542 627; x_wconf 89' lang='lat' dir='ltr'>ex</span> <span class='ocrx_word' id='word_1_40' title='bbox 570 583 680 625; x_wconf 90' lang='lat' dir='ltr'>vrbe</span> <span class='ocrx_word' id='word_1_41' title='bbox 707 595 924 638; x_wconf 88' lang='lat' dir='ltr'>responso</span> <span class='ocrx_word' id='word_1_42' title='bbox 951 582 1003 624; x_wconf 91' lang='lat' dir='ltr'><strong>P.</strong></span> <span class='ocrx_word' id='word_1_43' title='bbox 1030 581 1109 633; x_wconf 91' lang='lat' dir='ltr'>V.,</span> <span class='ocrx_word' id='word_1_44' title='bbox 1149 593 1267 636; x_wconf 89' lang='lat' dir='ltr'>quae</span> <span class='ocrx_word' id='word_1_45' title='bbox 1302 578 1603 635; x_wconf 84' lang='lat' dir='ltr'>proculdubio</span> <span class='ocrx_word' id='word_1_46' title='bbox 1625 579 1834 624; x_wconf 89' lang='lat' dir='ltr'>consulet</span> <span class='ocrx_word' id='word_1_47' title='bbox 1849 578 1976 624; x_wconf 81' lang='lat' dir='ltr'>lllius</span> 
     </span>
     <span class='ocr_line' id='line_1_6' title="bbox 333 637 1974 708; baseline -0.002 -21"><span class='ocrx_word' id='word_1_48' title='bbox 333 642 529 696; x_wconf 86' lang='lat' dir='ltr'>sanitati,</span> <span class='ocrx_word' id='word_1_49' title='bbox 553 649 603 684; x_wconf 95' lang='lat' dir='ltr'>vt</span> <span class='ocrx_word' id='word_1_50' title='bbox 625 648 782 708; x_wconf 86' lang='lat' dir='ltr'>postea</span> <span class='ocrx_word' id='word_1_51' title='bbox 804 648 1036 696; x_wconf 89' lang='lat' dir='ltr'>vtcunque</span> <span class='ocrx_word' id='word_1_52' title='bbox 1057 653 1137 696; x_wconf 86' lang='lat' dir='ltr'>per</span> <span class='ocrx_word' id='word_1_53' title='bbox 1164 638 1250 682; x_wconf 89' lang='lat' dir='ltr'>Dei</span> <span class='ocrx_word' id='word_1_54' title='bbox 1272 638 1467 695; x_wconf 77' lang='lat' dir='ltr'>gratiam</span> <span class='ocrx_word' id='word_1_55' title='bbox 1489 645 1535 684; x_wconf 90' lang='lat' dir='ltr'>et</span> <span class='ocrx_word' id='word_1_56' title='bbox 1551 652 1695 694; x_wconf 86' lang='lat' dir='ltr'>aquae</span> <span class='ocrx_word' id='word_1_57' title='bbox 1717 637 1867 682; x_wconf 87' lang='lat' dir='ltr'>dictae</span> <span class='ocrx_word' id='word_1_58' title='bbox 1885 639 1974 684; x_wconf 85' lang='lat' dir='ltr'>be·-</span> 
     </span>
     <span class='ocr_line' id='line_1_7' title="bbox 333 697 1975 754; baseline -0.003 -8"><span class='ocrx_word' id='word_1_59' title='bbox 333 702 544 747; x_wconf 90' lang='lat' dir='ltr'>neficium</span> <span class='ocrx_word' id='word_1_60' title='bbox 566 701 818 753; x_wconf 84' lang='lat' dir='ltr'>restitutus,</span> <span class='ocrx_word' id='word_1_61' title='bbox 839 699 1039 754; x_wconf 88' lang='lat' dir='ltr'>Christo,</span> <span class='ocrx_word' id='word_1_62' title='bbox 1069 697 1171 752; x_wconf 88' lang='lat' dir='ltr'>sibi,</span> <span class='ocrx_word' id='word_1_63' title='bbox 1201 704 1247 743; x_wconf 88' lang='lat' dir='ltr'>et</span> <span class='ocrx_word' id='word_1_64' title='bbox 1269 697 1486 743; x_wconf 90' lang='lat' dir='ltr'>Societati</span> <span class='ocrx_word' id='word_1_65' title='bbox 1502 705 1684 743; x_wconf 89' lang='lat' dir='ltr'>nostrae</span> <span class='ocrx_word' id='word_1_66' title='bbox 1705 697 1910 742; x_wconf 83' lang='lat' dir='ltr'>diutius&#39;</span> <span class='ocrx_word' id='word_1_67' title='bbox 1898 712 1975 741; x_wconf 60' lang='lat' dir='ltr'>lnt-</span> 
     </span>
     <span class='ocr_line' id='line_1_8' title="bbox 334 759 1039 817; baseline -0.006 -11"><span class='ocrx_word' id='word_1_68' title='bbox 334 762 503 807; x_wconf 84' lang='lat' dir='ltr'>seruire</span> <span class='ocrx_word' id='word_1_69' title='bbox 526 775 578 804; x_wconf 87' lang='lat' dir='ltr'>ac</span> <span class='ocrx_word' id='word_1_70' title='bbox 601 761 815 817; x_wconf 80' lang='lat' dir='ltr'>prodesse</span> <span class='ocrx_word' id='word_1_71' title='bbox 843 759 1039 816; x_wconf 83' lang='lat' dir='ltr'><strong>possit...</strong></span> 
     </span>
    </p>

    <p class='ocr_par' dir='ltr' id='par_1_3' title="bbox 333 817 1981 1399">
     <span class='ocr_line' id='line_1_9' title="bbox 467 817 1972 873; baseline -0.003 -8.905"><span class='ocrx_word' id='word_1_72' title='bbox 467 822 638 864; x_wconf 79' lang='lat' dir='ltr'>‚Certe</span> <span class='ocrx_word' id='word_1_73' title='bbox 659 834 744 863; x_wconf 90' lang='lat' dir='ltr'>nos</span> <span class='ocrx_word' id='word_1_74' title='bbox 766 819 842 862; x_wconf 92' lang='lat' dir='ltr'>hic</span> <span class='ocrx_word' id='word_1_75' title='bbox 864 820 982 863; x_wconf 91' lang='lat' dir='ltr'>male</span> <span class='ocrx_word' id='word_1_76' title='bbox 1009 817 1220 862; x_wconf 84' lang='lat' dir='ltr'>audimus</span> <span class='ocrx_word' id='word_1_77' title='bbox 1249 817 1371 873; x_wconf 90' lang='lat' dir='ltr'>apud</span> <span class='ocrx_word' id='word_1_78' title='bbox 1403 817 1707 871; x_wconf 83' lang='lat' dir='ltr'>caesarianos,</span> <span class='ocrx_word' id='word_1_79' title='bbox 1738 817 1867 861; x_wconf 76' lang='lat' dir='ltr'>uelut</span> <span class='ocrx_word' id='word_1_80' title='bbox 1888 829 1972 860; x_wconf 85' lang='lat' dir='ltr'>no-</span> 
     </span>
     <span class='ocr_line' id='line_1_10' title="bbox 333 876 1974 946; baseline -0.002 -23"><span class='ocrx_word' id='word_1_81' title='bbox 333 888 453 924; x_wconf 86' lang='lat' dir='ltr'>strae</span> <span class='ocrx_word' id='word_1_82' title='bbox 475 879 771 946; x_wconf 80' lang='lat' dir='ltr'>professionis</span> <span class='ocrx_word' id='word_1_83' title='bbox 792 878 935 932; x_wconf 89' lang='lat' dir='ltr'>obliti,</span> <span class='ocrx_word' id='word_1_84' title='bbox 961 891 1174 922; x_wconf 88' lang='lat' dir='ltr'>curemus</span> <span class='ocrx_word' id='word_1_85' title='bbox 1202 876 1402 933; x_wconf 87' lang='lat' dir='ltr'>publica,</span> <span class='ocrx_word' id='word_1_86' title='bbox 1435 890 1554 933; x_wconf 88' lang='lat' dir='ltr'>quae</span> <span class='ocrx_word' id='word_1_87' title='bbox 1575 877 1690 919; x_wconf 90' lang='lat' dir='ltr'>nihil</span> <span class='ocrx_word' id='word_1_88' title='bbox 1717 877 1774 920; x_wconf 89' lang='lat' dir='ltr'>ad</span> <span class='ocrx_word' id='word_1_89' title='bbox 1802 891 1887 920; x_wconf 89' lang='lat' dir='ltr'>nos</span> <span class='ocrx_word' id='word_1_90' title='bbox 1903 885 1974 920; x_wconf 85' lang='lat' dir='ltr'>at-</span> 
     </span>
     <span class='ocr_line' id='line_1_11' title="bbox 335 935 1983 993; baseline -0.002 -10"><span class='ocrx_word' id='word_1_91' title='bbox 335 940 524 984; x_wconf 89' lang='lat' dir='ltr'>tineant.</span> <span class='ocrx_word' id='word_1_92' title='bbox 552 938 600 984; x_wconf 92' lang='lat' dir='ltr'>Si</span> <span class='ocrx_word' id='word_1_93' title='bbox 619 940 734 983; x_wconf 84' lang='lat' dir='ltr'>forte</span> <span class='ocrx_word' id='word_1_94' title='bbox 755 945 801 982; x_wconf 91' lang='lat' dir='ltr'>et</span> <span class='ocrx_word' id='word_1_95' title='bbox 822 938 957 981; x_wconf 78' lang='lat' dir='ltr'>isthic</span> <span class='ocrx_word' id='word_1_96' title='bbox 981 952 1072 980; x_wconf 92' lang='lat' dir='ltr'>non</span> <span class='ocrx_word' id='word_1_97' title='bbox 1101 937 1354 993; x_wconf 86' lang='lat' dir='ltr'>probentur</span> <span class='ocrx_word' id='word_1_98' title='bbox 1384 935 1571 980; x_wconf 89' lang='lat' dir='ltr'>consilia</span> <span class='ocrx_word' id='word_1_99' title='bbox 1594 943 1766 989; x_wconf 91' lang='lat' dir='ltr'>nostra,</span> <span class='ocrx_word' id='word_1_100' title='bbox 1791 936 1983 993; x_wconf 82' lang='lat' dir='ltr'>grauior</span> 
     </span>
     <span class='ocr_line' id='line_1_12' title="bbox 334 995 1973 1052; baseline -0.002 -9"><span class='ocrx_word' id='word_1_101' title='bbox 334 999 470 1044; x_wconf 90' lang='lat' dir='ltr'>etiam</span> <span class='ocrx_word' id='word_1_102' title='bbox 500 998 703 1042; x_wconf 89' lang='lat' dir='ltr'>conditio</span> <span class='ocrx_word' id='word_1_103' title='bbox 743 998 873 1042; x_wconf 87' lang='lat' dir='ltr'>foret.</span> <span class='ocrx_word' id='word_1_104' title='bbox 915 998 1006 1042; x_wconf 83' lang='lat' dir='ltr'>Sed</span> <span class='ocrx_word' id='word_1_105' title='bbox 1029 998 1142 1040; x_wconf 91' lang='lat' dir='ltr'>haec</span> <span class='ocrx_word' id='word_1_106' title='bbox 1164 995 1455 1039; x_wconf 89' lang='lat' dir='ltr'>incommoda</span> <span class='ocrx_word' id='word_1_107' title='bbox 1492 1002 1672 1052; x_wconf 89' lang='lat' dir='ltr'>tempus</span> <span class='ocrx_word' id='word_1_108' title='bbox 1698 997 1789 1039; x_wconf 93' lang='lat' dir='ltr'>hoc</span> <span class='ocrx_word' id='word_1_109' title='bbox 1817 995 1973 1040; x_wconf 84' lang='lat' dir='ltr'>infelix</span> 
     </span>
     <span class='ocr_line' id='line_1_13' title="bbox 333 1055 1981 1125; baseline -0.002 -23"><span class='ocrx_word' id='word_1_110' title='bbox 333 1058 520 1102; x_wconf 89' lang='lat' dir='ltr'>aduehit</span> <span class='ocrx_word' id='word_1_111' title='bbox 537 1071 709 1125; x_wconf 77' lang='lat' dir='ltr'>secum.</span> <span class='ocrx_word' id='word_1_112' title='bbox 730 1058 878 1101; x_wconf 82' lang='lat' dir='ltr'>Caute</span> <span class='ocrx_word' id='word_1_113' title='bbox 894 1057 1025 1100; x_wconf 89' lang='lat' dir='ltr'>nobis</span> <span class='ocrx_word' id='word_1_114' title='bbox 1043 1056 1273 1113; x_wconf 89' lang='lat' dir='ltr'>agendum</span> <span class='ocrx_word' id='word_1_115' title='bbox 1289 1062 1375 1099; x_wconf 88' lang='lat' dir='ltr'>est:</span> <span class='ocrx_word' id='word_1_116' title='bbox 1397 1062 1575 1098; x_wconf 90' lang='lat' dir='ltr'>tantum</span> <span class='ocrx_word' id='word_1_117' title='bbox 1593 1070 1652 1100; x_wconf 92' lang='lat' dir='ltr'>ne</span> <span class='ocrx_word' id='word_1_118' title='bbox 1667 1055 1869 1111; x_wconf 90' lang='lat' dir='ltr'>implicer</span> <span class='ocrx_word' id='word_1_119' title='bbox 1886 1069 1981 1112; x_wconf 90' lang='lat' dir='ltr'>ego</span> 
     </span>
     <span class='ocr_line' id='line_1_14' title="bbox 334 1114 1976 1183; baseline -0.002 -22"><span class='ocrx_word' id='word_1_120' title='bbox 334 1126 434 1175; x_wconf 90' lang='lat' dir='ltr'>post</span> <span class='ocrx_word' id='word_1_121' title='bbox 457 1117 646 1161; x_wconf 84' lang='lat' dir='ltr'>comicia</span> <span class='ocrx_word' id='word_1_122' title='bbox 666 1117 872 1183; x_wconf 84' lang='lat' dir='ltr'>negociis</span> <span class='ocrx_word' id='word_1_123' title='bbox 895 1116 1104 1172; x_wconf 88' lang='lat' dir='ltr'>publicis.</span> <span class='ocrx_word' id='word_1_124' title='bbox 1131 1116 1180 1158; x_wconf 91' lang='lat' dir='ltr'>ld</span> <span class='ocrx_word' id='word_1_125' title='bbox 1202 1129 1311 1158; x_wconf 92' lang='lat' dir='ltr'>vero</span> <span class='ocrx_word' id='word_1_126' title='bbox 1333 1114 1536 1171; x_wconf 90' lang='lat' dir='ltr'>pontifici</span> <span class='ocrx_word' id='word_1_127' title='bbox 1553 1114 1814 1171; x_wconf 86' lang='lat' dir='ltr'>persuaderi</span> <span class='ocrx_word' id='word_1_128' title='bbox 1839 1115 1976 1159; x_wconf 88' lang='lat' dir='ltr'>uelim</span> 
     </span>
     <span class='ocr_line' id='line_1_15' title="bbox 334 1173 1973 1234; baseline -0.001 -14"><span class='ocrx_word' id='word_1_129' title='bbox 334 1177 545 1230; x_wconf 85' lang='lat' dir='ltr'>maxime,</span> <span class='ocrx_word' id='word_1_130' title='bbox 571 1175 836 1234; x_wconf 88' lang='lat' dir='ltr'>praesertim</span> <span class='ocrx_word' id='word_1_131' title='bbox 860 1191 917 1220; x_wconf 88' lang='lat' dir='ltr'>ne</span> <span class='ocrx_word' id='word_1_132' title='bbox 937 1183 1117 1231; x_wconf 87' lang='lat' dir='ltr'>propter</span> <span class='ocrx_word' id='word_1_133' title='bbox 1139 1189 1279 1217; x_wconf 89' lang='lat' dir='ltr'>vnum</span> <span class='ocrx_word' id='word_1_134' title='bbox 1302 1173 1508 1219; x_wconf 82' lang='lat' dir='ltr'>Societas</span> <span class='ocrx_word' id='word_1_135' title='bbox 1530 1181 1684 1218; x_wconf 89' lang='lat' dir='ltr'>nostra</span> <span class='ocrx_word' id='word_1_136' title='bbox 1696 1181 1868 1231; x_wconf 87' lang='lat' dir='ltr'>pergat</span> <span class='ocrx_word' id='word_1_137' title='bbox 1890 1188 1973 1218; x_wconf 86' lang='lat' dir='ltr'>au—</span> 
     </span>
     <span class='ocr_line' id='line_1_16' title="bbox 335 1233 1979 1291; baseline -0.002 -11"><span class='ocrx_word' id='word_1_138' title='bbox 335 1238 430 1280; x_wconf 89' lang='lat' dir='ltr'>dire</span> <span class='ocrx_word' id='word_1_139' title='bbox 468 1238 607 1290; x_wconf 89' lang='lat' dir='ltr'>male,</span> <span class='ocrx_word' id='word_1_140' title='bbox 647 1236 1029 1291; x_wconf 88' lang='lat' dir='ltr'>quemadmodum</span> <span class='ocrx_word' id='word_1_141' title='bbox 1067 1234 1287 1291; x_wconf 90' lang='lat' dir='ltr'>scriptum</span> <span class='ocrx_word' id='word_1_142' title='bbox 1324 1240 1393 1278; x_wconf 90' lang='lat' dir='ltr'>est</span> <span class='ocrx_word' id='word_1_143' title='bbox 1435 1234 1574 1286; x_wconf 86' lang='lat' dir='ltr'>alias,</span> <span class='ocrx_word' id='word_1_144' title='bbox 1616 1241 1661 1279; x_wconf 89' lang='lat' dir='ltr'>et</span> <span class='ocrx_word' id='word_1_145' title='bbox 1705 1235 1758 1277; x_wconf 91' lang='grc' dir='ltr'>Ρ.</span> <span class='ocrx_word' id='word_1_146' title='bbox 1798 1233 1979 1278; x_wconf 86' lang='lat' dir='ltr'>Natalis</span> 
     </span>
     <span class='ocr_line' id='line_1_17' title="bbox 334 1293 1973 1355; baseline -0.001 -16"><span class='ocrx_word' id='word_1_147' title='bbox 334 1297 535 1353; x_wconf 90' lang='lat' dir='ltr'>postulat</span> <span class='ocrx_word' id='word_1_148' title='bbox 557 1296 809 1351; x_wconf 82' lang='lat' dir='ltr'>suadetque</span> <span class='ocrx_word' id='word_1_149' title='bbox 837 1295 934 1337; x_wconf 91' lang='lat' dir='ltr'>fieri</span> <span class='ocrx_word' id='word_1_150' title='bbox 963 1296 1273 1339; x_wconf 88' lang='lat' dir='ltr'>uehementer.</span> <span class='ocrx_word' id='word_1_151' title='bbox 1305 1293 1533 1337; x_wconf 91' lang='lat' dir='ltr'>Dominus</span> <span class='ocrx_word' id='word_1_152' title='bbox 1563 1293 1611 1336; x_wconf 88' lang='lat' dir='ltr'>in</span> <span class='ocrx_word' id='word_1_153' title='bbox 1631 1308 1760 1337; x_wconf 90' lang='lat' dir='ltr'>suam</span> <span class='ocrx_word' id='word_1_154' title='bbox 1782 1293 1973 1355; x_wconf 84' lang='lat' dir='ltr'>gloriam</span> 
     </span>
     <span class='ocr_line' id='line_1_18' title="bbox 337 1356 502 1399; baseline 0 0"><span class='ocrx_word' id='word_1_155' title='bbox 337 1356 502 1399; x_wconf 91' lang='lat' dir='ltr'>omnia.</span> 
     </span>
    </p>
   </div>
   <div class='ocr_carea' id='block_1_3' title="bbox 770 1469 1556 1603">
    <p class='ocr_par' dir='ltr' id='par_1_4' title="bbox 770 1469 1556 1603">
     <span class='ocr_line' id='line_1_19' title="bbox 1125 1469 1189 1511; baseline 0.016 -1"><span class='ocrx_word' id='word_1_156' title='bbox 1125 1469 1189 1511; x_wconf 92' lang='lat' dir='ltr'>IX</span> 
     </span>
     <span class='ocr_line' id='line_1_20' title="bbox 770 1556 1556 1603; baseline -0.004 -9"><span class='ocrx_word' id='word_1_157' title='bbox 770 1556 1009 1603; x_wconf 90' lang='lat' dir='ltr'><strong>JOANNES</strong></span> <span class='ocrx_word' id='word_1_158' title='bbox 1031 1557 1281 1593; x_wconf 86' lang='lat' dir='ltr'><strong>ANDREAS</strong></span> <span class='ocrx_word' id='word_1_159' title='bbox 1299 1556 1556 1594; x_wconf 84' lang='lat' dir='ltr'><strong>CALIGARI</strong></span> 
     </span>
    </p>
   </div>
   <div class='ocr_carea' id='block_1_4' title="bbox 393 1648 1932 1862">
    <p class='ocr_par' dir='ltr' id='par_1_5' title="bbox 393 1648 1932 1862">
     <span class='ocr_line' id='line_1_21' title="bbox 653 1648 1664 1689; baseline 0.001 -11"><span class='ocrx_word' id='word_1_160' title='bbox 653 1648 861 1689; x_wconf 87' lang='lat' dir='ltr'>JOANNI</span> <span class='ocrx_word' id='word_1_161' title='bbox 910 1649 1227 1680; x_wconf 88' lang='lat' dir='ltr'><strong>FRANCISCO</strong></span> <span class='ocrx_word' id='word_1_162' title='bbox 1280 1648 1664 1680; x_wconf 87' lang='lat' dir='ltr'>COMMENDONO</span> 
     </span>
     <span class='ocr_line' id='line_1_22' title="bbox 863 1724 1459 1781; baseline 0.002 -14"><span class='ocrx_word' id='word_1_163' title='bbox 863 1726 1048 1778; x_wconf 89' lang='lat' dir='ltr'>Romae,</span> <span class='ocrx_word' id='word_1_164' title='bbox 1080 1738 1095 1768; x_wconf 93' lang='lat'>1</span> <span class='ocrx_word' id='word_1_165' title='bbox 1106 1735 1129 1779; x_wconf 89' lang='lat'><strong>5</strong></span> <span class='ocrx_word' id='word_1_166' title='bbox 1155 1724 1265 1781; x_wconf 86' lang='lat' dir='ltr'>Maji</span> <span class='ocrx_word' id='word_1_167' title='bbox 1293 1725 1405 1780; x_wconf 85' lang='lat'>1566</span> <span class='ocrx_word' id='word_1_168' title='bbox 1431 1726 1459 1767; x_wconf 78' lang='lat'>¹.</span> 
     </span>
     <span class='ocr_line' id='line_1_23' title="bbox 393 1813 1932 1862; baseline -0.001 -13"><span class='ocrx_word' id='word_1_169' title='bbox 393 1813 618 1849; x_wconf 86' lang='lat' dir='ltr'>Consilium</span> <span class='ocrx_word' id='word_1_170' title='bbox 637 1814 817 1861; x_wconf 82' lang='lat' dir='ltr'>Borgiae</span> <span class='ocrx_word' id='word_1_171' title='bbox 831 1817 867 1849; x_wconf 82' lang='lat' dir='ltr'>et</span> <span class='ocrx_word' id='word_1_172' title='bbox 883 1814 1053 1849; x_wconf 82' lang='lat' dir='ltr'>Folanci</span> <span class='ocrx_word' id='word_1_173' title='bbox 1066 1815 1113 1850; x_wconf 83' lang='lat' dir='ltr'>de</span> <span class='ocrx_word' id='word_1_174' title='bbox 1122 1815 1413 1862; x_wconf 78' lang='lat' dir='ltr'>protestatione</span> <span class='ocrx_word' id='word_1_175' title='bbox 1431 1814 1652 1849; x_wconf 81' lang='lat' dir='ltr'>omittenda</span> <span class='ocrx_word' id='word_1_176' title='bbox 1666 1813 1710 1848; x_wconf 84' lang='lat' dir='ltr'>iu</span> <span class='ocrx_word' id='word_1_177' title='bbox 1724 1815 1932 1849; x_wconf 82' lang='lat' dir='ltr'>conventu.</span> 
     </span>
    </p>
   </div>
   <div class='ocr_carea' id='block_1_5' title="bbox 347 1890 1991 2718">
    <p class='ocr_par' dir='ltr' id='par_1_6' title="bbox 347 1890 1991 2718">
     <span class='ocr_line' id='line_1_24' title="bbox 434 1890 1981 1947; baseline 0.001 -13"><span class='ocrx_word' id='word_1_178' title='bbox 434 1893 470 1934; x_wconf 92' lang='lat' dir='ltr'>F</span> <span class='ocrx_word' id='word_1_179' title='bbox 474 1898 568 1934; x_wconf 89' lang='lat' dir='ltr'>atto</span> <span class='ocrx_word' id='word_1_180' title='bbox 585 1898 746 1946; x_wconf 87' lang='lat' dir='ltr'>questo</span> <span class='ocrx_word' id='word_1_181' title='bbox 769 1891 924 1933; x_wconf 89' lang='lat' dir='ltr'>auanti</span> <span class='ocrx_word' id='word_1_182' title='bbox 947 1906 1127 1946; x_wconf 89' lang='lat' dir='ltr'>pranso,</span> <span class='ocrx_word' id='word_1_183' title='bbox 1153 1891 1286 1934; x_wconf 89' lang='lat' dir='ltr'>andai</span> <span class='ocrx_word' id='word_1_184' title='bbox 1314 1891 1387 1934; x_wconf 89' lang='lat' dir='ltr'>dal</span> <span class='ocrx_word' id='word_1_185' title='bbox 1412 1893 1463 1934; x_wconf 88' lang='lat' dir='ltr'><strong>P.</strong></span> <span class='ocrx_word' id='word_1_186' title='bbox 1484 1890 1667 1947; x_wconf 78' lang='lat' dir='ltr'>Borgia,</span> <span class='ocrx_word' id='word_1_187' title='bbox 1692 1890 1723 1933; x_wconf 89' lang='lat' dir='ltr'>il</span> <span class='ocrx_word' id='word_1_188' title='bbox 1751 1891 1885 1946; x_wconf 88' lang='lat' dir='ltr'>quale</span> <span class='ocrx_word' id='word_1_189' title='bbox 1907 1906 1981 1935; x_wconf 87' lang='lat' dir='ltr'>ra-</span> 
     </span>
     <span class='ocr_line' id='line_1_25' title="bbox 347 1950 1983 2007; baseline 0 -13"><span class='ocrx_word' id='word_1_190' title='bbox 347 1951 486 2007; x_wconf 84' lang='lat' dir='ltr'>giono</span> <span class='ocrx_word' id='word_1_191' title='bbox 508 1951 816 2006; x_wconf 86' lang='lat' dir='ltr'>longamente,</span> <span class='ocrx_word' id='word_1_192' title='bbox 843 1964 970 1994; x_wconf 88' lang='lat' dir='ltr'>come</span> <span class='ocrx_word' id='word_1_193' title='bbox 998 1950 1372 1994; x_wconf 86' lang='lat' dir='ltr'>confirmandomi</span> <span class='ocrx_word' id='word_1_194' title='bbox 1394 1950 1425 1992; x_wconf 93' lang='lat' dir='ltr'>il</span> <span class='ocrx_word' id='word_1_195' title='bbox 1447 1950 1693 1994; x_wconf 87' lang='lat' dir='ltr'>medesimo</span> <span class='ocrx_word' id='word_1_196' title='bbox 1715 1952 1799 1993; x_wconf 91' lang='lat' dir='ltr'>che</span> <span class='ocrx_word' id='word_1_197' title='bbox 1822 1951 1851 1992; x_wconf 93' lang='lat' dir='ltr'>l’</span> <span class='ocrx_word' id='word_1_198' title='bbox 1877 1951 1983 1994; x_wconf 59' lang='lat' dir='ltr'>altr*</span> 
     </span>
     <span class='ocr_line' id='line_1_26' title="bbox 347 2009 1984 2066; baseline 0.001 -13"><span class='ocrx_word' id='word_1_199' title='bbox 347 2009 459 2054; x_wconf 90' lang='lat' dir='ltr'>hieri</span> <span class='ocrx_word' id='word_1_200' title='bbox 483 2010 545 2052; x_wconf 90' lang='lat' dir='ltr'>m’</span> <span class='ocrx_word' id='word_1_201' title='bbox 570 2011 750 2054; x_wconf 88' lang='lat' dir='ltr'>haueua</span> <span class='ocrx_word' id='word_1_202' title='bbox 771 2010 896 2052; x_wconf 90' lang='lat' dir='ltr'>detto</span> <span class='ocrx_word' id='word_1_203' title='bbox 919 2010 948 2051; x_wconf 95' lang='lat' dir='ltr'>il</span> <span class='ocrx_word' id='word_1_204' title='bbox 974 2012 1025 2053; x_wconf 94' lang='lat' dir='ltr'><strong>P.</strong></span> <span class='ocrx_word' id='word_1_205' title='bbox 1054 2011 1269 2064; x_wconf 89' lang='lat' dir='ltr'>Polanco‚</span> <span class='ocrx_word' id='word_1_206' title='bbox 1295 2017 1341 2053; x_wconf 90' lang='lat' dir='ltr'>et</span> <span class='ocrx_word' id='word_1_207' title='bbox 1362 2009 1422 2052; x_wconf 90' lang='lat' dir='ltr'>mi</span> <span class='ocrx_word' id='word_1_208' title='bbox 1444 2009 1668 2066; x_wconf 86' lang='lat' dir='ltr'>aggionse</span> <span class='ocrx_word' id='word_1_209' title='bbox 1692 2009 1735 2052; x_wconf 93' lang='lat' dir='ltr'>di</span> <span class='ocrx_word' id='word_1_210' title='bbox 1754 2009 1830 2066; x_wconf 77' lang='lat' dir='ltr'>piu</span> <span class='ocrx_word' id='word_1_211' title='bbox 1850 2011 1934 2055; x_wconf 90' lang='lat' dir='ltr'>che</span> <span class='ocrx_word' id='word_1_212' title='bbox 1952 2009 1984 2054; x_wconf 93' lang='lat' dir='ltr'>il</span> 
     </span>
     <span class='ocr_line' id='line_1_27' title="bbox 347 2069 1988 2125; baseline 0.001 -12"><span class='ocrx_word' id='word_1_213' title='bbox 347 2069 575 2113; x_wconf 86' lang='lat' dir='ltr'>cardinale</span> <span class='ocrx_word' id='word_1_214' title='bbox 599 2071 776 2112; x_wconf 89' lang='lat' dir='ltr'>Paceco</span> <span class='ocrx_word' id='word_1_215' title='bbox 796 2069 826 2111; x_wconf 93' lang='lat' dir='ltr'>li</span> <span class='ocrx_word' id='word_1_216' title='bbox 849 2071 1026 2113; x_wconf 90' lang='lat' dir='ltr'>haueua</span> <span class='ocrx_word' id='word_1_217' title='bbox 1048 2070 1174 2112; x_wconf 87' lang='lat' dir='ltr'>detto</span> <span class='ocrx_word' id='word_1_218' title='bbox 1195 2070 1282 2113; x_wconf 90' lang='lat' dir='ltr'>che</span> <span class='ocrx_word' id='word_1_219' title='bbox 1303 2070 1361 2112; x_wconf 91' lang='lat' dir='ltr'>N.</span> <span class='ocrx_word' id='word_1_220' title='bbox 1387 2070 1435 2114; x_wconf 90' lang='lat' dir='ltr'>S.</span> <span class='ocrx_word' id='word_1_221' title='bbox 1462 2070 1643 2112; x_wconf 87' lang='lat' dir='ltr'>haueua</span> <span class='ocrx_word' id='word_1_222' title='bbox 1666 2083 1816 2112; x_wconf 91' lang='lat' dir='ltr'>mosso</span> <span class='ocrx_word' id='word_1_223' title='bbox 1833 2070 1988 2125; x_wconf 84' lang='lat' dir='ltr'>parola</span> 
     </span>
     <span class='ocr_line' id='line_1_28' title="bbox 349 2128 1990 2184; baseline 0.001 -13"><span class='ocrx_word' id='word_1_224' title='bbox 349 2129 394 2171; x_wconf 90' lang='lat' dir='ltr'>di</span> <span class='ocrx_word' id='word_1_225' title='bbox 417 2136 579 2184; x_wconf 89' lang='lat' dir='ltr'>questo</span> <span class='ocrx_word' id='word_1_226' title='bbox 616 2128 663 2171; x_wconf 89' lang='lat' dir='ltr'>in</span> <span class='ocrx_word' id='word_1_227' title='bbox 699 2129 1055 2183; x_wconf 81' lang='lat' dir='ltr'>congregatione</span> <span class='ocrx_word' id='word_1_228' title='bbox 1089 2130 1133 2171; x_wconf 90' lang='lat' dir='ltr'>d&#39;</span> <span class='ocrx_word' id='word_1_229' title='bbox 1158 2128 1468 2184; x_wconf 84' lang='lat' dir='ltr'>Inquisitione3</span> <span class='ocrx_word' id='word_1_230' title='bbox 1509 2135 1555 2172; x_wconf 89' lang='lat' dir='ltr'>et</span> <span class='ocrx_word' id='word_1_231' title='bbox 1591 2130 1678 2173; x_wconf 90' lang='lat' dir='ltr'>che</span> <span class='ocrx_word' id='word_1_232' title='bbox 1715 2128 1820 2171; x_wconf 90' lang='lat' dir='ltr'>tutti</span> <span class='ocrx_word' id='word_1_233' title='bbox 1847 2143 1990 2173; x_wconf 89' lang='lat' dir='ltr'>erano</span> 
     </span>
     <span class='ocr_line' id='line_1_29' title="bbox 350 2187 1982 2244; baseline 0 -13"><span class='ocrx_word' id='word_1_234' title='bbox 350 2188 455 2231; x_wconf 90' lang='lat' dir='ltr'>stati</span> <span class='ocrx_word' id='word_1_235' title='bbox 478 2187 523 2230; x_wconf 93' lang='lat' dir='ltr'>di</span> <span class='ocrx_word' id='word_1_236' title='bbox 541 2198 701 2244; x_wconf 85' lang='lat' dir='ltr'>parere</span> <span class='ocrx_word' id='word_1_237' title='bbox 724 2189 810 2231; x_wconf 92' lang='lat' dir='ltr'>che</span> <span class='ocrx_word' id='word_1_238' title='bbox 827 2202 917 2230; x_wconf 89' lang='lat' dir='ltr'>non</span> <span class='ocrx_word' id='word_1_239' title='bbox 940 2188 976 2230; x_wconf 92' lang='lat' dir='ltr'>si</span> <span class='ocrx_word' id='word_1_240' title='bbox 1000 2188 1180 2232; x_wconf 90' lang='lat' dir='ltr'>uenisse</span> <span class='ocrx_word' id='word_1_241' title='bbox 1202 2203 1228 2231; x_wconf 90' lang='lat' dir='ltr'>a</span> <span class='ocrx_word' id='word_1_242' title='bbox 1250 2195 1451 2243; x_wconf 88' lang='lat' dir='ltr'>protesta</span> <span class='ocrx_word' id='word_1_243' title='bbox 1475 2188 1530 2231; x_wconf 73' lang='lat' dir='ltr'>ne</span> <span class='ocrx_word' id='word_1_244' title='bbox 1552 2203 1578 2231; x_wconf 92' lang='lat' dir='ltr'>a</span> <span class='ocrx_word' id='word_1_245' title='bbox 1607 2194 1780 2230; x_wconf 88' lang='lat' dir='ltr'>rottura</span> <span class='ocrx_word' id='word_1_246' title='bbox 1803 2188 1982 2242; x_wconf 88' lang='lat' dir='ltr'>alcuna,</span> 
     </span>
     <span class='ocr_line' id='line_1_30' title="bbox 350 2246 1991 2303; baseline -0.001 -12"><span class='ocrx_word' id='word_1_247' title='bbox 350 2255 396 2291; x_wconf 90' lang='lat' dir='ltr'>et</span> <span class='ocrx_word' id='word_1_248' title='bbox 418 2247 814 2303; x_wconf 89' lang='lat' dir='ltr'>particolarmente</span> <span class='ocrx_word' id='word_1_249' title='bbox 843 2248 1060 2292; x_wconf 88' lang='lat' dir='ltr'>Pacceco.</span> <span class='ocrx_word' id='word_1_250' title='bbox 1086 2246 1160 2291; x_wconf 90' lang='lat' dir='ltr'>Gl&#39;</span> <span class='ocrx_word' id='word_1_251' title='bbox 1178 2247 1278 2290; x_wconf 89' lang='lat' dir='ltr'>altri</span> <span class='ocrx_word' id='word_1_252' title='bbox 1295 2247 1339 2303; x_wconf 93' lang='lat' dir='ltr'>iij</span> <span class='ocrx_word' id='word_1_253' title='bbox 1359 2248 1477 2291; x_wconf 90' lang='lat' dir='ltr'>della</span> <span class='ocrx_word' id='word_1_254' title='bbox 1493 2246 1855 2303; x_wconf 84' lang='lat' dir='ltr'>congregatione</span> <span class='ocrx_word' id='word_1_255' title='bbox 1871 2261 1991 2290; x_wconf 85' lang='lat' dir='ltr'>sono</span> 
     </span>
     <span class='ocr_line' id='line_1_31' title="bbox 351 2305 1980 2362; baseline -0.001 -12"><span class='ocrx_word' id='word_1_256' title='bbox 351 2306 506 2359; x_wconf 88' lang='lat' dir='ltr'>Trani,</span> <span class='ocrx_word' id='word_1_257' title='bbox 534 2305 639 2350; x_wconf 89' lang='lat' dir='ltr'>Pisa</span> <span class='ocrx_word' id='word_1_258' title='bbox 661 2312 706 2350; x_wconf 91' lang='lat' dir='ltr'>et</span> <span class='ocrx_word' id='word_1_259' title='bbox 728 2306 955 2350; x_wconf 87' lang='lat' dir='ltr'>Gambara</span> <span class='ocrx_word' id='word_1_260' title='bbox 976 2306 1047 2349; x_wconf 87' lang='lat' dir='ltr'>ch’</span> <span class='ocrx_word' id='word_1_261' title='bbox 1069 2308 1159 2350; x_wconf 90' lang='lat' dir='ltr'>han</span> <span class='ocrx_word' id='word_1_262' title='bbox 1183 2321 1295 2362; x_wconf 90' lang='lat' dir='ltr'>poca</span> <span class='ocrx_word' id='word_1_263' title='bbox 1318 2306 1581 2362; x_wconf 89' lang='lat' dir='ltr'>cognitione</span> <span class='ocrx_word' id='word_1_264' title='bbox 1603 2306 1648 2349; x_wconf 89' lang='lat' dir='ltr'>di</span> <span class='ocrx_word' id='word_1_265' title='bbox 1677 2312 1836 2362; x_wconf 84' lang='lat' dir='ltr'>queste</span> <span class='ocrx_word' id='word_1_266' title='bbox 1859 2320 1980 2351; x_wconf 89' lang='lat' dir='ltr'>cose.</span> 
     </span>
     <span class='ocr_line' id='line_1_32' title="bbox 353 2365 1988 2422; baseline 0 -13"><span class='ocrx_word' id='word_1_267' title='bbox 353 2368 409 2409; x_wconf 79' lang='lat' dir='ltr'>Et</span> <span class='ocrx_word' id='word_1_268' title='bbox 430 2365 491 2408; x_wconf 90' lang='lat' dir='ltr'>mi</span> <span class='ocrx_word' id='word_1_269' title='bbox 519 2365 770 2422; x_wconf 89' lang='lat' dir='ltr'>soggiunse</span> <span class='ocrx_word' id='word_1_270' title='bbox 801 2366 887 2407; x_wconf 89' lang='lat' dir='ltr'>che</span> <span class='ocrx_word' id='word_1_271' title='bbox 910 2367 968 2409; x_wconf 92' lang='lat' dir='ltr'>N.</span> <span class='ocrx_word' id='word_1_272' title='bbox 1000 2367 1047 2410; x_wconf 88' lang='lat' dir='ltr'>S.</span> <span class='ocrx_word' id='word_1_273' title='bbox 1082 2367 1244 2410; x_wconf 89' lang='lat' dir='ltr'>uoleua</span> <span class='ocrx_word' id='word_1_274' title='bbox 1282 2367 1348 2409; x_wconf 86' lang='lat' dir='ltr'>far</span> <span class='ocrx_word' id='word_1_275' title='bbox 1378 2367 1457 2409; x_wconf 88' lang='lat' dir='ltr'>un’</span> <span class='ocrx_word' id='word_1_276' title='bbox 1481 2367 1593 2409; x_wconf 90' lang='lat' dir='ltr'>altra</span> <span class='ocrx_word' id='word_1_277' title='bbox 1625 2365 1988 2422; x_wconf 84' lang='lat' dir='ltr'>congregatione</span> 
     </span>
     <span class='ocr_line' id='line_1_33' title="bbox 352 2424 1981 2481; baseline -0.001 -13"><span class='ocrx_word' id='word_1_278' title='bbox 352 2440 485 2481; x_wconf 90' lang='lat' dir='ltr'>sopra</span> <span class='ocrx_word' id='word_1_279' title='bbox 507 2425 594 2478; x_wconf 82' lang='lat' dir='ltr'>cio;</span> <span class='ocrx_word' id='word_1_280' title='bbox 620 2433 665 2468; x_wconf 89' lang='lat' dir='ltr'>et</span> <span class='ocrx_word' id='word_1_281' title='bbox 692 2425 778 2468; x_wconf 91' lang='lat' dir='ltr'>che</span> <span class='ocrx_word' id='word_1_282' title='bbox 801 2424 905 2466; x_wconf 90' lang='lat' dir='ltr'>tutti</span> <span class='ocrx_word' id='word_1_283' title='bbox 934 2440 1070 2469; x_wconf 87' lang='lat' dir='ltr'>erano</span> <span class='ocrx_word' id='word_1_284' title='bbox 1096 2426 1140 2468; x_wconf 88' lang='lat' dir='ltr'>d&#39;</span> <span class='ocrx_word' id='word_1_285' title='bbox 1168 2440 1229 2468; x_wconf 90' lang='lat' dir='ltr'>un</span> <span class='ocrx_word' id='word_1_286' title='bbox 1253 2440 1425 2481; x_wconf 90' lang='lat' dir='ltr'>parere,</span> <span class='ocrx_word' id='word_1_287' title='bbox 1457 2426 1689 2469; x_wconf 88' lang='lat' dir='ltr'>conforme</span> <span class='ocrx_word' id='word_1_288' title='bbox 1720 2440 1747 2468; x_wconf 91' lang='lat' dir='ltr'>a</span> <span class='ocrx_word' id='word_1_289' title='bbox 1778 2424 1913 2480; x_wconf 91' lang='lat' dir='ltr'>quelli</span> <span class='ocrx_word' id='word_1_290' title='bbox 1935 2424 1981 2467; x_wconf 93' lang='lat' dir='ltr'>di</span> 
     </span>
     <span class='ocr_line' id='line_1_34' title="bbox 353 2482 1986 2539; baseline -0.001 -11"><span class='ocrx_word' id='word_1_291' title='bbox 353 2486 411 2528; x_wconf 94' lang='lat' dir='ltr'>V.</span> <span class='ocrx_word' id='word_1_292' title='bbox 433 2485 481 2529; x_wconf 91' lang='lat' dir='ltr'>S.</span> <span class='ocrx_word' id='word_1_293' title='bbox 502 2484 631 2527; x_wconf 74' lang='lat' dir='ltr'>Ill.ma</span> <span class='ocrx_word' id='word_1_294' title='bbox 649 2517 659 2537; x_wconf 90' lang='lat'>,</span> <span class='ocrx_word' id='word_1_295' title='bbox 679 2483 793 2535; x_wconf 77' lang='lat' dir='ltr'>cioe,</span> <span class='ocrx_word' id='word_1_296' title='bbox 813 2485 1017 2537; x_wconf 83' lang='lat' dir='ltr'>Morone,</span> <span class='ocrx_word' id='word_1_297' title='bbox 1038 2485 1268 2529; x_wconf 86' lang='lat' dir='ltr'>Granuela</span> <span class='ocrx_word' id='word_1_298' title='bbox 1284 2492 1331 2528; x_wconf 91' lang='lat' dir='ltr'>et</span> <span class='ocrx_word' id='word_1_299' title='bbox 1348 2486 1565 2528; x_wconf 89' lang='lat' dir='ltr'>Pacecco.</span> <span class='ocrx_word' id='word_1_300' title='bbox 1588 2486 1728 2527; x_wconf 92' lang='lat' dir='ltr'>Tutto</span> <span class='ocrx_word' id='word_1_301' title='bbox 1745 2490 1905 2539; x_wconf 90' lang='lat' dir='ltr'>questo</span> <span class='ocrx_word' id='word_1_302' title='bbox 1922 2482 1986 2526; x_wconf 72' lang='lat' dir='ltr'>m’</span> 
     </span>
     <span class='ocr_line' id='line_1_35' title="bbox 353 2542 1982 2598; baseline -0.001 -12"><span class='ocrx_word' id='word_1_303' title='bbox 353 2545 413 2586; x_wconf 89' lang='lat' dir='ltr'>ha</span> <span class='ocrx_word' id='word_1_304' title='bbox 435 2544 714 2586; x_wconf 84' lang='lat' dir='ltr'>confermato</span> <span class='ocrx_word' id='word_1_305' title='bbox 736 2556 849 2598; x_wconf 91' lang='lat' dir='ltr'>poco</span> <span class='ocrx_word' id='word_1_306' title='bbox 872 2543 1001 2597; x_wconf 81' lang='lat' dir='ltr'>dapoi</span> <span class='ocrx_word' id='word_1_307' title='bbox 1025 2543 1054 2585; x_wconf 85' lang='lat' dir='ltr'>il</span> <span class='ocrx_word' id='word_1_308' title='bbox 1082 2543 1340 2596; x_wconf 87' lang='lat' dir='ltr'>secretario,</span> <span class='ocrx_word' id='word_1_309' title='bbox 1365 2543 1410 2586; x_wconf 92' lang='lat' dir='ltr'>di</span> <span class='ocrx_word' id='word_1_310' title='bbox 1438 2544 1574 2586; x_wconf 91' lang='lat' dir='ltr'>modo</span> <span class='ocrx_word' id='word_1_311' title='bbox 1602 2544 1689 2586; x_wconf 88' lang='lat' dir='ltr'>che</span> <span class='ocrx_word' id='word_1_312' title='bbox 1711 2542 1933 2586; x_wconf 91' lang='lat' dir='ltr'>comincio</span> <span class='ocrx_word' id='word_1_313' title='bbox 1956 2557 1982 2585; x_wconf 89' lang='lat' dir='ltr'>a</span> 
     </span>
     <span class='ocr_line' id='line_1_36' title="bbox 353 2601 1989 2659; baseline -0.001 -14"><span class='ocrx_word' id='word_1_314' title='bbox 353 2617 508 2658; x_wconf 88' lang='lat' dir='ltr'>sperar</span> <span class='ocrx_word' id='word_1_315' title='bbox 530 2603 663 2654; x_wconf 89' lang='lat' dir='ltr'>bene,</span> <span class='ocrx_word' id='word_1_316' title='bbox 688 2602 862 2644; x_wconf 60' lang='lat' dir='ltr'>bench&amp;</span> <span class='ocrx_word' id='word_1_317' title='bbox 880 2603 1065 2646; x_wconf 79' lang='lat' dir='ltr'>credero</span> <span class='ocrx_word' id='word_1_318' title='bbox 1083 2605 1168 2646; x_wconf 93' lang='lat' dir='ltr'>che</span> <span class='ocrx_word' id='word_1_319' title='bbox 1190 2602 1392 2646; x_wconf 90' lang='lat' dir='ltr'>horamai</span> <span class='ocrx_word' id='word_1_320' title='bbox 1414 2603 1474 2645; x_wconf 89' lang='lat' dir='ltr'>ha</span> <span class='ocrx_word' id='word_1_321' title='bbox 1495 2602 1663 2659; x_wconf 92' lang='lat' dir='ltr'>spirato</span> <span class='ocrx_word' id='word_1_322' title='bbox 1685 2601 1716 2644; x_wconf 91' lang='lat' dir='ltr'>il</span> <span class='ocrx_word' id='word_1_323' title='bbox 1734 2609 1885 2658; x_wconf 89' lang='lat' dir='ltr'>tempo</span> <span class='ocrx_word' id='word_1_324' title='bbox 1902 2608 1989 2658; x_wconf 73' lang='lat' dir='ltr'>per²</span> 
     </span>
     <span class='ocr_line' id='line_1_37' title="bbox 356 2661 835 2718; baseline 0.002 -15"><span class='ocrx_word' id='word_1_325' title='bbox 356 2663 422 2705; x_wconf 85' lang='lat' dir='ltr'>far</span> <span class='ocrx_word' id='word_1_326' title='bbox 445 2662 521 2718; x_wconf 76' lang='lat' dir='ltr'>piu</span> <span class='ocrx_word' id='word_1_327' title='bbox 544 2668 748 2718; x_wconf 86' lang='lat' dir='ltr'>protesta</span> <span class='ocrx_word' id='word_1_328' title='bbox 763 2661 835 2704; x_wconf 76' lang='lat'><strong>²...</strong></span> 
     </span>
    </p>
   </div>
   <div class='ocr_carea' id='block_1_6' title="bbox 362 2756 641 2763">
    <p class='ocr_par' dir='ltr' id='par_1_7' title="bbox 362 2756 641 2763">
     <span class='ocr_line' id='line_1_38' title="bbox 362 2756 641 2763; baseline 0 785"><span class='ocrx_word' id='word_1_329' title='bbox 362 2756 641 2763; x_wconf 95' lang='lat' dir='ltr'> </span> 
     </span>
    </p>
   </div>
   <div class='ocr_carea' id='block_1_7' title="bbox 352 2796 1996 3141">
    <p class='ocr_par' dir='ltr' id='par_1_8' title="bbox 356 2796 1994 2902">
     <span class='ocr_line' id='line_1_39' title="bbox 427 2796 1994 2846; baseline 0 -13"><span class='ocrx_word' id='word_1_330' title='bbox 427 2797 437 2819; x_wconf 89' lang='lat'>¹</span> <span class='ocrx_word' id='word_1_331' title='bbox 490 2799 548 2833; x_wconf 85' lang='lat' dir='ltr'>Ex</span> <span class='ocrx_word' id='word_1_332' title='bbox 564 2797 819 2844; x_wconf 86' lang='lat' dir='ltr'>autographo,</span> <span class='ocrx_word' id='word_1_333' title='bbox 838 2796 877 2832; x_wconf 92' lang='lat' dir='ltr'>in</span> <span class='ocrx_word' id='word_1_334' title='bbox 895 2797 980 2833; x_wconf 94' lang='lat' dir='ltr'><strong>cod.</strong></span> <span class='ocrx_word' id='word_1_335' title='bbox 997 2798 1123 2835; x_wconf 89' lang='lat' dir='ltr'>Vatic.</span> <span class='ocrx_word' id='word_1_336' title='bbox 1144 2800 1298 2836; x_wconf 83' lang='lat' dir='ltr'>Lettere</span> <span class='ocrx_word' id='word_1_337' title='bbox 1312 2799 1359 2834; x_wconf 79' lang='lat' dir='ltr'>de</span> <span class='ocrx_word' id='word_1_338' title='bbox 1375 2798 1573 2846; x_wconf 78' lang='lat' dir='ltr'>principi,</span> <span class='ocrx_word' id='word_1_339' title='bbox 1587 2807 1644 2844; x_wconf 85' lang='lat'>23,</span> <span class='ocrx_word' id='word_1_340' title='bbox 1659 2797 1724 2834; x_wconf 79' lang='lat' dir='ltr'><strong>fol.</strong></span> <span class='ocrx_word' id='word_1_341' title='bbox 1748 2806 1814 2833; x_wconf 89' lang='lat'>102</span> <span class='ocrx_word' id='word_1_342' title='bbox 1829 2810 1867 2834; x_wconf 94' lang='lat' dir='ltr'>v.</span> <span class='ocrx_word' id='word_1_343' title='bbox 1890 2797 1994 2834; x_wconf 88' lang='lat' dir='ltr'>Vide</span> 
     </span>
     <span class='ocr_line' id='line_1_40' title="bbox 356 2854 1006 2902; baseline 0 -11"><span class='ocrx_word' id='word_1_344' title='bbox 356 2867 449 2902; x_wconf 86' lang='lat' dir='ltr'><strong>pag.</strong></span> <span class='ocrx_word' id='word_1_345' title='bbox 468 2855 528 2900; x_wconf 77' lang='lat'>663</span> <span class='ocrx_word' id='word_1_346' title='bbox 553 2855 634 2901; x_wconf 83' lang='lat'><em>1303</em></span> <span class='ocrx_word' id='word_1_347' title='bbox 657 2855 738 2900; x_wconf 83' lang='lat'><em>1313</em></span> <span class='ocrx_word' id='word_1_348' title='bbox 762 2854 843 2900; x_wconf 83' lang='lat'>1373</span> <span class='ocrx_word' id='word_1_349' title='bbox 863 2861 903 2890; x_wconf 89' lang='lat' dir='ltr'>et</span> <span class='ocrx_word' id='word_1_350' title='bbox 925 2855 1006 2902; x_wconf 85' lang='lat'><strong>139.</strong></span> 
     </span>
    </p>

    <p class='ocr_par' dir='ltr' id='par_1_9' title="bbox 352 2914 1996 3141">
     <span class='ocr_line' id='line_1_41' title="bbox 424 2914 1992 2964; baseline 0.001 -14"><span class='ocrx_word' id='word_1_351' title='bbox 424 2917 438 2937; x_wconf 74' lang='lat'><strong>²</strong></span> <span class='ocrx_word' id='word_1_352' title='bbox 491 2915 553 2950; x_wconf 92' lang='lat' dir='ltr'>Ad</span> <span class='ocrx_word' id='word_1_353' title='bbox 571 2927 653 2950; x_wconf 90' lang='lat' dir='ltr'>rem</span> <span class='ocrx_word' id='word_1_354' title='bbox 672 2914 939 2951; x_wconf 86' lang='lat' dir='ltr'>illustrandam</span> <span class='ocrx_word' id='word_1_355' title='bbox 958 2915 1119 2962; x_wconf 84' lang='lat' dir='ltr'>faciunt,</span> <span class='ocrx_word' id='word_1_356' title='bbox 1139 2928 1239 2964; x_wconf 93' lang='lat' dir='ltr'>quae</span> <span class='ocrx_word' id='word_1_357' title='bbox 1257 2918 1404 2952; x_wconf 86' lang='lat' dir='ltr'>Rornae</span> <span class='ocrx_word' id='word_1_358' title='bbox 1422 2917 1462 2952; x_wconf 88' lang='lat' dir='ltr'>in</span> <span class='ocrx_word' id='word_1_359' title='bbox 1480 2915 1615 2952; x_wconf 89' lang='lat' dir='ltr'>codice</span> <span class='ocrx_word' id='word_1_360' title='bbox 1633 2916 1756 2957; x_wconf 89' lang='lat' dir='ltr'>XLII,</span> <span class='ocrx_word' id='word_1_361' title='bbox 1771 2915 1832 2959; x_wconf 88' lang='lat'>61,</span> <span class='ocrx_word' id='word_1_362' title='bbox 1851 2915 1992 2951; x_wconf 87' lang='lat' dir='ltr'>biblio-</span> 
     </span>
     <span class='ocr_line' id='line_1_42' title="bbox 355 2973 1996 3023; baseline 0.002 -14"><span class='ocrx_word' id='word_1_363' title='bbox 355 2975 492 3010; x_wconf 89' lang='lat' dir='ltr'>thecae</span> <span class='ocrx_word' id='word_1_364' title='bbox 505 2973 819 3021; x_wconf 87' lang='lat' dir='ltr'>Barberinianae,</span> <span class='ocrx_word' id='word_1_365' title='bbox 836 2973 903 3009; x_wconf 84' lang='lat' dir='ltr'><strong>fol.</strong></span> <span class='ocrx_word' id='word_1_366' title='bbox 926 2974 992 3010; x_wconf 86' lang='lat'>123</span> <span class='ocrx_word' id='word_1_367' title='bbox 1006 2987 1048 3022; x_wconf 90' lang='lat' dir='ltr'>v,</span> <span class='ocrx_word' id='word_1_368' title='bbox 1063 2977 1113 3011; x_wconf 92' lang='lat' dir='ltr'>ab</span> <span class='ocrx_word' id='word_1_369' title='bbox 1125 2976 1211 3023; x_wconf 86' lang='lat' dir='ltr'>ipso</span> <span class='ocrx_word' id='word_1_370' title='bbox 1227 2977 1280 3023; x_wconf 89' lang='lat' dir='ltr'>(ni</span> <span class='ocrx_word' id='word_1_371' title='bbox 1296 2975 1478 3022; x_wconf 80' lang='lat' dir='ltr'>fallimur)</span> <span class='ocrx_word' id='word_1_372' title='bbox 1494 2975 1651 3011; x_wconf 84' lang='lat' dir='ltr'>Andrea</span> <span class='ocrx_word' id='word_1_373' title='bbox 1666 2974 1837 3021; x_wconf 86' lang='lat' dir='ltr'>Caligari</span> <span class='ocrx_word' id='word_1_374' title='bbox 1857 2980 1996 3012; x_wconf 77' lang='lat' dir='ltr'>notata</span> 
     </span>
     <span class='ocr_line' id='line_1_43' title="bbox 354 3032 1996 3080; baseline 0.001 -12"><span class='ocrx_word' id='word_1_375' title='bbox 354 3033 614 3080; x_wconf 77' lang='lat' dir='ltr'>reperiuntur.</span> <span class='ocrx_word' id='word_1_376' title='bbox 637 3034 714 3069; x_wconf 77' lang='lat' dir='ltr'>&#39;Illa</span> <span class='ocrx_word' id='word_1_377' title='bbox 737 3032 801 3069; x_wconf 87' lang='lat' dir='ltr'>hic</span> <span class='ocrx_word' id='word_1_378' title='bbox 824 3033 1010 3070; x_wconf 88' lang='lat' dir='ltr'>exhibere</span> <span class='ocrx_word' id='word_1_379' title='bbox 1036 3047 1113 3071; x_wconf 87' lang='lat' dir='ltr'>non</span> <span class='ocrx_word' id='word_1_380' title='bbox 1140 3037 1211 3071; x_wconf 90' lang='lat' dir='ltr'>abs</span> <span class='ocrx_word' id='word_1_381' title='bbox 1235 3047 1277 3071; x_wconf 92' lang='lat' dir='ltr'>re</span> <span class='ocrx_word' id='word_1_382' title='bbox 1301 3035 1384 3071; x_wconf 72' lang='lat' dir='ltr'>fore</span> <span class='ocrx_word' id='word_1_383' title='bbox 1409 3035 1605 3071; x_wconf 86' lang='lat' dir='ltr'>duximus:</span> <span class='ocrx_word' id='word_1_384' title='bbox 1629 3033 1727 3070; x_wconf 86' lang='lat' dir='ltr'>«Die</span> <span class='ocrx_word' id='word_1_385' title='bbox 1753 3034 1909 3069; x_wconf 87' lang='lat' dir='ltr'>veneris</span> <span class='ocrx_word' id='word_1_386' title='bbox 1933 3033 1996 3069; x_wconf 45' lang='lat'>3}</span> 
     </span>
     <span class='ocr_line' id='line_1_44' title="bbox 352 3091 1990 3141; baseline 0.001 -15"><span class='ocrx_word' id='word_1_387' title='bbox 352 3091 445 3138; x_wconf 85' lang='lat' dir='ltr'>Maji</span> <span class='ocrx_word' id='word_1_388' title='bbox 462 3092 552 3137; x_wconf 86' lang='lat'>1566</span> <span class='ocrx_word' id='word_1_389' title='bbox 566 3092 705 3129; x_wconf 81' lang='lat' dir='ltr'>Ill.mus</span> <span class='ocrx_word' id='word_1_390' title='bbox 723 3093 892 3139; x_wconf 83' lang='lat' dir='ltr'>legatus,</span> <span class='ocrx_word' id='word_1_391' title='bbox 908 3104 996 3128; x_wconf 92' lang='lat' dir='ltr'>cum</span> <span class='ocrx_word' id='word_1_392' title='bbox 1012 3094 1176 3130; x_wconf 88' lang='lat' dir='ltr'>haberet</span> <span class='ocrx_word' id='word_1_393' title='bbox 1194 3094 1233 3130; x_wconf 92' lang='lat' dir='ltr'>in</span> <span class='ocrx_word' id='word_1_394' title='bbox 1247 3094 1441 3131; x_wconf 87' lang='lat' dir='ltr'>mandatis</span> <span class='ocrx_word' id='word_1_395' title='bbox 1456 3106 1476 3130; x_wconf 89' lang='lat' dir='ltr'>a</span> <span class='ocrx_word' id='word_1_396' title='bbox 1491 3093 1674 3141; x_wconf 89' lang='lat' dir='ltr'>pontifice</span> <span class='ocrx_word' id='word_1_397' title='bbox 1688 3092 1929 3140; x_wconf 80' lang='lat' dir='ltr'>protestandi</span> <span class='ocrx_word' id='word_1_398' title='bbox 1947 3097 1990 3129; x_wconf 87' lang='lat' dir='ltr'>et</span> 
     </span>
    </p>
   </div>
   <div class='ocr_carea' id='block_1_8' title="bbox 2045 0 2228 131">
    <p class='ocr_par' dir='ltr' id='par_1_10' title="bbox 2045 0 2228 131">
     <span class='ocr_line' id='line_1_45' title="bbox 2045 0 2228 131; baseline 0 3417"><span class='ocrx_word' id='word_1_399' title='bbox 2045 0 2228 131; x_wconf 95' lang='lat' dir='ltr'> </span> 
     </span>
    </p>
   </div>
  </div>
 </body>
</html>
