<?xml version="1.0" encoding="UTF-8"?>
<!DOCTYPE html PUBLIC "-//W3C//DTD XHTML 1.0 Transitional//EN"
    "http://www.w3.org/TR/xhtml1/DTD/xhtml1-transitional.dtd">
<html xmlns="http://www.w3.org/1999/xhtml" xml:lang="en" lang="en">
 <head>
  <title>
</title>
<meta http-equiv="Content-Type" content="text/html;charset=utf-8" />
  <meta name='ocr-system' content='tesseract 3.04.00' />
  <meta name='ocr-capabilities' content='ocr_page ocr_carea ocr_par ocr_line ocrx_word'/>
</head>
<body>
  <div class='ocr_page' id='page_1' title='image "./epistolaephieron03nadauoft_0640.png"; bbox 0 0 2228 3548; ppageno 0'>
   <div class='ocr_carea' id='block_1_1' title="bbox 446 294 1477 342">
    <p class='ocr_par' dir='ltr' id='par_1_1' title="bbox 446 294 1477 342">
     <span class='ocr_line' id='line_1_1' title="bbox 446 294 1477 342; baseline -0.004 -6"><span class='ocrx_word' id='word_1_1' title='bbox 446 302 516 336; x_wconf 89' lang='lat'>602</span> <span class='ocrx_word' id='word_1_2' title='bbox 740 324 743 327; x_wconf 56' lang='grc'><strong>»</strong></span> <span class='ocrx_word' id='word_1_3' title='bbox 963 296 1101 333; x_wconf 74' lang='grc' dir='ltr'><em>ΕΡιετ.</em></span> <span class='ocrx_word' id='word_1_4' title='bbox 1130 294 1174 331; x_wconf 90' lang='grc' dir='ltr'>Ρ</span> <span class='ocrx_word' id='word_1_5' title='bbox 1203 295 1477 342; x_wconf 79' lang='lat' dir='ltr'><strong>NADAL—523</strong></span> 
     </span>
    </p>
   </div>
   <div class='ocr_carea' id='block_1_2' title="bbox 390 396 2038 1386">
    <p class='ocr_par' dir='ltr' id='par_1_2' title="bbox 390 396 2038 1386">
     <span class='ocr_line' id='line_1_2' title="bbox 391 396 2037 456; baseline -0.002 -11"><span class='ocrx_word' id='word_1_6' title='bbox 391 402 437 446; x_wconf 89' lang='lat' dir='ltr'>di</span> <span class='ocrx_word' id='word_1_7' title='bbox 466 403 524 445; x_wconf 89' lang='lat' dir='ltr'>V.</span> <span class='ocrx_word' id='word_1_8' title='bbox 557 401 611 442; x_wconf 91' lang='lat' dir='ltr'><strong>R</strong></span> <span class='ocrx_word' id='word_1_9' title='bbox 623 396 887 456; x_wconf 66' lang='grc' dir='ltr'>,[1-1011113]ει</span> <span class='ocrx_word' id='word_1_10' title='bbox 917 396 992 440; x_wconf 89' lang='lat' dir='ltr'>alli</span> <span class='ocrx_word' id='word_1_11' title='bbox 1016 397 1071 440; x_wconf 87' lang='lat'>28</span> <span class='ocrx_word' id='word_1_12' title='bbox 1095 397 1141 440; x_wconf 91' lang='lat' dir='ltr'>d&#39;</span> <span class='ocrx_word' id='word_1_13' title='bbox 1164 397 1325 454; x_wconf 88' lang='lat' dir='ltr'>Aprile</span> <span class='ocrx_word' id='word_1_14' title='bbox 1355 412 1444 442; x_wconf 92' lang='lat' dir='ltr'>con</span> <span class='ocrx_word' id='word_1_15' title='bbox 1481 397 1510 440; x_wconf 86' lang='lat'>1’</span> <span class='ocrx_word' id='word_1_16' title='bbox 1540 399 1837 446; x_wconf 89' lang='lat' dir='ltr'>instruttione</span> <span class='ocrx_word' id='word_1_17' title='bbox 1865 401 1973 444; x_wconf 89' lang='lat' dir='ltr'>data</span> <span class='ocrx_word' id='word_1_18' title='bbox 1995 400 2037 443; x_wconf 88' lang='lat' dir='ltr'>al</span> 
     </span>
     <span class='ocr_line' id='line_1_3' title="bbox 393 472 2036 534; baseline -0.002 -11"><span class='ocrx_word' id='word_1_19' title='bbox 393 481 446 523; x_wconf 91' lang='lat' dir='ltr'>P.</span> <span class='ocrx_word' id='word_1_20' title='bbox 475 475 757 528; x_wconf 89' lang='lat' dir='ltr'>Eleuterio¹‚</span> <span class='ocrx_word' id='word_1_21' title='bbox 783 483 829 517; x_wconf 91' lang='lat' dir='ltr'>et</span> <span class='ocrx_word' id='word_1_22' title='bbox 850 474 893 518; x_wconf 92' lang='lat' dir='ltr'>la</span> <span class='ocrx_word' id='word_1_23' title='bbox 916 473 1110 531; x_wconf 89' lang='lat' dir='ltr'>risposta</span> <span class='ocrx_word' id='word_1_24' title='bbox 1131 472 1235 519; x_wconf 94' lang='lat' dir='ltr'>dell’</span> <span class='ocrx_word' id='word_1_25' title='bbox 1259 475 1448 528; x_wconf 81' lang='lat' dir='ltr'><strong>abbate,</strong></span> <span class='ocrx_word' id='word_1_26' title='bbox 1473 482 1519 519; x_wconf 90' lang='lat' dir='ltr'>et</span> <span class='ocrx_word' id='word_1_27' title='bbox 1541 475 1586 519; x_wconf 93' lang='lat' dir='ltr'>di</span> <span class='ocrx_word' id='word_1_28' title='bbox 1603 490 1722 531; x_wconf 87' lang='lat' dir='ltr'>esso,</span> <span class='ocrx_word' id='word_1_29' title='bbox 1745 478 1821 522; x_wconf 91' lang='lat' dir='ltr'>nel</span> <span class='ocrx_word' id='word_1_30' title='bbox 1842 477 2036 534; x_wconf 84' lang='lat' dir='ltr'>negocio</span> 
     </span>
     <span class='ocr_line' id='line_1_4' title="bbox 392 551 2033 610; baseline 0 -12"><span class='ocrx_word' id='word_1_31' title='bbox 392 556 465 600; x_wconf 93' lang='lat' dir='ltr'>del</span> <span class='ocrx_word' id='word_1_32' title='bbox 476 553 671 610; x_wconf 86' lang='lat' dir='ltr'>collegio</span> <span class='ocrx_word' id='word_1_33' title='bbox 689 552 734 595; x_wconf 91' lang='lat' dir='ltr'>di</span> <span class='ocrx_word' id='word_1_34' title='bbox 751 551 886 595; x_wconf 90' lang='lat' dir='ltr'>Duai.</span> <span class='ocrx_word' id='word_1_35' title='bbox 908 553 964 594; x_wconf 92' lang='lat' dir='ltr'>Et</span> <span class='ocrx_word' id='word_1_36' title='bbox 982 551 1149 608; x_wconf 79' lang='lat' dir='ltr'>perche</span> <span class='ocrx_word' id='word_1_37' title='bbox 1167 552 1210 596; x_wconf 92' lang='lat' dir='ltr'>la</span> <span class='ocrx_word' id='word_1_38' title='bbox 1231 552 1593 610; x_wconf 75' lang='lat' dir='ltr'>congregatione</span> <span class='ocrx_word' id='word_1_39' title='bbox 1609 553 1906 610; x_wconf 86' lang='lat' dir='ltr'>prouinciale,</span> <span class='ocrx_word' id='word_1_40' title='bbox 1919 554 2033 600; x_wconf 89' lang='lat' dir='ltr'>hieri</span> 
     </span>
     <span class='ocr_line' id='line_1_5' title="bbox 391 628 2033 688; baseline 0.001 -13"><span class='ocrx_word' id='word_1_41' title='bbox 391 632 534 685; x_wconf 87' lang='lat' dir='ltr'>finita,</span> <span class='ocrx_word' id='word_1_42' title='bbox 567 633 629 673; x_wconf 88' lang='lat' dir='ltr'>ha</span> <span class='ocrx_word' id='word_1_43' title='bbox 658 636 884 686; x_wconf 91' lang='lat' dir='ltr'>occupato</span> <span class='ocrx_word' id='word_1_44' title='bbox 912 629 1031 672; x_wconf 88' lang='lat' dir='ltr'>assai</span> <span class='ocrx_word' id='word_1_45' title='bbox 1059 628 1197 685; x_wconf 91' lang='lat' dir='ltr'>quelli</span> <span class='ocrx_word' id='word_1_46' title='bbox 1227 631 1313 674; x_wconf 90' lang='lat' dir='ltr'>che</span> <span class='ocrx_word' id='word_1_47' title='bbox 1341 630 1583 674; x_wconf 91' lang='lat' dir='ltr'>doueuano</span> <span class='ocrx_word' id='word_1_48' title='bbox 1605 637 1793 675; x_wconf 88' lang='lat' dir='ltr'>trattare</span> <span class='ocrx_word' id='word_1_49' title='bbox 1812 631 1857 674; x_wconf 91' lang='lat' dir='ltr'>di</span> <span class='ocrx_word' id='word_1_50' title='bbox 1874 639 2033 688; x_wconf 88' lang='lat' dir='ltr'>questa</span> 
     </span>
     <span class='ocr_line' id='line_1_6' title="bbox 390 705 2032 764; baseline -0.001 -11"><span class='ocrx_word' id='word_1_51' title='bbox 390 708 601 762; x_wconf 86' lang='lat' dir='ltr'>materia,</span> <span class='ocrx_word' id='word_1_52' title='bbox 626 722 718 751; x_wconf 91' lang='lat' dir='ltr'>non</span> <span class='ocrx_word' id='word_1_53' title='bbox 741 706 779 750; x_wconf 88' lang='lat' dir='ltr'>si</span> <span class='ocrx_word' id='word_1_54' title='bbox 803 706 897 750; x_wconf 71' lang='lat' dir='ltr'>fara</span> <span class='ocrx_word' id='word_1_55' title='bbox 927 705 1072 764; x_wconf 82' lang='lat' dir='ltr'>hoggi</span> <span class='ocrx_word' id='word_1_56' title='bbox 1095 705 1310 763; x_wconf 88' lang='lat' dir='ltr'>risposta;</span> <span class='ocrx_word' id='word_1_57' title='bbox 1336 722 1410 751; x_wconf 91' lang='lat' dir='ltr'>ma</span> <span class='ocrx_word' id='word_1_58' title='bbox 1429 722 1510 764; x_wconf 90' lang='lat' dir='ltr'>per</span> <span class='ocrx_word' id='word_1_59' title='bbox 1531 707 1607 751; x_wconf 91' lang='lat' dir='ltr'>uia</span> <span class='ocrx_word' id='word_1_60' title='bbox 1629 707 1673 751; x_wconf 89' lang='lat' dir='ltr'>di</span> <span class='ocrx_word' id='word_1_61' title='bbox 1697 707 1912 763; x_wconf 89' lang='lat' dir='ltr'>Venetia,</span> <span class='ocrx_word' id='word_1_62' title='bbox 1938 724 1965 752; x_wconf 94' lang='lat' dir='ltr'>o</span> <span class='ocrx_word' id='word_1_63' title='bbox 1986 708 2032 752; x_wconf 92' lang='lat' dir='ltr'>di</span> 
     </span>
     <span class='ocr_line' id='line_1_7' title="bbox 393 784 2034 843; baseline 0.001 -13"><span class='ocrx_word' id='word_1_64' title='bbox 393 788 625 843; x_wconf 83' lang='lat' dir='ltr'>Augusta,</span> <span class='ocrx_word' id='word_1_65' title='bbox 651 792 697 829; x_wconf 91' lang='lat' dir='ltr'>et</span> <span class='ocrx_word' id='word_1_66' title='bbox 720 784 826 828; x_wconf 89' lang='lat' dir='ltr'>forsi</span> <span class='ocrx_word' id='word_1_67' title='bbox 849 798 929 841; x_wconf 89' lang='lat' dir='ltr'>per</span> <span class='ocrx_word' id='word_1_68' title='bbox 951 784 1059 827; x_wconf 88' lang='lat' dir='ltr'>tutti</span> <span class='ocrx_word' id='word_1_69' title='bbox 1081 785 1187 837; x_wconf 88' lang='lat' dir='ltr'>due,</span> <span class='ocrx_word' id='word_1_70' title='bbox 1219 784 1257 828; x_wconf 89' lang='lat' dir='ltr'>si</span> <span class='ocrx_word' id='word_1_71' title='bbox 1287 784 1550 842; x_wconf 72' lang='lat' dir='ltr'>rispondera</span> <span class='ocrx_word' id='word_1_72' title='bbox 1573 784 1651 828; x_wconf 92' lang='lat' dir='ltr'>un&#39;</span> <span class='ocrx_word' id='word_1_73' title='bbox 1673 785 1788 829; x_wconf 89' lang='lat' dir='ltr'>altra</span> <span class='ocrx_word' id='word_1_74' title='bbox 1816 786 1965 840; x_wconf 88' lang='lat' dir='ltr'>uolta,</span> <span class='ocrx_word' id='word_1_75' title='bbox 1987 794 2034 831; x_wconf 93' lang='lat' dir='ltr'>et</span> 
     </span>
     <span class='ocr_line' id='line_1_8' title="bbox 391 861 2035 921; baseline 0.001 -14"><span class='ocrx_word' id='word_1_76' title='bbox 391 870 561 921; x_wconf 90' lang='lat' dir='ltr'>presto.</span> <span class='ocrx_word' id='word_1_77' title='bbox 590 864 647 906; x_wconf 92' lang='lat' dir='ltr'>Et</span> <span class='ocrx_word' id='word_1_78' title='bbox 669 862 697 905; x_wconf 90' lang='lat' dir='ltr'>il</span> <span class='ocrx_word' id='word_1_79' title='bbox 721 861 970 907; x_wconf 89' lang='lat' dir='ltr'>medesimo</span> <span class='ocrx_word' id='word_1_80' title='bbox 992 862 1030 905; x_wconf 89' lang='lat' dir='ltr'>si</span> <span class='ocrx_word' id='word_1_81' title='bbox 1054 861 1147 905; x_wconf 75' lang='lat' dir='ltr'>fara</span> <span class='ocrx_word' id='word_1_82' title='bbox 1169 862 1244 905; x_wconf 93' lang='lat' dir='ltr'>del</span> <span class='ocrx_word' id='word_1_83' title='bbox 1266 861 1461 920; x_wconf 86' lang='lat' dir='ltr'>collegio</span> <span class='ocrx_word' id='word_1_84' title='bbox 1483 862 1529 905; x_wconf 90' lang='lat' dir='ltr'>di</span> <span class='ocrx_word' id='word_1_85' title='bbox 1551 862 1816 916; x_wconf 88' lang='lat' dir='ltr'>rhettorica,</span> <span class='ocrx_word' id='word_1_86' title='bbox 1836 863 1910 907; x_wconf 90' lang='lat' dir='ltr'>del</span> <span class='ocrx_word' id='word_1_87' title='bbox 1930 865 2035 919; x_wconf 90' lang='lat' dir='ltr'>qual</span> 
     </span>
     <span class='ocr_line' id='line_1_9' title="bbox 391 939 2034 998; baseline 0.001 -15"><span class='ocrx_word' id='word_1_88' title='bbox 391 941 429 984; x_wconf 90' lang='lat' dir='ltr'>si</span> <span class='ocrx_word' id='word_1_89' title='bbox 453 947 591 983; x_wconf 88' lang='lat' dir='ltr'>tratta</span> <span class='ocrx_word' id='word_1_90' title='bbox 613 954 693 997; x_wconf 87' lang='lat' dir='ltr'>per</span> <span class='ocrx_word' id='word_1_91' title='bbox 716 939 937 993; x_wconf 87' lang='lat' dir='ltr'>Louanio,</span> <span class='ocrx_word' id='word_1_92' title='bbox 963 947 1008 984; x_wconf 88' lang='lat' dir='ltr'>et</span> <span class='ocrx_word' id='word_1_93' title='bbox 1039 940 1158 984; x_wconf 89' lang='lat' dir='ltr'>della</span> <span class='ocrx_word' id='word_1_94' title='bbox 1190 939 1328 998; x_wconf 89' lang='lat' dir='ltr'>[casa]</span> <span class='ocrx_word' id='word_1_95' title='bbox 1346 939 1367 966; x_wconf 81' lang='lat'>¹³</span> <span class='ocrx_word' id='word_1_96' title='bbox 1396 939 1443 982; x_wconf 90' lang='lat' dir='ltr'>di</span> <span class='ocrx_word' id='word_1_97' title='bbox 1475 939 1742 996; x_wconf 86' lang='lat' dir='ltr'>probatione</span> <span class='ocrx_word' id='word_1_98' title='bbox 1775 939 1821 983; x_wconf 93' lang='lat' dir='ltr'>di</span> <span class='ocrx_word' id='word_1_99' title='bbox 1850 940 2034 995; x_wconf 82' lang='lat' dir='ltr'>Tornai3</span> 
     </span>
     <span class='ocr_line' id='line_1_10' title="bbox 391 1015 2038 1074; baseline 0.001 -13"><span class='ocrx_word' id='word_1_100' title='bbox 391 1018 570 1063; x_wconf 73' lang='lat' dir='ltr'>benche</span> <span class='ocrx_word' id='word_1_101' title='bbox 593 1032 684 1074; x_wconf 88' lang='lat' dir='ltr'>qua</span> <span class='ocrx_word' id='word_1_102' title='bbox 706 1031 798 1060; x_wconf 91' lang='lat' dir='ltr'>non</span> <span class='ocrx_word' id='word_1_103' title='bbox 821 1016 859 1060; x_wconf 90' lang='lat' dir='ltr'>si</span> <span class='ocrx_word' id='word_1_104' title='bbox 882 1018 999 1062; x_wconf 91' lang='lat' dir='ltr'>uede</span> <span class='ocrx_word' id='word_1_105' title='bbox 1021 1031 1150 1061; x_wconf 91' lang='lat' dir='ltr'>come</span> <span class='ocrx_word' id='word_1_106' title='bbox 1172 1015 1210 1061; x_wconf 90' lang='lat' dir='ltr'>si</span> <span class='ocrx_word' id='word_1_107' title='bbox 1228 1031 1363 1074; x_wconf 89' lang='lat' dir='ltr'>possa</span> <span class='ocrx_word' id='word_1_108' title='bbox 1379 1016 1544 1074; x_wconf 86' lang='lat' dir='ltr'>pigliar</span> <span class='ocrx_word' id='word_1_109' title='bbox 1561 1016 1716 1074; x_wconf 85' lang='lat' dir='ltr'>obligo</span> <span class='ocrx_word' id='word_1_110' title='bbox 1732 1016 1776 1061; x_wconf 90' lang='lat' dir='ltr'>d’</span> <span class='ocrx_word' id='word_1_111' title='bbox 1794 1017 2038 1074; x_wconf 86' lang='lat' dir='ltr'>insegnare</span> 
     </span>
     <span class='ocr_line' id='line_1_11' title="bbox 391 1094 2036 1153; baseline 0.001 -15"><span class='ocrx_word' id='word_1_112' title='bbox 391 1096 434 1138; x_wconf 89' lang='lat' dir='ltr'>la</span> <span class='ocrx_word' id='word_1_113' title='bbox 456 1095 662 1139; x_wconf 90' lang='lat' dir='ltr'>doctrina</span> <span class='ocrx_word' id='word_1_114' title='bbox 684 1094 948 1147; x_wconf 89' lang='lat' dir='ltr'>christiana,</span> <span class='ocrx_word' id='word_1_115' title='bbox 973 1109 1112 1138; x_wconf 90' lang='lat' dir='ltr'>senza</span> <span class='ocrx_word' id='word_1_116' title='bbox 1134 1094 1165 1138; x_wconf 90' lang='grc'>11</span> <span class='ocrx_word' id='word_1_117' title='bbox 1188 1096 1321 1151; x_wconf 90' lang='lat' dir='ltr'>quale</span> <span class='ocrx_word' id='word_1_118' title='bbox 1343 1095 1374 1137; x_wconf 91' lang='grc'>11</span> <span class='ocrx_word' id='word_1_119' title='bbox 1397 1109 1602 1139; x_wconf 91' lang='lat' dir='ltr'>vescouo</span> <span class='ocrx_word' id='word_1_120' title='bbox 1618 1109 1710 1139; x_wconf 89' lang='lat' dir='ltr'>non</span> <span class='ocrx_word' id='word_1_121' title='bbox 1731 1110 1812 1153; x_wconf 84' lang='lat' dir='ltr'>par</span> <span class='ocrx_word' id='word_1_122' title='bbox 1835 1094 2036 1152; x_wconf 89' lang='lat' dir='ltr'>applica-</span> 
     </span>
     <span class='ocr_line' id='line_1_12' title="bbox 391 1172 2035 1230; baseline 0 -14"><span class='ocrx_word' id='word_1_123' title='bbox 391 1172 625 1217; x_wconf 90' lang='lat' dir='ltr'>rebbe-ch’</span> <span class='ocrx_word' id='word_1_124' title='bbox 648 1173 679 1216; x_wconf 92' lang='lat' dir='ltr'>il</span> <span class='ocrx_word' id='word_1_125' title='bbox 700 1174 871 1230; x_wconf 89' lang='lat' dir='ltr'>legato,</span> <span class='ocrx_word' id='word_1_126' title='bbox 896 1173 952 1216; x_wconf 76' lang='lat' dir='ltr'>ne</span> <span class='ocrx_word' id='word_1_127' title='bbox 975 1173 1174 1217; x_wconf 90' lang='lat' dir='ltr'>darebbe</span> <span class='ocrx_word' id='word_1_128' title='bbox 1192 1173 1297 1228; x_wconf 91' lang='lat' dir='ltr'>quel</span> <span class='ocrx_word' id='word_1_129' title='bbox 1313 1172 1438 1217; x_wconf 87' lang='lat' dir='ltr'>aiuto</span> <span class='ocrx_word' id='word_1_130' title='bbox 1455 1172 1526 1216; x_wconf 95' lang='grc'>001</span> <span class='ocrx_word' id='word_1_131' title='bbox 1544 1173 1678 1229; x_wconf 92' lang='lat' dir='ltr'>quale</span> <span class='ocrx_word' id='word_1_132' title='bbox 1700 1172 1980 1217; x_wconf 88' lang='lat' dir='ltr'>intendiamo</span> <span class='ocrx_word' id='word_1_133' title='bbox 1997 1172 2035 1216; x_wconf 91' lang='lat' dir='ltr'>si</span> 
     </span>
     <span class='ocr_line' id='line_1_13' title="bbox 390 1249 2032 1307; baseline 0 -13"><span class='ocrx_word' id='word_1_134' title='bbox 390 1251 663 1307; x_wconf 89' lang='lat' dir='ltr'>potrebbero</span> <span class='ocrx_word' id='word_1_135' title='bbox 685 1257 914 1295; x_wconf 86' lang='lat' dir='ltr'>sustentar</span> <span class='ocrx_word' id='word_1_136' title='bbox 936 1250 1015 1295; x_wconf 91' lang='lat' dir='ltr'>sei.</span> <span class='ocrx_word' id='word_1_137' title='bbox 1044 1251 1100 1293; x_wconf 92' lang='lat' dir='ltr'>Et</span> <span class='ocrx_word' id='word_1_138' title='bbox 1122 1250 1242 1294; x_wconf 90' lang='lat' dir='ltr'>circa</span> <span class='ocrx_word' id='word_1_139' title='bbox 1264 1250 1294 1292; x_wconf 93' lang='lat' dir='ltr'>li</span> <span class='ocrx_word' id='word_1_140' title='bbox 1317 1250 1419 1294; x_wconf 88' lang='lat' dir='ltr'>altri</span> <span class='ocrx_word' id='word_1_141' title='bbox 1447 1250 1581 1303; x_wconf 87' lang='lat' dir='ltr'>aiuti,</span> <span class='ocrx_word' id='word_1_142' title='bbox 1607 1250 1801 1296; x_wconf 88' lang='lat' dir='ltr'>essendo</span> <span class='ocrx_word' id='word_1_143' title='bbox 1822 1249 1927 1294; x_wconf 92' lang='lat' dir='ltr'>delli</span> <span class='ocrx_word' id='word_1_144' title='bbox 1950 1264 2032 1294; x_wconf 89' lang='lat' dir='ltr'>no-</span> 
     </span>
     <span class='ocr_line' id='line_1_14' title="bbox 392 1327 2033 1386; baseline 0.001 -15"><span class='ocrx_word' id='word_1_145' title='bbox 392 1329 470 1371; x_wconf 87' lang='lat' dir='ltr'>stri</span> <span class='ocrx_word' id='word_1_146' title='bbox 495 1328 643 1382; x_wconf 85' lang='lat' dir='ltr'>stessi,</span> <span class='ocrx_word' id='word_1_147' title='bbox 669 1343 776 1386; x_wconf 87' lang='lat' dir='ltr'>pare</span> <span class='ocrx_word' id='word_1_148' title='bbox 797 1327 836 1371; x_wconf 89' lang='lat' dir='ltr'>si</span> <span class='ocrx_word' id='word_1_149' title='bbox 857 1329 1129 1384; x_wconf 88' lang='lat' dir='ltr'>potrebbero</span> <span class='ocrx_word' id='word_1_150' title='bbox 1151 1327 1378 1384; x_wconf 84' lang='lat' dir='ltr'>applicare</span> <span class='ocrx_word' id='word_1_151' title='bbox 1394 1328 1643 1384; x_wconf 89' lang='lat' dir='ltr'>douunque</span> <span class='ocrx_word' id='word_1_152' title='bbox 1659 1327 1698 1371; x_wconf 92' lang='lat' dir='ltr'>si</span> <span class='ocrx_word' id='word_1_153' title='bbox 1715 1335 1920 1373; x_wconf 80' lang='lat' dir='ltr'>tornasse</span> <span class='ocrx_word' id='word_1_154' title='bbox 1936 1342 2033 1372; x_wconf 89' lang='lat' dir='ltr'>me-</span> 
     </span>
    </p>
   </div>
   <div class='ocr_carea' id='block_1_3' title="bbox 392 1405 2048 1462">
    <p class='ocr_par' dir='ltr' id='par_1_3' title="bbox 392 1405 2048 1462">
     <span class='ocr_line' id='line_1_15' title="bbox 392 1405 2048 1462; baseline 0.001 -14"><span class='ocrx_word' id='word_1_155' title='bbox 392 1406 486 1462; x_wconf 85' lang='lat' dir='ltr'>glio</span> <span class='ocrx_word' id='word_1_156' title='bbox 508 1407 595 1450; x_wconf 90' lang='lat' dir='ltr'>alla</span> <span class='ocrx_word' id='word_1_157' title='bbox 616 1405 923 1462; x_wconf 87' lang='lat' dir='ltr'>Compagnia.</span> <span class='ocrx_word' id='word_1_158' title='bbox 951 1407 1007 1448; x_wconf 86' lang='lat' dir='ltr'>Et</span> <span class='ocrx_word' id='word_1_159' title='bbox 1030 1420 1120 1462; x_wconf 90' lang='lat' dir='ltr'>qua</span> <span class='ocrx_word' id='word_1_160' title='bbox 1142 1420 1232 1449; x_wconf 90' lang='lat' dir='ltr'>non</span> <span class='ocrx_word' id='word_1_161' title='bbox 1256 1405 1294 1449; x_wconf 91' lang='lat' dir='ltr'>si</span> <span class='ocrx_word' id='word_1_162' title='bbox 1318 1405 1496 1450; x_wconf 88' lang='lat' dir='ltr'>uedeua</span> <span class='ocrx_word' id='word_1_163' title='bbox 1512 1420 1596 1462; x_wconf 84' lang='lat' dir='ltr'>per</span> <span class='ocrx_word' id='word_1_164' title='bbox 1611 1405 1719 1461; x_wconf 88' lang='lat' dir='ltr'>qual</span> <span class='ocrx_word' id='word_1_165' title='bbox 1734 1419 1875 1449; x_wconf 90' lang='lat' dir='ltr'>causa</span> <span class='ocrx_word' id='word_1_166' title='bbox 1890 1411 2048 1450; x_wconf 86' lang='lat' dir='ltr'>stesse.</span> 
     </span>
    </p>
   </div>
   <div class='ocr_carea' id='block_1_4' title="bbox 393 1481 2035 1541">
    <p class='ocr_par' dir='ltr' id='par_1_4' title="bbox 393 1481 2035 1541">
     <span class='ocr_line' id='line_1_16' title="bbox 393 1481 2035 1541; baseline 0 -15"><span class='ocrx_word' id='word_1_167' title='bbox 393 1484 562 1541; x_wconf 84' lang='lat' dir='ltr'>meglio</span> <span class='ocrx_word' id='word_1_168' title='bbox 582 1484 626 1527; x_wconf 96' lang='grc'>13</span> <span class='ocrx_word' id='word_1_169' title='bbox 647 1483 915 1540; x_wconf 86' lang='lat' dir='ltr'>probatione</span> <span class='ocrx_word' id='word_1_170' title='bbox 937 1482 982 1525; x_wconf 91' lang='lat' dir='ltr'>in</span> <span class='ocrx_word' id='word_1_171' title='bbox 1006 1482 1173 1526; x_wconf 91' lang='lat' dir='ltr'>Tornai</span> <span class='ocrx_word' id='word_1_172' title='bbox 1201 1485 1287 1528; x_wconf 90' lang='lat' dir='ltr'>che</span> <span class='ocrx_word' id='word_1_173' title='bbox 1315 1483 1361 1526; x_wconf 91' lang='lat' dir='ltr'>in</span> <span class='ocrx_word' id='word_1_174' title='bbox 1392 1482 1614 1536; x_wconf 91' lang='lat' dir='ltr'>Louanio,</span> <span class='ocrx_word' id='word_1_175' title='bbox 1639 1483 1759 1527; x_wconf 91' lang='lat' dir='ltr'>doue</span> <span class='ocrx_word' id='word_1_176' title='bbox 1790 1481 2035 1527; x_wconf 88' lang='lat' dir='ltr'>essendoui</span> 
     </span>
    </p>
   </div>
   <div class='ocr_carea' id='block_1_5' title="bbox 391 1559 2053 1617">
    <p class='ocr_par' dir='ltr' id='par_1_5' title="bbox 391 1559 2053 1617">
     <span class='ocr_line' id='line_1_17' title="bbox 391 1559 2053 1617; baseline 0 -13"><span class='ocrx_word' id='word_1_177' title='bbox 391 1562 543 1605; x_wconf 89' lang='lat' dir='ltr'>buona</span> <span class='ocrx_word' id='word_1_178' title='bbox 565 1575 670 1605; x_wconf 88' lang='lat' dir='ltr'>casa</span> <span class='ocrx_word' id='word_1_179' title='bbox 697 1567 743 1604; x_wconf 89' lang='lat' dir='ltr'>et</span> <span class='ocrx_word' id='word_1_180' title='bbox 771 1562 919 1613; x_wconf 90' lang='lat' dir='ltr'>horto,</span> <span class='ocrx_word' id='word_1_181' title='bbox 946 1575 1052 1617; x_wconf 87' lang='lat' dir='ltr'>pare</span> <span class='ocrx_word' id='word_1_182' title='bbox 1081 1561 1364 1617; x_wconf 90' lang='lat' dir='ltr'>potrebbeno</span> <span class='ocrx_word' id='word_1_183' title='bbox 1390 1567 1510 1605; x_wconf 88' lang='lat' dir='ltr'>stare</span> <span class='ocrx_word' id='word_1_184' title='bbox 1538 1560 1569 1603; x_wconf 91' lang='lat' dir='ltr'>li</span> <span class='ocrx_word' id='word_1_185' title='bbox 1598 1559 1760 1604; x_wconf 90' lang='lat' dir='ltr'>nouitii</span> <span class='ocrx_word' id='word_1_186' title='bbox 1788 1559 1925 1604; x_wconf 89' lang='lat' dir='ltr'>etiam</span> <span class='ocrx_word' id='word_1_187' title='bbox 1957 1559 2053 1616; x_wconf 62' lang='lat' dir='ltr'>pin⁴</span> 
     </span>
    </p>
   </div>
   <div class='ocr_carea' id='block_1_6' title="bbox 383 1636 2035 2777">
    <p class='ocr_par' dir='ltr' id='par_1_6' title="bbox 388 1636 2035 1850">
     <span class='ocr_line' id='line_1_18' title="bbox 391 1636 2035 1694; baseline -0.001 -13"><span class='ocrx_word' id='word_1_188' title='bbox 391 1639 785 1683; x_wconf 90' lang='lat' dir='ltr'>commodamente</span> <span class='ocrx_word' id='word_1_189' title='bbox 803 1639 887 1682; x_wconf 89' lang='lat' dir='ltr'>che</span> <span class='ocrx_word' id='word_1_190' title='bbox 903 1636 949 1680; x_wconf 92' lang='lat' dir='ltr'>in</span> <span class='ocrx_word' id='word_1_191' title='bbox 969 1637 1151 1680; x_wconf 88' lang='lat' dir='ltr'>Tornai.</span> <span class='ocrx_word' id='word_1_192' title='bbox 1168 1638 1230 1683; x_wconf 89' lang='lat' dir='ltr'>Se</span> <span class='ocrx_word' id='word_1_193' title='bbox 1246 1638 1360 1682; x_wconf 89' lang='lat' dir='ltr'>altra</span> <span class='ocrx_word' id='word_1_194' title='bbox 1377 1652 1515 1682; x_wconf 88' lang='lat' dir='ltr'>causa</span> <span class='ocrx_word' id='word_1_195' title='bbox 1533 1637 1579 1680; x_wconf 91' lang='lat' dir='ltr'>ui</span> <span class='ocrx_word' id='word_1_196' title='bbox 1602 1638 1738 1691; x_wconf 89' lang='lat' dir='ltr'>fosse,</span> <span class='ocrx_word' id='word_1_197' title='bbox 1759 1637 1797 1681; x_wconf 90' lang='lat' dir='ltr'>si</span> <span class='ocrx_word' id='word_1_198' title='bbox 1815 1637 2035 1694; x_wconf 81' lang='lat' dir='ltr'>p0trebbe</span> 
     </span>
     <span class='ocr_line' id='line_1_19' title="bbox 390 1713 2033 1772; baseline -0.001 -13"><span class='ocrx_word' id='word_1_199' title='bbox 390 1715 607 1759; x_wconf 88' lang='lat' dir='ltr'>scriuere.</span> <span class='ocrx_word' id='word_1_200' title='bbox 630 1717 747 1759; x_wconf 88' lang='lat' dir='ltr'>Pare</span> <span class='ocrx_word' id='word_1_201' title='bbox 764 1717 908 1758; x_wconf 86' lang='lat' dir='ltr'>anche</span> <span class='ocrx_word' id='word_1_202' title='bbox 940 1729 1048 1758; x_wconf 90' lang='lat' dir='ltr'>cosa</span> <span class='ocrx_word' id='word_1_203' title='bbox 1079 1715 1231 1772; x_wconf 86' lang='lat' dir='ltr'>degna</span> <span class='ocrx_word' id='word_1_204' title='bbox 1263 1714 1309 1758; x_wconf 90' lang='lat' dir='ltr'>di</span> <span class='ocrx_word' id='word_1_205' title='bbox 1343 1714 1723 1768; x_wconf 87' lang='lat' dir='ltr'>consideratione,</span> <span class='ocrx_word' id='word_1_206' title='bbox 1758 1729 1809 1760; x_wconf 89' lang='lat' dir='ltr'>se</span> <span class='ocrx_word' id='word_1_207' title='bbox 1846 1713 1959 1758; x_wconf 87' lang='lat' dir='ltr'>fussi</span> <span class='ocrx_word' id='word_1_208' title='bbox 1991 1714 2033 1758; x_wconf 89' lang='lat' dir='ltr'>al</span> 
     </span>
     <span class='ocr_line' id='line_1_20' title="bbox 388 1792 1509 1850; baseline 0 -15"><span class='ocrx_word' id='word_1_209' title='bbox 388 1793 625 1850; x_wconf 87' lang='lat' dir='ltr'>proposito</span> <span class='ocrx_word' id='word_1_210' title='bbox 648 1792 832 1846; x_wconf 87' lang='lat' dir='ltr'>Tornai,</span> <span class='ocrx_word' id='word_1_211' title='bbox 857 1808 938 1849; x_wconf 91' lang='lat' dir='ltr'>per</span> <span class='ocrx_word' id='word_1_212' title='bbox 960 1792 1132 1838; x_wconf 89' lang='lat' dir='ltr'>esserui</span> <span class='ocrx_word' id='word_1_213' title='bbox 1162 1792 1276 1836; x_wconf 91' lang='lat' dir='ltr'>tanti</span> <span class='ocrx_word' id='word_1_214' title='bbox 1299 1792 1509 1838; x_wconf 87' lang='lat' dir='ltr'>heretici.</span> 
     </span>
    </p>

    <p class='ocr_par' dir='ltr' id='par_1_7' title="bbox 383 1840 2033 2777">
     <span class='ocr_line' id='line_1_21' title="bbox 479 1840 2028 1928; baseline -0.001 -14"><span class='ocrx_word' id='word_1_215' title='bbox 479 1883 520 1914; x_wconf 88' lang='lat'>2.</span> <span class='ocrx_word' id='word_1_216' title='bbox 589 1872 776 1927; x_wconf 78' lang='lat' dir='ltr'>Quanto</span> <span class='ocrx_word' id='word_1_217' title='bbox 798 1871 840 1913; x_wconf 92' lang='lat' dir='ltr'>al</span> <span class='ocrx_word' id='word_1_218' title='bbox 864 1878 1112 1928; x_wconf 88' lang='lat' dir='ltr'>restampar</span> <span class='ocrx_word' id='word_1_219' title='bbox 1128 1871 1234 1928; x_wconf 91' lang='lat' dir='ltr'>quel</span> <span class='ocrx_word' id='word_1_220' title='bbox 1255 1870 1370 1914; x_wconf 89' lang='lat' dir='ltr'>libro</span> <span class='ocrx_word' id='word_1_221' title='bbox 1393 1870 1437 1913; x_wconf 89' lang='lat' dir='ltr'>di</span> <span class='ocrx_word' id='word_1_222' title='bbox 1462 1869 1715 1915; x_wconf 89' lang='lat' dir='ltr'>Benedetto</span> <span class='ocrx_word' id='word_1_223' title='bbox 1738 1840 2010 1926; x_wconf 82' lang='lat' dir='ltr'>Moreggio²</span> <span class='ocrx_word' id='word_1_224' title='bbox 2019 1903 2028 1923; x_wconf 93' lang='lat'>‚</span> 
     </span>
     <span class='ocr_line' id='line_1_22' title="bbox 387 1946 2032 2004; baseline -0.001 -13"><span class='ocrx_word' id='word_1_225' title='bbox 387 1948 762 2004; x_wconf 89' lang='lat' dir='ltr'>locupletandolo</span> <span class='ocrx_word' id='word_1_226' title='bbox 784 1948 959 2000; x_wconf 78' lang='grc'><strong>010,,31</strong></span> <span class='ocrx_word' id='word_1_227' title='bbox 983 1949 1035 1992; x_wconf 90' lang='lat' dir='ltr'>P</span> <span class='ocrx_word' id='word_1_228' title='bbox 1060 1947 1276 1992; x_wconf 83' lang='lat' dir='ltr'>Canisio³</span> <span class='ocrx_word' id='word_1_229' title='bbox 1299 1947 1338 1991; x_wconf 87' lang='lat' dir='ltr'>si</span> <span class='ocrx_word' id='word_1_230' title='bbox 1355 1946 1519 2000; x_wconf 91' lang='lat' dir='ltr'>scriue,</span> <span class='ocrx_word' id='word_1_231' title='bbox 1540 1946 1668 1991; x_wconf 83' lang='grc'><strong>30010</strong></span> <span class='ocrx_word' id='word_1_232' title='bbox 1684 1946 1786 1991; x_wconf 92' lang='lat' dir='ltr'>dica</span> <span class='ocrx_word' id='word_1_233' title='bbox 1802 1946 1833 1989; x_wconf 92' lang='lat' dir='ltr'>il</span> <span class='ocrx_word' id='word_1_234' title='bbox 1849 1961 1933 1990; x_wconf 90' lang='lat' dir='ltr'>suo</span> <span class='ocrx_word' id='word_1_235' title='bbox 1950 1961 2032 2003; x_wconf 90' lang='lat' dir='ltr'>pa-</span> 
     </span>
     <span class='ocr_line' id='line_1_23' title="bbox 387 2022 2033 2082; baseline -0.001 -14"><span class='ocrx_word' id='word_1_236' title='bbox 387 2041 503 2079; x_wconf 90' lang='lat' dir='ltr'>rere,</span> <span class='ocrx_word' id='word_1_237' title='bbox 530 2032 575 2070; x_wconf 88' lang='lat' dir='ltr'>et</span> <span class='ocrx_word' id='word_1_238' title='bbox 597 2026 641 2068; x_wconf 95' lang='grc'>10</span> <span class='ocrx_word' id='word_1_239' title='bbox 663 2024 816 2068; x_wconf 88' lang='lat' dir='ltr'>scriua</span> <span class='ocrx_word' id='word_1_240' title='bbox 838 2040 863 2067; x_wconf 90' lang='lat' dir='ltr'>a</span> <span class='ocrx_word' id='word_1_241' title='bbox 886 2027 942 2069; x_wconf 92' lang='lat' dir='ltr'>V.</span> <span class='ocrx_word' id='word_1_242' title='bbox 966 2027 1040 2078; x_wconf 91' lang='lat' dir='ltr'>R.,</span> <span class='ocrx_word' id='word_1_243' title='bbox 1065 2023 1231 2082; x_wconf 76' lang='lat' dir='ltr'>poiche</span> <span class='ocrx_word' id='word_1_244' title='bbox 1247 2038 1445 2069; x_wconf 90' lang='lat' dir='ltr'>conosce</span> <span class='ocrx_word' id='word_1_245' title='bbox 1467 2025 1584 2069; x_wconf 89' lang='lat' dir='ltr'>bene</span> <span class='ocrx_word' id='word_1_246' title='bbox 1601 2022 1629 2066; x_wconf 94' lang='lat' dir='ltr'>l&#39;</span> <span class='ocrx_word' id='word_1_247' title='bbox 1647 2023 1830 2068; x_wconf 85' lang='lat' dir='ltr'>humori</span> <span class='ocrx_word' id='word_1_248' title='bbox 1848 2023 1894 2067; x_wconf 91' lang='lat' dir='ltr'>di</span> <span class='ocrx_word' id='word_1_249' title='bbox 1911 2024 2033 2068; x_wconf 89' lang='lat' dir='ltr'>Ger-</span> 
     </span>
     <span class='ocr_line' id='line_1_24' title="bbox 385 2100 2030 2160; baseline -0.001 -15"><span class='ocrx_word' id='word_1_250' title='bbox 385 2102 523 2146; x_wconf 90' lang='lat' dir='ltr'>mani.</span> <span class='ocrx_word' id='word_1_251' title='bbox 556 2101 773 2146; x_wconf 87' lang='lat' dir='ltr'>Tuttauia</span> <span class='ocrx_word' id='word_1_252' title='bbox 805 2116 894 2157; x_wconf 90' lang='lat' dir='ltr'>qua</span> <span class='ocrx_word' id='word_1_253' title='bbox 927 2102 967 2145; x_wconf 93' lang='lat' dir='ltr'>ci</span> <span class='ocrx_word' id='word_1_254' title='bbox 998 2117 1169 2160; x_wconf 85' lang='lat' dir='ltr'>pareua</span> <span class='ocrx_word' id='word_1_255' title='bbox 1202 2104 1349 2158; x_wconf 90' lang='lat' dir='ltr'>quest’</span> <span class='ocrx_word' id='word_1_256' title='bbox 1374 2100 1675 2158; x_wconf 90' lang='lat' dir='ltr'>occupatione</span> <span class='ocrx_word' id='word_1_257' title='bbox 1707 2115 1788 2158; x_wconf 91' lang='lat' dir='ltr'>per</span> <span class='ocrx_word' id='word_1_258' title='bbox 1818 2100 1851 2143; x_wconf 93' lang='lat' dir='ltr'>li</span> <span class='ocrx_word' id='word_1_259' title='bbox 1887 2100 2030 2145; x_wconf 86' lang='lat' dir='ltr'>nostri</span> 
     </span>
     <span class='ocr_line' id='line_1_25' title="bbox 385 2178 2032 2235; baseline -0.001 -13"><span class='ocrx_word' id='word_1_260' title='bbox 385 2194 501 2235; x_wconf 92' lang='lat' dir='ltr'>poco</span> <span class='ocrx_word' id='word_1_261' title='bbox 524 2178 844 2233; x_wconf 88' lang='lat' dir='ltr'>conueniente,</span> <span class='ocrx_word' id='word_1_262' title='bbox 864 2179 986 2235; x_wconf 84' lang='lat' dir='ltr'>quali</span> <span class='ocrx_word' id='word_1_263' title='bbox 1003 2194 1090 2224; x_wconf 93' lang='lat' dir='ltr'>con</span> <span class='ocrx_word' id='word_1_264' title='bbox 1106 2178 1138 2222; x_wconf 88' lang='lat' dir='ltr'>li</span> <span class='ocrx_word' id='word_1_265' title='bbox 1155 2179 1255 2222; x_wconf 90' lang='lat' dir='ltr'>fatti</span> <span class='ocrx_word' id='word_1_266' title='bbox 1272 2178 1421 2222; x_wconf 92' lang='lat' dir='ltr'>insino</span> <span class='ocrx_word' id='word_1_267' title='bbox 1442 2179 1603 2223; x_wconf 88' lang='lat' dir='ltr'>adesso</span> <span class='ocrx_word' id='word_1_268' title='bbox 1621 2179 1778 2222; x_wconf 92' lang='lat' dir='ltr'>hanno</span> <span class='ocrx_word' id='word_1_269' title='bbox 1795 2178 2032 2222; x_wconf 90' lang='lat' dir='ltr'>confutato</span> 
     </span>
     <span class='ocr_line' id='line_1_26' title="bbox 383 2253 2027 2314; baseline -0.001 -15"><span class='ocrx_word' id='word_1_270' title='bbox 383 2257 461 2314; x_wconf 67' lang='lat' dir='ltr'>piu</span> <span class='ocrx_word' id='word_1_271' title='bbox 498 2257 734 2301; x_wconf 88' lang='lat' dir='ltr'>utilmente</span> <span class='ocrx_word' id='word_1_272' title='bbox 766 2257 853 2300; x_wconf 93' lang='lat' dir='ltr'>che</span> <span class='ocrx_word' id='word_1_273' title='bbox 886 2271 971 2300; x_wconf 91' lang='lat' dir='ltr'>con</span> <span class='ocrx_word' id='word_1_274' title='bbox 1004 2256 1139 2301; x_wconf 89' lang='lat' dir='ltr'>simili</span> <span class='ocrx_word' id='word_1_275' title='bbox 1170 2256 1273 2299; x_wconf 82' lang='lat' dir='ltr'>libri</span> <span class='ocrx_word' id='word_1_276' title='bbox 1305 2257 1349 2300; x_wconf 97' lang='grc'>10</span> <span class='ocrx_word' id='word_1_277' title='bbox 1379 2255 1605 2300; x_wconf 83' lang='grc' dir='ltr'><strong>0311111111ἰο</strong></span> <span class='ocrx_word' id='word_1_278' title='bbox 1637 2256 1694 2299; x_wconf 88' lang='lat' dir='ltr'>de</span> <span class='ocrx_word' id='word_1_279' title='bbox 1731 2253 1794 2312; x_wconf 83' lang='lat' dir='ltr'>gl’</span> <span class='ocrx_word' id='word_1_280' title='bbox 1817 2254 2027 2300; x_wconf 89' lang='lat' dir='ltr'>heretici.</span> 
     </span>
     <span class='ocr_line' id='line_1_27' title="bbox 385 2331 2027 2391; baseline -0.001 -14"><span class='ocrx_word' id='word_1_281' title='bbox 385 2334 585 2390; x_wconf 78' lang='lat' dir='ltr'>Quando</span> <span class='ocrx_word' id='word_1_282' title='bbox 607 2333 644 2377; x_wconf 89' lang='lat' dir='ltr'>si</span> <span class='ocrx_word' id='word_1_283' title='bbox 667 2333 892 2378; x_wconf 87' lang='lat' dir='ltr'>scriuesse</span> <span class='ocrx_word' id='word_1_284' title='bbox 914 2334 959 2377; x_wconf 92' lang='lat' dir='ltr'>di</span> <span class='ocrx_word' id='word_1_285' title='bbox 982 2334 1214 2391; x_wconf 90' lang='lat' dir='ltr'>proposito</span> <span class='ocrx_word' id='word_1_286' title='bbox 1237 2340 1396 2378; x_wconf 90' lang='lat' dir='ltr'>contro</span> <span class='ocrx_word' id='word_1_287' title='bbox 1418 2333 1449 2376; x_wconf 95' lang='lat' dir='ltr'>li</span> <span class='ocrx_word' id='word_1_288' title='bbox 1471 2332 1627 2390; x_wconf 83' lang='lat' dir='ltr'>dogmi</span> <span class='ocrx_word' id='word_1_289' title='bbox 1655 2332 1711 2376; x_wconf 93' lang='lat' dir='ltr'>de</span> <span class='ocrx_word' id='word_1_290' title='bbox 1733 2333 1796 2389; x_wconf 83' lang='lat' dir='ltr'>gl’</span> <span class='ocrx_word' id='word_1_291' title='bbox 1821 2331 2027 2386; x_wconf 88' lang='lat' dir='ltr'>heretici,</span> 
     </span>
     <span class='ocr_line' id='line_1_28' title="bbox 384 2408 2027 2469; baseline -0.002 -15"><span class='ocrx_word' id='word_1_292' title='bbox 384 2413 576 2456; x_wconf 81' lang='lat' dir='ltr'>sarebbe</span> <span class='ocrx_word' id='word_1_293' title='bbox 604 2413 680 2455; x_wconf 91' lang='lat' dir='ltr'>vn’</span> <span class='ocrx_word' id='word_1_294' title='bbox 707 2411 820 2454; x_wconf 89' lang='lat' dir='ltr'>altra</span> <span class='ocrx_word' id='word_1_295' title='bbox 854 2426 974 2455; x_wconf 91' lang='lat' dir='ltr'>cosa.</span> <span class='ocrx_word' id='word_1_296' title='bbox 1009 2414 1085 2456; x_wconf 93' lang='lat' dir='ltr'>Ma</span> <span class='ocrx_word' id='word_1_297' title='bbox 1117 2426 1197 2469; x_wconf 91' lang='lat' dir='ltr'>per</span> <span class='ocrx_word' id='word_1_298' title='bbox 1228 2412 1390 2455; x_wconf 89' lang='lat' dir='ltr'>adesso</span> <span class='ocrx_word' id='word_1_299' title='bbox 1418 2412 1475 2455; x_wconf 89' lang='lat' dir='ltr'>V.</span> <span class='ocrx_word' id='word_1_300' title='bbox 1509 2412 1564 2455; x_wconf 91' lang='lat' dir='ltr'>R.</span> <span class='ocrx_word' id='word_1_301' title='bbox 1597 2425 1689 2454; x_wconf 88' lang='lat' dir='ltr'>non</span> <span class='ocrx_word' id='word_1_302' title='bbox 1719 2425 1827 2466; x_wconf 86' lang='lat' dir='ltr'>pare</span> <span class='ocrx_word' id='word_1_303' title='bbox 1860 2408 2027 2452; x_wconf 90' lang='lat' dir='ltr'>habbia</span> 
     </span>
     <span class='ocr_line' id='line_1_29' title="bbox 384 2486 2022 2545; baseline -0.001 -15"><span class='ocrx_word' id='word_1_304' title='bbox 384 2495 539 2544; x_wconf 90' lang='lat' dir='ltr'>tempo</span> <span class='ocrx_word' id='word_1_305' title='bbox 566 2495 840 2545; x_wconf 90' lang='lat' dir='ltr'>opportuno,</span> <span class='ocrx_word' id='word_1_306' title='bbox 874 2490 1086 2533; x_wconf 91' lang='lat' dir='ltr'>hauendo</span> <span class='ocrx_word' id='word_1_307' title='bbox 1117 2489 1163 2532; x_wconf 92' lang='lat' dir='ltr'>di</span> <span class='ocrx_word' id='word_1_308' title='bbox 1198 2488 1355 2533; x_wconf 87' lang='lat' dir='ltr'>uisitar</span> <span class='ocrx_word' id='word_1_309' title='bbox 1386 2489 1429 2532; x_wconf 93' lang='lat' dir='ltr'>le</span> <span class='ocrx_word' id='word_1_310' title='bbox 1459 2487 1694 2545; x_wconf 90' lang='lat' dir='ltr'>prouincie</span> <span class='ocrx_word' id='word_1_311' title='bbox 1730 2487 1777 2530; x_wconf 93' lang='lat' dir='ltr'>di</span> <span class='ocrx_word' id='word_1_312' title='bbox 1814 2486 2022 2539; x_wconf 88' lang='lat' dir='ltr'>Francia,</span> 
     </span>
     <span class='ocr_line' id='line_1_30' title="bbox 383 2563 2024 2623; baseline -0.001 -15"><span class='ocrx_word' id='word_1_313' title='bbox 383 2573 556 2621; x_wconf 89' lang='lat' dir='ltr'>quanto</span> <span class='ocrx_word' id='word_1_314' title='bbox 580 2565 655 2623; x_wconf 68' lang='lat' dir='ltr'>pisi</span> <span class='ocrx_word' id='word_1_315' title='bbox 679 2565 716 2609; x_wconf 90' lang='lat' dir='ltr'>si</span> <span class='ocrx_word' id='word_1_316' title='bbox 738 2568 867 2621; x_wconf 77' lang='lat' dir='ltr'>potra</span> <span class='ocrx_word' id='word_1_317' title='bbox 884 2567 1054 2611; x_wconf 89' lang='lat' dir='ltr'>andare</span> <span class='ocrx_word' id='word_1_318' title='bbox 1070 2566 1392 2610; x_wconf 87' lang='lat' dir='ltr'>sicuramente.</span> <span class='ocrx_word' id='word_1_319' title='bbox 1414 2567 1472 2609; x_wconf 92' lang='lat' dir='ltr'>Et</span> <span class='ocrx_word' id='word_1_320' title='bbox 1488 2580 1595 2622; x_wconf 91' lang='lat' dir='ltr'>pare</span> <span class='ocrx_word' id='word_1_321' title='bbox 1611 2565 1711 2608; x_wconf 75' lang='lat' dir='ltr'>sara</span> <span class='ocrx_word' id='word_1_322' title='bbox 1729 2563 1846 2608; x_wconf 87' lang='lat' dir='ltr'>assai</span> <span class='ocrx_word' id='word_1_323' title='bbox 1864 2578 2024 2608; x_wconf 88' lang='lat' dir='ltr'>neces-</span> 
     </span>
     <span class='ocr_line' id='line_1_31' title="bbox 384 2640 2026 2699; baseline -0.001 -15"><span class='ocrx_word' id='word_1_324' title='bbox 384 2642 516 2695; x_wconf 86' lang='lat' dir='ltr'>saria,</span> <span class='ocrx_word' id='word_1_325' title='bbox 542 2657 625 2699; x_wconf 91' lang='lat' dir='ltr'>per</span> <span class='ocrx_word' id='word_1_326' title='bbox 646 2643 798 2699; x_wconf 92' lang='lat' dir='ltr'>quello</span> <span class='ocrx_word' id='word_1_327' title='bbox 821 2644 909 2687; x_wconf 85' lang='lat' dir='ltr'>che</span> <span class='ocrx_word' id='word_1_328' title='bbox 932 2643 1230 2696; x_wconf 87' lang='lat' dir='ltr'>intendiamo,</span> <span class='ocrx_word' id='word_1_329' title='bbox 1255 2644 1298 2687; x_wconf 91' lang='grc'>13</span> <span class='ocrx_word' id='word_1_330' title='bbox 1321 2642 1471 2686; x_wconf 91' lang='lat' dir='ltr'>uisita.</span> <span class='ocrx_word' id='word_1_331' title='bbox 1498 2641 1715 2686; x_wconf 88' lang='lat' dir='ltr'>Tuttauia</span> <span class='ocrx_word' id='word_1_332' title='bbox 1736 2655 1828 2684; x_wconf 89' lang='lat' dir='ltr'>non</span> <span class='ocrx_word' id='word_1_333' title='bbox 1850 2640 1889 2684; x_wconf 92' lang='lat' dir='ltr'>si</span> <span class='ocrx_word' id='word_1_334' title='bbox 1910 2647 2026 2685; x_wconf 90' lang='lat' dir='ltr'>met—</span> 
     </span>
     <span class='ocr_line' id='line_1_32' title="bbox 383 2717 2024 2777; baseline -0.001 -16"><span class='ocrx_word' id='word_1_335' title='bbox 383 2726 427 2762; x_wconf 86' lang='lat' dir='ltr'>ta</span> <span class='ocrx_word' id='word_1_336' title='bbox 451 2722 507 2764; x_wconf 88' lang='lat' dir='ltr'>V.</span> <span class='ocrx_word' id='word_1_337' title='bbox 535 2722 590 2764; x_wconf 90' lang='lat' dir='ltr'>R.</span> <span class='ocrx_word' id='word_1_338' title='bbox 615 2719 663 2763; x_wconf 90' lang='lat' dir='ltr'>in</span> <span class='ocrx_word' id='word_1_339' title='bbox 685 2719 883 2777; x_wconf 91' lang='lat' dir='ltr'>pericolo</span> <span class='ocrx_word' id='word_1_340' title='bbox 906 2721 1013 2764; x_wconf 82' lang='lat' dir='ltr'>nell’</span> <span class='ocrx_word' id='word_1_341' title='bbox 1039 2722 1208 2766; x_wconf 88' lang='lat' dir='ltr'>andare</span> <span class='ocrx_word' id='word_1_342' title='bbox 1229 2735 1256 2764; x_wconf 93' lang='lat' dir='ltr'>a</span> <span class='ocrx_word' id='word_1_343' title='bbox 1279 2719 1451 2777; x_wconf 85' lang='lat' dir='ltr'>Parigi,</span> <span class='ocrx_word' id='word_1_344' title='bbox 1471 2719 1651 2764; x_wconf 80' lang='lat' dir='ltr'>benche</span> <span class='ocrx_word' id='word_1_345' title='bbox 1667 2719 1699 2761; x_wconf 93' lang='lat' dir='ltr'>li</span> <span class='ocrx_word' id='word_1_346' title='bbox 1716 2719 1838 2763; x_wconf 86' lang='lat' dir='ltr'>forse</span> <span class='ocrx_word' id='word_1_347' title='bbox 1854 2717 1933 2775; x_wconf 74' lang='lat' dir='ltr'>pisi</span> <span class='ocrx_word' id='word_1_348' title='bbox 1949 2718 2024 2760; x_wconf 86' lang='lat' dir='ltr'>ch’</span> 
     </span>
    </p>
   </div>
   <div class='ocr_carea' id='block_1_7' title="bbox 387 2819 652 2826">
    <p class='ocr_par' dir='ltr' id='par_1_8' title="bbox 387 2819 652 2826">
     <span class='ocr_line' id='line_1_33' title="bbox 387 2819 652 2826; baseline 0 0"><span class='ocrx_word' id='word_1_349' title='bbox 387 2819 652 2826; x_wconf 95' lang='lat' dir='ltr'> </span> 
     </span>
    </p>
   </div>
   <div class='ocr_carea' id='block_1_8' title="bbox 453 2868 1330 2907">
    <p class='ocr_par' dir='ltr' id='par_1_9' title="bbox 453 2868 1330 2907">
     <span class='ocr_line' id='line_1_34' title="bbox 453 2868 1330 2907; baseline -0.002 -1"><span class='ocrx_word' id='word_1_350' title='bbox 453 2876 474 2896; x_wconf 90' lang='lat' dir='ltr'>a</span> <span class='ocrx_word' id='word_1_351' title='bbox 537 2868 738 2906; x_wconf 88' lang='lat' dir='ltr'>Omissum</span> <span class='ocrx_word' id='word_1_352' title='bbox 757 2880 780 2904; x_wconf 88' lang='lat' dir='ltr'>a</span> <span class='ocrx_word' id='word_1_353' title='bbox 797 2868 959 2904; x_wconf 83' lang='lat' dir='ltr'>libr.—b</span> <span class='ocrx_word' id='word_1_354' title='bbox 975 2869 1178 2907; x_wconf 88' lang='lat' dir='ltr'>Omissum</span> <span class='ocrx_word' id='word_1_355' title='bbox 1195 2881 1218 2906; x_wconf 90' lang='lat' dir='ltr'>a</span> <span class='ocrx_word' id='word_1_356' title='bbox 1241 2870 1330 2907; x_wconf 91' lang='lat' dir='ltr'>libr.</span> 
     </span>
    </p>
   </div>
   <div class='ocr_carea' id='block_1_9' title="bbox 383 2950 649 2958">
    <p class='ocr_par' dir='ltr' id='par_1_10' title="bbox 383 2950 649 2958">
     <span class='ocr_line' id='line_1_35' title="bbox 383 2950 649 2958; baseline 0 0"><span class='ocrx_word' id='word_1_357' title='bbox 383 2950 649 2958; x_wconf 95' lang='lat' dir='ltr'> </span> 
     </span>
    </p>
   </div>
   <div class='ocr_carea' id='block_1_10' title="bbox 450 2999 1971 3168">
    <p class='ocr_par' dir='ltr' id='par_1_11' title="bbox 450 2999 1971 3168">
     <span class='ocr_line' id='line_1_36' title="bbox 456 2999 953 3046; baseline 0 -11"><span class='ocrx_word' id='word_1_358' title='bbox 456 2999 464 3018; x_wconf 92' lang='lat'>¹</span> <span class='ocrx_word' id='word_1_359' title='bbox 518 2999 719 3035; x_wconf 78' lang='lat' dir='ltr'>Fontanus</span> <span class='ocrx_word' id='word_1_360' title='bbox 739 2999 806 3046; x_wconf 92' lang='lat' dir='ltr'>(du</span> <span class='ocrx_word' id='word_1_361' title='bbox 824 3000 953 3045; x_wconf 90' lang='lat' dir='ltr'>Pont).</span> 
     </span>
     <span class='ocr_line' id='line_1_37' title="bbox 454 3058 1601 3108; baseline 0.001 -15"><span class='ocrx_word' id='word_1_362' title='bbox 454 3060 467 3079; x_wconf 54' lang='grc' dir='ltr'><strong>Ξ</strong></span> <span class='ocrx_word' id='word_1_363' title='bbox 520 3058 622 3094; x_wconf 91' lang='lat' dir='ltr'>Vide</span> <span class='ocrx_word' id='word_1_364' title='bbox 640 3059 755 3106; x_wconf 84' lang='lat' dir='ltr'>epist.</span> <span class='ocrx_word' id='word_1_365' title='bbox 779 3067 861 3104; x_wconf 84' lang='lat'>514,</span> <span class='ocrx_word' id='word_1_366' title='bbox 881 3072 919 3095; x_wconf 92' lang='lat' dir='ltr'>n.</span> <span class='ocrx_word' id='word_1_367' title='bbox 941 3059 976 3104; x_wconf 85' lang='lat'>33</span> <span class='ocrx_word' id='word_1_368' title='bbox 998 3068 1080 3108; x_wconf 84' lang='lat'><strong>517,</strong></span> <span class='ocrx_word' id='word_1_369' title='bbox 1101 3073 1139 3096; x_wconf 90' lang='grc'>11.</span> <span class='ocrx_word' id='word_1_370' title='bbox 1162 3060 1198 3106; x_wconf 85' lang='grc'>3;</span> <span class='ocrx_word' id='word_1_371' title='bbox 1218 3066 1258 3097; x_wconf 91' lang='lat' dir='ltr'>et</span> <span class='ocrx_word' id='word_1_372' title='bbox 1277 3060 1362 3108; x_wconf 85' lang='lat'>518,</span> <span class='ocrx_word' id='word_1_373' title='bbox 1381 3072 1447 3097; x_wconf 86' lang='lat' dir='ltr'>nn.</span> <span class='ocrx_word' id='word_1_374' title='bbox 1468 3059 1491 3096; x_wconf 91' lang='lat'>3</span> <span class='ocrx_word' id='word_1_375' title='bbox 1508 3064 1549 3095; x_wconf 91' lang='lat' dir='ltr'>et</span> <span class='ocrx_word' id='word_1_376' title='bbox 1566 3070 1601 3105; x_wconf 93' lang='lat'>9.</span> 
     </span>
     <span class='ocr_line' id='line_1_38' title="bbox 450 3117 1971 3168; baseline 0 -16"><span class='ocrx_word' id='word_1_377' title='bbox 450 3118 466 3138; x_wconf 79' lang='lat'>⁵</span> <span class='ocrx_word' id='word_1_378' title='bbox 516 3118 561 3153; x_wconf 92' lang='lat' dir='ltr'>B.</span> <span class='ocrx_word' id='word_1_379' title='bbox 584 3119 724 3155; x_wconf 85' lang='lat' dir='ltr'>Petrus</span> <span class='ocrx_word' id='word_1_380' title='bbox 742 3118 940 3164; x_wconf 82' lang='lat' dir='ltr'>Canisius‚</span> <span class='ocrx_word' id='word_1_381' title='bbox 959 3120 1197 3157; x_wconf 89' lang='lat' dir='ltr'>Germaniae</span> <span class='ocrx_word' id='word_1_382' title='bbox 1216 3120 1428 3168; x_wconf 88' lang='lat' dir='ltr'>superioris</span> <span class='ocrx_word' id='word_1_383' title='bbox 1445 3120 1690 3168; x_wconf 85' lang='lat' dir='ltr'>praepositus</span> <span class='ocrx_word' id='word_1_384' title='bbox 1708 3117 1971 3167; x_wconf 85' lang='lat' dir='ltr'>provincialis.</span> 
     </span>
    </p>
   </div>
  </div>
 </body>
</html>
