2228 3548
986 290 1208 326 Appssnmx
1789 289 1861 336 783

262 392 351 436 nisi
371 392 598 448 completo
627 406 711 435 suo
739 406 944 435 numero.
977 390 1068 435 Vbi
1100 405 1319 436 numerus
1351 391 1532 449 collegii
1565 391 1903 436 monachiensis

263 452 350 496 erit
373 452 603 507 impletus,
628 458 675 494 et
696 450 885 494 aliorum
914 465 1006 493 non
1032 450 1133 503 erit,
1157 452 1254 494 sola
1275 466 1328 495 ea
1356 451 1566 508 collegia,
1592 465 1784 507 quorum
1813 467 1903 495 nu-

267 525 421 556 merus
448 525 541 553 non
569 510 654 553 erit
682 509 910 566 impletus,
945 510 1236 554 contribuent
1262 512 1319 553 ad
1355 511 1569 563 nouitios,
1610 510 1687 566 qui
1725 512 1905 555 alentur

268 577 448 628 praeter
469 584 710 612 numerum
732 569 976 622 Monachii,
997 569 1245 624 aequaliter
1266 570 1465 626 quidem,
1490 570 1529 613 si
1551 570 1798 625 aequaliter
1819 585 1903 614 sua

269 628 558 687 proportione
581 629 750 673 distent
772 644 798 672 a
820 629 1044 685 completo
1065 643 1271 682 numero3
1296 629 1592 685 inaequaliter
1617 644 1746 682 uero,
1770 629 1806 673 si
1830 629 1902 673 in-

268 688 531 744 aequaliter.
554 689 691 744 Quod
707 690 795 731 hoc
816 689 1022 744 exemplo
1037 688 1116 731 fiet
1138 688 1351 744 apertius.
1373 690 1548 732 Domus
1569 695 1842 744 augustana,
1862 689 1902 733 si

270 755 447 792 tantum
466 748 556 791 alat
573 754 691 799 octo,
712 755 758 790 et
773 747 1016 804 collegium
1034 746 1387 803 oenipontanum
1406 760 1478 801 20,
1498 755 1544 792 et
1566 747 1815 804 collegium
1830 748 1901 791 di-

270 807 507 863 linganum
545 819 618 861 23,
657 813 873 863 poterunt
908 806 1096 849 iudicari
1132 806 1379 861 aequaliter
1414 807 1581 851 distare
1613 821 1640 850 a
1675 809 1902 864 completo

268 881 473 909 numero:
499 874 545 909 et
567 866 645 918 ita,
670 866 919 921 aequaliter
938 866 1108 910 debent
1129 865 1435 910 contribuere.
1457 866 1507 911 Si
1528 865 1677 922 aliqua
1699 867 1757 909 sit
1774 867 1902 912 inae-

268 925 476 982 qualitaS,
503 925 801 981 inaequaliter
827 925 1132 968 contribuerit.
1170 925 1298 970 Haec
1331 940 1442 970 uero
1474 925 1790 980 inaequalitas,
1825 927 1902 971 uel

270 985 533 1040 aequalitas,
559 983 823 1029 censebitur
843 998 869 1027 a
890 983 1184 1040 prouinciale.

359 1045 498 1099 Quod
518 1043 556 1087 si
578 1045 690 1087 haec
712 1042 826 1087 ratio
847 1042 1056 1087 videatur
1077 1042 1287 1095 difficilis,
1313 1043 1399 1086 alia
1421 1043 1598 1088 ineatur
1620 1045 1826 1101 simplex,
1852 1051 1901 1086 vt

269 1103 519 1158 aequaliter
541 1102 831 1146 contribuant
854 1101 1004 1145 omnia
1025 1101 1232 1158 collegia,
1259 1116 1375 1156 quae
1396 1103 1617 1146 deficiunt
1634 1119 1660 1147 a
1676 1104 1902 1159 completo

272 1177 477 1205 numerO.
497 1161 681 1220 Judicet
703 1175 813 1206 uero
835 1176 926 1204 non
945 1168 1035 1204 tam
1054 1161 1320 1216 scrupulose
1337 1161 1642 1217 prouincialis,
1663 1163 1700 1206 si
1718 1162 1902 1218 aliquod

272 1221 534 1278 collegium,
560 1222 682 1276 quod
702 1220 884 1277 longius
906 1220 1043 1263 distat
1064 1235 1090 1263 a
1112 1220 1337 1275 completo
1359 1235 1565 1273 numero,
1591 1223 1692 1278 plus
1715 1222 1772 1265 sit
1788 1236 1902 1264 con-

275 1281 544 1332 tributurus,
567 1281 692 1335 ,quod
717 1294 823 1324 uero
846 1295 1003 1336 parurn
1025 1279 1177 1331 distet,
1202 1279 1366 1323 minus.
1394 1281 1497 1323 Non
1529 1281 1707 1324 videtur
1739 1295 1898 1324 neces-

272 1354 391 1392 sum,
412 1347 462 1382 ut
480 1346 655 1382 tantum
677 1338 993 1382 contribuatur
1009 1353 1090 1395 pro
1112 1339 1273 1382 alendo
1293 1353 1384 1382 vno
1402 1339 1574 1383 nouitio
1593 1340 1804 1384 Monachi
1819 1347 1839 1367 ³
1854 1339 1898 1382 in

273 1413 322 1442 re
342 1398 581 1454 praesenti,
601 1405 821 1454 quantum
840 1413 920 1454 pro
938 1412 1027 1441 vno
1049 1397 1318 1441 scholastico
1335 1399 1496 1442 alendo
1512 1400 1626 1444 solet
1644 1398 1836 1455 expendi
1853 1399 1898 1441 in

271 1458 481 1514 collegio.
508 1459 629 1502 Idem
654 1457 962 1513 prouincialis
965 1457 1168 1502 censebit
1189 1457 1490 1513 particularia.
1516 1458 1564 1502 Si
1592 1467 1712 1502 esset
1740 1474 1900 1502 nume-

273 1532 350 1560 rus
371 1517 416 1560 in
439 1517 650 1560 omnibus
671 1517 877 1572 collegiis
899 1517 1167 1573 completus,
1193 1517 1370 1560 alentur
1398 1517 1558 1560 nouitii
1587 1517 1815 1562 Monachii
1845 1533 1901 1562 ex

270 1577 608 1620 contributione
626 1575 826 1619 omnium
844 1575 1154 1642 collegiorum.
1176 1576 1232 1618 Et
1253 1575 1299 1618 in
1320 1590 1376 1620 eo
1396 1591 1546 1620 rerum
1569 1585 1756 1628 euentu,
1776 1577 1900 1619 iuxta

273 1635 495 1702 rationem
518 1635 880 1687 contributionis,
906 1628 1143 1702 pauciores
1169 1635 1290 1678 alent
1318 1636 1509 1692 collegia
1531 1651 1666 1691 quam
1695 1611 1901 1679 solebant

272 1709 329 1738 ex
352 1694 421 1747 iis,
448 1695 524 1761 qui
547 1709 638 1737 non
661 1702 795 1738 erunt
816 1694 1058 1739 necessarii
1083 1694 1128 1737 in
1150 1694 1359 1750 collegio.
1393 1696 1467 1739 Ad
1496 1710 1630 1751 quem
1662 1709 1900 1738 numerum

274 1753 631 1797 necessariorum
670 1753 707 1796 si
735 1753 958 1806 venirent,
991 1754 1104 1796 nihil
1131 1754 1326 1796 soluent.
1361 1754 1560 1798 Definiat
1592 1754 1898 1810 prouincialis,

275 1828 378 1857 cum
398 1813 590 1869 primum
608 1813 784 1857 venerit
802 1813 1108 1865 Monachium,
1128 1827 1367 1857 numerum
1383 1813 1681 1866 nouiciorum,
1703 1814 1781 1868 qui
1798 1827 1902 1869 pos-

277 1872 366 1916 sint
387 1872 626 1915 habitare
615 1887 661 1915 m
683 1872 759 1916 illo
781 1872 989 1928 collegio,
1015 1879 1061 1916 et
1088 1887 1191 1915 cum
1221 1872 1278 1915 ad
1305 1887 1409 1917 eum
1438 1887 1676 1917 numerum
1705 1886 1902 1929 peruen-

277 1940 373 1974 tum
396 1931 496 1983 erit,
531 1931 770 1975 mittentur
798 1931 872 1974 alii
904 1931 1063 1974 nouitii
1097 1933 1284 1975 Romam
1317 1932 1374 1975 ad
1408 1934 1588 1975 Patrem
1621 1933 1897 1988 generalem.

275 1991 398 2034 Idem
427 1990 744 2034 obseruabitur
771 1992 827 2034 de
858 1990 959 2043 illis,
992 1990 1157 2046 quibus
1184 1991 1458 2034 leuabuntur
1485 1992 1677 2047 collegia
1698 2006 1778 2047 pro
1799 2006 1902 2034 sus-

276 2049 524 2093 tentatione
554 2050 845 2093 nouitiorum.
877 2051 994 2093 Nam
1021 2050 1067 2092 hi
1097 2051 1284 2093 Romam
1305 2050 1439 2094 etiam
1463 2051 1717 2103 mittentur3
1750 2051 1903 2093 nullus

274 2117 425 2152 tamen
448 2110 636 2152 Romam
658 2109 881 2162 mittetur,
901 2108 987 2152 nisi
1004 2108 1129 2164 prius
1146 2122 1395 2153 consensus
1414 2110 1560 2153 Patris
1578 2109 1802 2166 generalis
1819 2111 1903 2152 ha-

272 2168 450 2219 beatur,
475 2182 611 2223 quem
628 2168 805 2211 curabit
823 2167 1116 2224 prouincialis
1132 2169 1300 2212 habere
1316 2177 1557 2225 antequam
1578 2170 1623 2212 in
1641 2183 1744 2214 eum
1764 2183 1903 2213 euen-

275 2235 369 2269 tum
393 2227 622 2270 veniatur.

363 2286 420 2328 In
442 2290 607 2341 quarta
630 2286 826 2342 pagina,
847 2286 1059 2342 simenez
1086 2301 1244 2329 manu:
1281 2288 1311 2342 †
1348 2289 1419 2331 De
1441 2287 1612 2330 ratione
1640 2286 1789 2330 alendi
1817 2300 1904 2329 no-

275 2344 425 2387 uitios.
467 2346 662 2387 Polanci
702 2359 860 2388 manu:
902 2346 945 2388 A
988 2353 1148 2401 questo
1189 2345 1226 2389 si
1268 2346 1292 2390 ὲ
1333 2346 1552 2403 prouisto.
1597 2347 1702 2389 Alia
1746 2360 1904 2388 manu:

276 2405 330 2448 C.
356 2419 401 2460 p.
422 2420 462 2448 e.
488 2419 548 2447 m.
582 2404 628 2461 †

350 2554 371 2576 ⁸
411 2548 490 2594 Sic,
509 2558 576 2594 pro
601 2547 816 2586 Monachii.
