2228 3548
449 267 478 294 X
882 256 1139 293 PROOEMIUM
1165 265 1305 292 TERTH
1333 264 1559 293 VOLUMINIS

492 360 630 416 Quod
652 373 760 404 vero
782 358 917 414 aliqui
941 360 998 403 de
1015 365 1176 402 sancto
1199 358 1413 415 pcntifice
1430 357 1513 401 Pio
1535 359 1577 402 V
1594 373 1686 402 non
1705 364 1829 403 recte
1846 357 2044 416 scripse-

404 451 525 496 runt,
551 458 672 497 eum,
704 444 831 485 velut
854 442 1083 485 hominem
1113 441 1422 498 imperiosum,
1467 447 1540 484 «et
1562 441 1639 497 qui
1672 442 1821 485 nullas
1843 441 2044 488 rationes

400 525 624 569 voluntati
642 539 752 569 suae
769 524 1018 567 contrarias
1036 524 1321 568 admitteret»
1343 523 1474 567 nobis
1491 523 1810 580 depingentes,
1831 525 2042 569 luculen-

403 616 471 654 ter
492 609 712 651 refellitur
734 623 789 652 ex
812 607 1004 663 epistola
1024 607 1253 663 Borgiana
1281 607 1332 650 18
1351 606 1461 663 Maji
1486 607 1598 662 1566
1615 608 1672 650 ad
1689 608 1898 652 Natalem
1916 609 2039 663 data,

402 692 448 735 in
472 707 561 747 qua
582 690 822 748 perspicue
844 690 997 747 potius
1015 698 1237 747 apparent
1259 690 1526 734 immortalis
1542 689 1664 734 illius
1680 690 1765 733 viri
1781 692 2039 747 prudentia,

400 774 659 831 benignitas
682 780 728 818 et
749 773 938 817 comitas
961 773 1007 816 in
1026 773 1265 818 audiendis
1287 781 1333 818 et
1355 773 1686 830 amplectendis
1715 774 1909 818 aliorum
1931 789 2046 819 con-

399 859 508 902 siliis
538 858 786 916 (130-132).
819 858 996 915 Hisque
1034 867 1081 902 et
1114 858 1213 902 aliis
1251 858 1499 902 virtutibus
1536 858 1779 902 maximam
1814 859 1900 904 sibi
1929 860 2049 905 inter
2083 844 2088 849 ¹

397 957 641 1000 germanos
663 943 980 987 auctoritatem
1003 942 1278 995 conciliavit,
1310 943 1501 998 ejusque
1524 949 1626 986 acta
1657 942 1777 999 typis
1809 943 1931 988 edita
1951 958 2047 989 non

400 1026 499 1071 sine
521 1027 674 1070 fructu
697 1041 724 1068 a
747 1026 904 1070 multis
925 1026 1201 1083 legebantur
1219 1017 1344 1083 (374,
1370 1026 1489 1084 491).
2058 1006 2059 1009 Ἰ

488 1110 613 1166 Quid
646 1124 780 1166 porro
812 1109 1101 1154 sentiendum
1135 1110 1192 1152 de
1220 1110 1373 1153 fructu
1406 1124 1463 1153 ex
1490 1110 1764 1167 augustanis
1797 1109 2043 1155 comitiisa

401 1193 635 1237 catholicis
651 1194 888 1250 percepto?
905 1194 1006 1236 Hac
1023 1194 1080 1237 de
1092 1208 1139 1237 re
1157 1193 1286 1238 aliter
1304 1192 1377 1237 alii
1399 1200 1658 1239 senserunt.
1679 1194 1727 1239 Si
1751 1201 1904 1240 autem
1921 1193 2044 1252 ipsos

399 1277 534 1330 viros,
557 1277 635 1333 qui
657 1278 796 1333 hujus
818 1276 992 1333 negotii
1014 1292 1118 1333 pars
1136 1291 1302 1334 magna
1325 1277 1527 1332 fuerunt,
1553 1277 1810 1332 audiamus,
1837 1277 2043 1335 pontifex

403 1361 586 1416 quidem
608 1375 826 1404 romanus
847 1374 1064 1404 successu
1081 1359 1366 1403 comitiorum
1389 1367 1634 1405 contentus
1661 1362 1907 1405 admodum
1936 1375 2050 1406 eva-

403 1444 476 1488 sit.
507 1446 630 1488 «Ben
654 1444 932 1489 intendiamo
955 1445 1043 1488 che
1064 1450 1134 1487 sta
1156 1445 1250 1489 Sua
1272 1444 1449 1489 Santita
1467 1445 1584 1488 assai
1606 1452 1826 1490 contento
1843 1445 1917 1490 del
1939 1459 2047 1489 suc-

402 1544 532 1574 cesso
554 1530 671 1573 della
698 1529 835 1582 dieta,
861 1529 1161 1572 confessando
1197 1529 1261 1572 lui
1299 1537 1444 1574 stesso
1479 1530 1567 1574 che
1603 1544 1696 1573 non
1723 1530 1767 1573 10
1804 1536 2044 1587 aspettaua
2097 1540 2103 1544 '

403 1620 531 1657 tanto
552 1614 722 1666 buono,
748 1620 794 1656 et
815 1613 847 1655 li
869 1612 1094 1665 catholici,
1120 1611 1331 1656 massime
1354 1613 1530 1669 prelati,
1555 1615 1709 1657 hanno
1739 1613 1878 1658 etiam
1907 1627 2047 1670 supe-

402 1703 501 1740 rata
521 1697 564 1740 la
586 1695 875 1753 spettatione,
901 1695 1111 1740 massime
1129 1702 1302 1751 quanto
1333 1697 1422 1740 allo
1444 1703 1644 1741 accettar
1672 1696 1703 1740 il
1736 1695 1948 1750 coricilio,
1982 1695 2047 1740 dil
2116 1757 2117 1762 1

406 1782 492 1824 che
514 1779 621 1823 tutti
643 1779 684 1823 ci
707 1779 848 1822 siamo
871 1779 1093 1823 consolati
1114 1779 1160 1822 in
1189 1779 1414 1823 Domino»
1441 1780 1574 1837 (159).
1600 1781 1667 1823 Ita
1697 1780 1867 1837 Borgia
1893 1779 2045 1826 Natali

410 1864 460 1907 18
472 1863 598 1922 Junii
621 1863 733 1918 1566
750 1863 987 1908 referebat.
1006 1862 1053 1907 Si
1071 1869 1224 1907 autem
1242 1862 1391 1920 ipsum
1410 1865 1617 1908 Natalem
1636 1864 1944 1918 consulamuS,
1964 1877 2041 1917 en,

401 1947 519 1992 inter
541 1946 643 2001 alia,
668 1961 785 2002 quae
807 1961 891 1990 suo
918 1947 1174 2003 praeposito
1202 1959 1254 2005 19
1275 1946 1385 2005 Julii
1413 1947 1618 2003 ejusdem
1647 1947 1754 1990 anni
1778 1946 2034 1992 nuntiabat:
2087 1974 2093 1980 «

399 2033 551 2075 «Parti
573 2031 631 2073 de
647 2031 863 2086 Augusta
883 2044 914 2085 y
935 2030 992 2073 de
1012 2030 1054 2073 la
1076 2030 1212 2083 dieta,
1238 2045 1327 2087 que
1349 2045 1398 2075 se
1420 2032 1639 2085 acabaua,
1660 2032 1703 2075 al
1720 2031 1784 2075 fin
1805 2031 1863 2076 de
1886 2032 2043 2088 Mayo,

399 2127 486 2157 con
508 2115 658 2158 buena
680 2112 827 2170 gratia
847 2127 877 2169 y
912 2112 1094 2157 licentia
1115 2115 1189 2158 del
1217 2115 1359 2158 Illmo.
1391 2115 1571 2172 legado‚
1603 2115 1644 2158 el
1672 2115 1777 2158 cual
1806 2114 1882 2159 dio
1903 2129 2047 2172 gran·
2116 2147 2118 2150 ψ

402 2198 484 2241 des
500 2198 679 2242 senales
699 2198 756 2241 de
778 2210 852 2240 ser
868 2211 977 2252 muy
998 2204 1214 2241 contento
1235 2199 1308 2242 del
1331 2198 1526 2242 seruicio
1548 2213 1639 2254 que
1668 2202 1871 2242 auiamos
1900 2200 2048 2244 hecho

401 2282 471 2325 los
495 2288 587 2325 tres
608 2285 634 2324 a
655 2282 698 2324 la
720 2281 830 2325 sede
851 2280 1099 2336 apostolica
1119 2296 1149 2337 y
1171 2285 1196 2325 a
1220 2283 1283 2327 Su
1308 2283 1500 2327 Sefioria
1529 2283 1670 2326 Illma.
1707 2283 1748 2326 Y
1778 2283 2043 2336 realmente,

404 2365 567 2419 Padre,
600 2378 781 2419 aunque
810 2377 925 2420 poco
953 2378 979 2408 a
1007 2364 1217 2420 parecido
1240 2366 1283 2408 al
1313 2366 1498 2422 publico
1519 2367 1561 2410 el
1584 2365 1795 2420 seruicio,
1821 2379 1905 2423 por
1931 2379 2061 2410 aues

399 2447 499 2491 sido
520 2439 578 2492 en
601 2461 733 2491 cosas
769 2454 985 2501 secretas,
1025 2462 1121 2491 mas
1152 2463 1210 2491 an
1233 2449 1331 2492 sido
1353 2450 1411 2494 de
1448 2457 1574 2494 tanta
1611 2449 1925 2506 importancia‚
1953 2462 2044 2505 que

401 2531 552 2586 puedo
568 2530 674 2573 bien
697 2536 850 2573 tornar
872 2533 899 2573 a
919 2530 1042 2574 dezir
1065 2532 1108 2573 lo
1130 2545 1219 2586 que
1243 2548 1268 2577 e
1296 2533 1435 2576 dicho
1463 2541 1562 2577 otra
1585 2548 1684 2578 vez:
1711 2547 1801 2589 que
1823 2538 2046 2577 entonces

403 2612 688 2657 entendimos
726 2617 823 2657 mas
849 2613 1124 2657 claramente
1146 2615 1188 2658 al
1219 2616 1462 2672 particular
1493 2631 1579 2673 por
1601 2619 1690 2672 que
1712 2615 1826 2660 Dios
1855 2621 2048 2659 nuestro

401 2698 547 2742 Senor
569 2711 653 2740 nos
674 2696 824 2740 embio
844 2712 875 2753 y
897 2696 1145 2754 coniungi&
1167 2712 1255 2742 con
1279 2700 1321 2744 el
1345 2702 1398 2743 P.
1426 2702 1490 2744 M.
1511 2699 1712 2744 Canisio.
1734 2700 1800 2757 La
1817 2712 1927 2742 cosa
1941 2697 2052 2741 vino

401 2794 459 2823 en
482 2781 595 2823 tales
618 2779 853 2833 terminos,
879 2795 969 2837 que
1000 2781 1076 2824 fue
1105 2782 1211 2826 bien
1247 2791 1491 2837 menester‚
1532 2798 1614 2840 por
1642 2783 1686 2828 la
1716 2781 2053 2826 contradiction

402 2877 491 2919 que
513 2878 571 2908 en
592 2864 680 2907 ello
702 2867 822 2930 auia,
847 2878 936 2919 que
959 2879 1007 2908 se
1035 2872 1256 2911 mostrase
1285 2874 1449 2922 rostro,
1473 2882 1503 2924 y
1528 2868 1728 2920 firmeza,
1759 2881 1790 2923 y
1822 2857 2051 2909 doctrina²

401 2946 444 2990 el
465 2945 645 3002 peligro
676 2960 754 2989 era
786 2953 863 2990 tan
885 2948 1076 3004 grande,
1104 2963 1192 3005 que
1215 2964 1297 3006 por
1318 2964 1477 2995 menos
1499 2964 1548 2993 se
1577 2953 1683 2993 auia
1705 2950 1763 2992 de
1785 2948 1915 2993 venir
1937 2952 1964 2992 a
1985 2960 2050 2991 un

399 3027 565 3072 scisma
587 3028 816 3074 Vniuersal
838 3036 926 3073 etc.
950 3031 1246 3087 Trabajamos
1270 3039 1396 3076 tanto
1419 3034 1554 3077 todos
1570 3033 1768 3089 despues
1783 3031 1842 3078 de
1857 3044 2045 3089 pascua,
