2228 3548
74 0 152 18 ιῖτῑῂψῖ(
174 15 175 18 ,
201 1 242 20 ,·,,,,
269 0 324 18 ²⁹³3*-
346 0 350 12 ι
377 0 388 6 -.
453 6 459 12 ,
503 0 519 10 ¹·
551 0 590 12 -.-·-,
635 0 651 9 -1-
706 0 719 12 ,-

0 0 128 78 KQ,
154 0 199 34 W
247 0 380 34 “Ῑῗ;

0 58 38 89 a*
413 59 415 62 .

0 91 17 133 {³

912 287 958 324 24
985 278 1176 314 Aucusn
1204 278 1296 323 1566
1429 326 1433 330 ἡ
1808 289 1874 316 221

283 379 386 425 suoi
407 393 466 424 ne
485 381 751 424 haueranno
777 378 1017 435 particolar
1045 370 1155 422 cura
1180 379 1237 423 de
1265 379 1307 423 la
1329 378 1521 436 guardia
1552 379 1597 423 di
1626 381 1682 424 V.
1710 381 1765 424 R.
1792 387 1838 426 et
1866 381 1927 427 de

288 457 352 515 gl’
376 456 479 501 altri
499 456 686 513 operarij
711 456 757 499 di
779 462 934 499 nostra
956 455 1259 513 Compagnia.

379 546 422 578 2.
486 535 672 590 Quanto
693 534 766 577 all’
791 534 956 576 andata
977 532 1024 577 in
1047 519 1255 587 Polonia,
1279 535 1358 576 un’
1391 534 1509 591 altra¹
1532 534 1658 577 uolta
1687 534 1736 577 fu
1764 534 1924 579 scritto

292 627 319 656 a
339 613 398 657 V.
424 613 498 664 R.,
523 613 609 656 che
630 612 672 654 la
692 610 869 655 lasciasi
889 617 1024 665 stare,
1050 611 1261 655 temendo
1282 611 1325 654 la
1352 625 1435 655 sua
1462 610 1598 655 fatica
1621 618 1667 655 et
1693 605 1924 656 incomodi

293 689 339 733 di
369 689 475 746 quel
500 688 704 745 uiaggio,
730 694 1027 744 quantunque
1063 701 1154 730 non
1175 686 1214 730 si
1248 687 1404 730 dubita
1434 689 1520 732 che
1556 688 1747 733 sarebbe
1783 690 1930 733 molto

293 767 405 812 utile
423 781 504 824 per
541 765 676 822 quelli
698 764 837 822 paesi,
868 766 953 809 che
981 766 1038 808 v,
1065 766 1118 808 R.
1152 779 1210 808 ne
1236 764 1417 808 hauessi
1444 764 1732 821 sperimental
1760 765 1926 810 notitia

290 843 335 888 di
357 843 510 900 quelli.
535 843 714 887 Adesso
736 842 944 886 uedendo
960 843 1045 886 che
1062 848 1191 884 torna
1208 856 1233 884 a
1248 848 1532 897 representat
1553 849 1714 898 questa
1736 843 1926 897 andata,

290 921 321 964 il
342 922 428 965 che
454 921 479 964 ὲ
506 934 651 976 segno
678 920 735 964 de
765 917 958 962 trouarsi
986 932 1073 962 con
1099 918 1223 961 buon
1251 917 1417 971 animo,
1449 925 1495 962 et
1524 919 1642 962 forse
1670 921 1815 964 anche
1835 934 1928 964 con

291 997 437 1042 sanita
457 997 708 1054 maggiore,
733 1010 840 1053 pare
861 994 1123 1052 conuenghi
1151 994 1352 1039 rimetter
1379 994 1411 1037 11
1433 1001 1552 1039 111110
1580 1010 1606 1039 3
1634 997 1691 1040 V.
1724 998 1777 1040 R.
1810 997 1924 1042 libe·-

290 1081 508 1128 ramente,
533 1074 580 1117 in
616 1074 753 1117 modo
789 1074 874 1116 che
904 1071 942 1115 si
964 1073 1175 1128 reputata
1202 1085 1329 1120 esser,
1353 1070 1385 1114 il
1412 1071 1596 1128 meglio,
1627 1074 1732 1128 quel
1753 1075 1838 1118 che
1866 1074 1931 1120 lei

292 1153 401 1196 fara.
428 1152 686 1196 Solamente
707 1165 758 1194 se
777 1149 807 1192 li
845 1148 1142 1193 raccomanda
1178 1149 1264 1192 che
1286 1161 1344 1191 ne
1366 1147 1533 1191 habbia
1555 1148 1602 1191 in
1619 1157 1779 1204 questa
1799 1165 1924 1195 reso-

294 1228 469 1272 lutione
491 1234 689 1284 respetto
711 1242 737 1270 a
757 1241 839 1270 sua
869 1225 1031 1278 sanita,
1067 1224 1192 1268 accio
1219 1238 1310 1268 non
1338 1239 1389 1268 se
1415 1224 1660 1281 impedisca
1689 1226 1719 1268 11
1741 1227 1928 1271 seruitio

296 1307 382 1350 che
402 1307 531 1362 potra
552 1307 646 1348 fare
668 1319 694 1347 a
716 1303 842 1347 Iddio
863 1309 1021 1346 nostro
1048 1301 1233 1358 signore
1253 1315 1340 1344 con
1369 1302 1519 1358 quella
1549 1301 1595 1344 in
1623 1302 1723 1346 altri
1747 1303 1924 1360 luoghi.

386 1396 428 1438 3.
494 1383 559 1426 La
579 1387 718 1438 gente
739 1382 824 1425 che
846 1379 883 1423 si
904 1381 963 1422 ha
984 1378 1030 1421 di
1046 1379 1232 1422 mandar
1254 1377 1301 1421 in
1317 1379 1579 1433 Germania,
1600 1380 1625 1423 6
1643 1380 1792 1436 quella
1808 1382 1931 1425 della·

296 1460 428 1517 quale
449 1459 486 1503 si
509 1458 672 1502 mando
694 1473 786 1501 una
806 1457 910 1501 lista
937 1466 985 1511 15
1009 1456 1054 1499 di
1077 1470 1189 1499 sono
1215 1457 1243 1508 ¹,
1268 1456 1420 1499 leuato
1444 1457 1686 1514 Bolfango,
1712 1458 1930 1513 bohemo,

294 1536 587 1588 subdiaconO,
611 1535 642 1578 il
665 1536 797 1591 quale
819 1536 940 1578 stara
961 1547 1051 1590 qua
1071 1539 1232 1588 questa
1254 1532 1507 1586 inuernata,
1532 1540 1578 1578 et
1595 1533 1632 1577 si
1650 1537 1780 1591 potra
1797 1550 1925 1579 man—

235 1665 240 1666 ,
295 1614 402 1658 dare
430 1613 663 1657 sacerdote
690 1618 736 1655 et
764 1626 850 1655 con
873 1610 950 1667 piu
981 1611 1141 1654 lettere
1173 1610 1284 1653 satta
1305 1624 1476 1667 pasqua
1498 1611 1556 1656 de
1584 1612 1922 1658 resurrettione.

296 1692 347 1734 In
368 1705 451 1734 suo
466 1690 568 1732 loco
591 1689 758 1742 andara
780 1687 1060 1733 Alessandro
1083 1687 1295 1739 Sassone,
1321 1687 1406 1730 che
1428 1688 1480 1731 V.
1507 1689 1561 1731 R.
1595 1689 1684 1732 ben
1711 1703 1929 1744 conosce,

296 1768 328 1811 il
349 1767 480 1823 quale
501 1768 526 1810 6
547 1773 666 1809 51310
687 1765 879 1821 qualche
901 1772 1052 1820 tempo
1074 1763 1191 1807 nella
1207 1777 1312 1806 casa
1327 1763 1372 1806 di
1389 1764 1669 1820 probatione,
1695 1773 1739 1809 et
1759 1773 1927 1809 mostra

298 1844 448 1889 animo
469 1844 526 1887 de
562 1841 799 1900 diportarsi
831 1840 1076 1885 benissimo
1113 1839 1158 1883 in
1185 1839 1444 1884 Germania.
1486 1842 1682 1897 Quando
1719 1843 1815 1886 cosi
1836 1858 1937 1886 non„

300 1924 440 1974 fusse,
465 1923 523 1965 V.
544 1922 598 1964 R.
625 1921 753 1976 potra
776 1920 844 1962 far
864 1919 921 1962 de
944 1917 1005 1960 lui
1028 1917 1320 1961 liberamente
1341 1931 1470 1961 come
1493 1918 1522 1960 li
1553 1921 1724 1974 parera.
1753 1919 1801 1965 Si
1823 1935 1928 1976 par-

300 1999 479 2042 tiranno
502 1997 547 2041 di
584 1999 742 2050 Roma,
768 1996 809 2038 31
831 1996 921 2038 fine
943 1994 987 2037 di
1024 2000 1184 2049 questo
1212 2008 1334 2037 mese
1362 2008 1389 2037 o
1411 1994 1633 2051 principio
1664 1996 1770 2039 dell’
1794 1997 1932 2050 altro,

298 2076 517 2133 piacendo
539 2090 562 2117 a
586 2073 727 2125 Iddio,
752 2073 794 2115 la
816 2073 940 2114 uolta
961 2072 1018 2115 de
1036 2069 1283 2126 Hispruch,
1309 2071 1428 2114 doue
1449 2086 1540 2115 non
1563 2073 1772 2116 hauendo
1790 2075 1847 2118 V.
1869 2075 1923 2117 R.

298 2168 325 2197 a
346 2152 538 2195 trouarsi
559 2166 638 2207 per
659 2151 690 2193 il
713 2149 984 2200 Settembre,
1011 2150 1139 2203 potra
1161 2147 1360 2192 scriuere
1381 2138 1487 2204 quel
1508 2151 1594 2193 che
1612 2150 1714 2194 uole
1731 2149 1797 2193 sia
1814 2150 1937 2193 fatto

299 2230 344 2273 di
366 2230 478 2273 loro.
506 2229 703 2284 Quando
721 2242 812 2270 non
835 2224 1090 2268 trouassino
1112 2223 1268 2268 ordine
1289 2238 1388 2278 suo,
1407 2233 1535 2282 parte
1552 2226 1597 2268 di
1618 2227 1713 2269 loro
1730 2227 1774 2269 lo
1791 2227 1931 2270 ricer—

300 2321 499 2352 caranno
541 2306 614 2348 dal
657 2306 710 2348 P.
752 2302 960 2354 Canisio,
1005 2309 1051 2345 et
1087 2300 1236 2344 alcuni
1275 2301 1393 2347 forse
1429 2317 1623 2346 saranno
1659 2303 1843 2347 drizzati
1881 2303 1928 2347 in

302 2384 503 2429 Austria.

390 2475 433 2516 4.
498 2459 618 2504 Delli
639 2457 840 2516 soggetti
862 2459 947 2501 che
969 2456 1006 2500 si
1028 2457 1181 2499 hanno
1201 2470 1227 2499 a
1249 2457 1434 2500 mandar
1456 2471 1535 2513 per
1557 2457 1587 2500 il
1608 2457 1802 2514 collegio
1825 2472 1931 2515 ger-

302 2539 480 2583 manico
502 2539 568 2581 fra
595 2537 626 2579 li
654 2534 825 2593 poueri,
856 2535 905 2577 fu
943 2532 1100 2577 scritto
1123 2548 1149 2576 a
1186 2534 1240 2577 V.
1263 2534 1318 2576 R.
1349 2534 1471 2589 quali
1499 2535 1537 2577 si
1569 2535 1946 2591 reputarebbono-

304 2618 381 2674 piu
417 2614 583 2660 idonei.
616 2613 811 2671 Quando
833 2626 923 2654 non
945 2611 984 2654 si
1005 2609 1237 2666 potessino
1259 2617 1413 2654 trouar
1435 2612 1527 2664 tali,
1554 2611 1590 2655 si
1607 2611 1744 2655 lascia
1765 2612 1807 2655 al
1823 2611 1929 2668 giu-

304 2693 413 2738 ditio
435 2693 481 2736 di
502 2694 560 2737 V.
586 2694 640 2735 R.
667 2690 788 2746 quali
810 2688 1033 2732 debbiano
1056 2701 1231 2731 essere:
1244 2689 1341 2731 Ben
1363 2688 1401 2731 si
1417 2690 1551 2734 crede
1567 2691 1650 2734 che
1668 2688 1714 2731 in
1731 2690 1942 2734 Treuere

302 2786 331 2815 o
354 2769 611 2827 Moguntia,
637 2776 681 2813 et
704 2769 822 2810 forse
845 2767 988 2809 anche
1011 2765 1056 2808 in
1079 2764 1289 2818 Colonia,
1310 2765 1348 2809 si
1363 2767 1644 2822 potrebbono
1661 2772 1840 2809 trouare
1856 2764 1934 2822 piu

304 2847 562 2892 facilmente
583 2860 774 2902 persone
796 2849 1004 2900 prouette
1025 2842 1071 2884 in
1093 2842 1268 2894 lettere,
1300 2849 1346 2887 et
1367 2843 1629 2887 conosciute
1658 2842 1763 2888 nelli
1792 2842 1946 2886 nostri?-

254 2982 258 2986 Δ
304 2923 503 2980 collegij,
528 2925 613 2967 che
634 2922 752 2965 nella
774 2919 978 2976 superior
999 2918 1261 2964 Germania.

382 3094 391 3115 ¹
446 3090 545 3127 Vide
563 3088 684 3138 epist.
704 3097 770 3134 421
782 3115 791 3124 .
