2228 3548
391 297 460 343 346
900 296 1040 331 Emsr.
1068 293 1112 330 Ρ.
1140 293 1409 339 NADAL-457

339 397 598 454 stampatori
619 404 665 441 et
686 396 787 440 altri
809 395 1039 440 catholici:
1066 396 1150 438 che
1170 394 1476 451 stampandosi
1497 398 1573 439 vn’
1606 395 1720 439 libro
1749 395 1796 439 in
1824 397 1968 439 Roma

339 477 512 527 buono,
547 486 676 518 come
715 473 1024 517 ultimamente
1051 472 1083 515 il
1113 470 1404 526 cathecismo,
1438 473 1532 517 Sua
1561 473 1657 518 Sta.
1691 472 1964 530 prohibisce,

338 553 473 595 etiam
498 551 579 593 sub
596 556 741 607 poeria
763 548 1193 593 excomunicationis
1214 548 1330 591 latae
1351 550 1609 602 sententiae,
1630 550 1715 594 che
1736 549 1899 593 nisuno
1920 551 1964 593 lo

338 628 460 685 possi
482 635 722 684 stampare,
743 641 792 670 se
812 642 903 670 non
928 627 1071 671 Paulo
1090 625 1308 679 Manutio‚
1327 625 1358 668 il
1375 627 1460 670 che
1474 625 1506 668 li
1527 625 1788 683 stampatori
1804 628 1964 671 catho—

339 705 413 749 lici
448 707 568 748 hano
595 719 676 761 per
703 719 817 761 gran
844 704 994 747 danno
1021 716 1120 756 suo,
1145 703 1310 759 perche
1332 708 1565 759 stampano
1593 701 1670 746 tali
1695 703 1797 746 libri
1823 702 1854 746 li
1880 705 1963 747 he-

340 782 483 837 retici,
508 788 554 826 et
575 781 612 825 si
633 782 825 824 burlano
846 781 964 826 della
985 766 1421 833 excomunicatione3
1447 786 1492 824 et
1511 779 1543 822 li
1565 779 1665 823 altri
1686 780 1912 834 catholici,
1938 794 1967 823 o

339 874 451 903 sono
473 858 658 902 sforzati
685 872 918 914 comprare
941 857 1077 913 quelli
1104 856 1206 899 libri
1226 855 1332 900 dalli
1352 855 1557 909 heretici,
1587 870 1674 900 con
1695 856 1892 913 pericolo
1921 857 1967 900 di

340 939 478 981 esser'
503 935 705 990 corrotti,
730 950 757 979 o
783 950 832 979 se
853 934 884 978 li
905 936 1058 978 hanno
1079 949 1105 978 a
1132 948 1392 990 comparare
1419 934 1477 977 de
1505 932 1642 989 quelli
1668 932 1714 976 di
1745 935 1902 987 Roma,
1937 934 1968 977 li

341 1027 636 1070 comprarano
657 1012 875 1056 carissimi
903 1017 1047 1068 supra
1068 1011 1266 1055 modum.
1293 1011 1328 1054 11
1355 1010 1544 1056 rimedio
1571 1009 1616 1054 di
1644 1016 1805 1067 questo
1831 1009 1869 1054 si
1895 1025 1969 1055 ra·—

340 1098 568 1147 presenta,
593 1092 678 1135 che
700 1090 730 1133 il
757 1089 996 1147 priuilegio
1019 1090 1076 1134 de
1099 1089 1242 1133 Paulo
1264 1087 1469 1132 Manutio
1491 1087 1580 1131 fusi
1601 1102 1680 1144 per
1701 1094 1819 1131 tutte
1838 1087 1882 1133 16
1902 1088 1970 1132 31-

341 1175 410 1212 tre
431 1167 618 1221 nationi,
643 1166 761 1210 fuori
782 1167 839 1211 de
866 1165 1126 1219 Germania,
1151 1172 1196 1210 et
1227 1167 1312 1208 che
1330 1150 1470 1221 'quelli
1491 1166 1576 1208 che
1596 1164 1643 1208 in
1663 1163 1909 1208 Germania
1930 1164 1968 1208 si

342 1252 636 1301 stampasero,
652 1259 744 1287 non
760 1243 798 1287 si
814 1250 1055 1300 puotesero
1078 1243 1276 1288 uendere
1293 1256 1342 1286 se
1358 1257 1449 1286 non
1465 1241 1512 1285 in
1527 1240 1787 1286 Germania.
1803 1241 1968 1298 Questi

343 1321 473 1378 punti
500 1321 562 1364 mi
583 1335 695 1365 sono
724 1320 899 1364 occorsi
925 1319 1170 1365 vniuersali
1190 1334 1270 1376 per
1292 1326 1410 1363 tutta
1431 1318 1691 1372 Germania,
1726 1325 1773 1361 et
1802 1303 1966 1376 mipa-

341 1398 448 1441 iono
469 1398 610 1441 molto
626 1397 884 1454 importanti
901 1404 947 1442 et
969 1396 1156 1451 efficaci,
1186 1403 1294 1450 etc.;
1326 1411 1398 1439 ma
1419 1396 1460 1438 13
1492 1397 1544 1440 P.
1577 1397 1639 1440 V.
1677 1395 1709 1438 li
1735 1394 1971 1452 giudicara

341 1475 484 1519 molto
507 1474 689 1531 meglio.
714 1474 826 1518 Diro
853 1475 1012 1518 adesso
1033 1473 1133 1517 altri
1154 1488 1233 1530 per
1253 1474 1296 1517 la
1318 1473 1616 1530 Compagnia.

431 1567 474 1610 9.
538 1553 588 1595 Io
610 1553 670 1595 ho
699 1550 957 1595 dimandato
979 1566 1058 1608 per
1080 1551 1260 1595 diuerse
1281 1551 1442 1595 lettere
1464 1551 1550 1594 alla
1572 1551 1626 1594 P.
1653 1551 1711 1595 V.
1742 1549 1774 1593 li
1801 1548 1971 1594 decreti

341 1629 459 1672 della
481 1629 551 1672 2.⁰⁴
573 1628 930 1685 congregatione
952 1628 1182 1685 generale,
1207 1642 1336 1672 come
1357 1626 1395 1670 si
1416 1627 1729 1683 publicorono,
1760 1633 1806 1671 et
1834 1627 1971 1669 etiam

341 1721 367 1750 a
395 1712 538 1762 parte,
569 1719 699 1748 come
726 1707 762 1748 s’
794 1705 968 1757 ordino,
998 1706 1194 1748 actiones
1226 1705 1352 1747 illius
1384 1704 1774 1761 congregationis,
1804 1703 1971 1760 perche

341 1782 403 1825 mi
440 1783 488 1825 fu
525 1782 631 1825 dato
667 1784 744 1825 vn’
783 1781 1006 1838 essempio
1043 1781 1148 1826 delli
1184 1780 1355 1826 decreti
1391 1780 1652 1824 incorretto.
1684 1780 1971 1824 Dimandaua

340 1859 476 1903 etiam
499 1865 615 1904 tutte
635 1859 678 1903 le
700 1859 812 1903 altre
839 1873 946 1903 cose
968 1860 1052 1902 che
1073 1859 1116 1902 13
1138 1860 1191 1902 Ρ.
1218 1859 1275 1903 V.
1299 1859 1359 1901 ha
1382 1859 1494 1901 fatto
1516 1856 1637 1914 dipoi
1659 1858 1743 1901 che
1771 1858 1796 1901 6
1824 1871 1968 1914 gene-

340 1937 449 1987 rale,
474 1950 603 1980 come
630 1935 782 1991 officij,
814 1935 1108 1986 instruttioni,
1140 1942 1250 1990 etc.,
1281 1949 1308 1978 o
1336 1934 1599 1987 vniuersali,
1624 1948 1652 1977 o
1678 1948 1758 1990 per
1780 1934 1969 1978 Alama-

342 2027 450 2070 gna,
474 2020 519 2057 et
541 2014 599 2056 da
621 2012 735 2056 tanti
756 2012 867 2056 mesi
895 2012 941 2055 in
963 2027 1069 2069 qua,
1100 2027 1192 2056 non
1220 2014 1280 2056 ho
1307 2011 1532 2056 riceuutto
1565 2026 1614 2056 se
1645 2025 1737 2055 non
1768 2010 1969 2068 officium

340 2091 605 2143 visitatoris,
628 2097 735 2143 etc.,
760 2093 800 2132 et
827 2093 926 2132 acta
950 2091 1134 2146 primae
1171 2089 1546 2147 congregationis
1575 2091 1678 2144 post
1713 2087 1969 2131 electionem

334 2167 587 2223 praepositi
609 2167 861 2224 generalis.
895 2166 1058 2222 Questi
1091 2170 1241 2209 tamen
1272 2165 1477 2219 secundi,
1500 2167 1561 2209 ho
1589 2164 1803 2210 riceuutti
1841 2178 1972 2208 come

341 2257 480 2287 erano
500 2243 658 2300 prima,
682 2257 774 2286 non
796 2256 923 2286 come
945 2243 1103 2286 ordino
1124 2244 1167 2287 la
1185 2242 1254 2287 2.¹'⁴
1277 2249 1298 2270 ²
1325 2241 1682 2299 congregatione
1698 2241 1912 2298 generale
1937 2242 1967 2284 ¹.

342 2320 418 2363 Ho
439 2319 695 2363 desiderato
717 2320 872 2362 hauer'
898 2327 1017 2363 tutto
1045 2327 1222 2375 questo,
1248 2320 1410 2372 Padre,
1435 2333 1516 2376 per
1537 2333 1631 2362 non
1659 2331 1870 2362 mancare
1896 2318 1970 2361 del

341 2396 432 2440 mio
454 2396 602 2440 officio
622 2402 668 2439 et
689 2395 842 2439 debito
867 2398 950 2440 che
973 2398 1033 2440 V.
1068 2399 1119 2440 P.
1146 2386 1205 2439 m'
1239 2396 1436 2453 impone.
1469 2396 1632 2440 Veddo
1660 2396 1746 2440 6116
1774 2394 1812 2438 si
1839 2409 1962 2438 man·

341 2474 460 2517 dano
484 2472 557 2516 alli
578 2471 843 2529 prouinciali
864 2473 1001 2516 molte
1022 2487 1143 2528 cose,
1169 2480 1214 2518 et
1235 2488 1262 2516 a
1282 2488 1356 2517 me
1382 2472 1550 2526 niente3
1576 2478 1621 2515 et
1643 2475 1793 2514 tamen
1815 2470 1858 2514 io
1885 2471 1967 2515 de-

341 2549 550 2594 sideraua
570 2549 758 2593 hauerlo
780 2550 838 2593 da
858 2550 879 2576 b
904 2565 983 2606 per
1000 2565 1087 2603 me,
1108 2550 1152 2593 di
1169 2565 1302 2594 mano
1319 2550 1435 2593 della
1452 2551 1504 2593 P.
1526 2550 1604 2602 V.,
1624 2555 1670 2592 et
1686 2548 1794 2592 dare
1810 2546 1968 2592 ordine

342 2627 389 2670 in
410 2626 519 2684 ogni
541 2640 650 2671 cosa
670 2640 750 2682 per
771 2640 852 2669 sua
874 2626 1205 2672 commissione.
1232 2629 1290 2670 Et
1315 2626 1347 2669 li
1369 2625 1456 2670 mei
1477 2624 1738 2681 essemplari
1759 2626 1912 2668 hanno
1943 2638 1970 2667 a

414 2769 436 2790 a
471 2761 549 2798 Hic
565 2773 749 2798 numerus
766 2761 920 2797 additus
940 2768 1000 2799 est
1018 2775 1134 2811 supra
1147 2775 1253 2799 vers.
1275 2775 1297 2799 a
1311 2763 1479 2799 libr.—b
1508 2762 1618 2797 Haec
1634 2759 1823 2809 particula
1841 2760 1973 2797 addita

344 2826 405 2856 est
429 2832 545 2868 supra
562 2832 670 2857 vers.
695 2832 717 2856 a
735 2820 823 2856 libr.

415 2924 423 2943 ¹
475 2922 521 2958 In
538 2921 674 2958 codice
692 2921 851 2968 antiquo
875 2922 1099 2968 Societatis,
1124 2922 1191 2971 qui
1213 2934 1317 2959 nunc
1341 2926 1470 2959 exstat
1488 2920 1529 2957 in
1549 2920 1709 2958 archivo
1726 2925 1880 2957 secreto
1897 2920 1973 2956 Va-

342 2979 485 3028 ticano,
501 2993 545 3017 n.
567 2981 591 3016 6
607 2985 786 3017 recenter
803 2979 1187 3027 signato,*habentur
1203 2982 1310 3018 varia
1326 2981 1562 3018 documenta
1578 2979 1642 3016 hic
1666 2991 1688 3015 a
1711 2978 1843 3016 Natali
1867 2989 1971 3015 com-

342 3045 568 3086 memorata,
588 3045 629 3076 et
646 3040 739 3076 olim
756 3040 805 3075 ab
823 3039 908 3087 ipso
924 3042 1102 3089 collecta,
1123 3049 1166 3077 ut
1184 3053 1233 3077 ex
1252 3041 1366 3078 titulo
1383 3040 1529 3077 codicis
1546 3039 1708 3084 eruitur,
1733 3037 1801 3086 qui
1826 3038 1880 3074 ita
1902 3038 1968 3073 ha-

338 3099 421 3135 bet:
449 3100 574 3136 Varia
591 3101 646 3136 ad
664 3100 898 3136 Societatem
911 3102 1180 3147 pertinentia.
1195 3129 1202 3138 .
1217 3127 1227 3138 .
1250 3101 1412 3137 collecta
1429 3111 1456 3136 a
1472 3100 1527 3136 P.
1550 3098 1711 3136 Natali.
