2228 3548
944 297 986 334 17
1011 289 1168 325 Mum
1196 296 1286 335 1577
1818 287 1892 336 739

297 407 300 410 ¹
382 389 440 433 V.
467 390 524 433 P.
550 389 613 432 mi
635 390 825 447 perdoni
845 391 889 434 la
910 389 1189 446 misculanca
1203 390 1263 434 de
1283 389 1458 448 lingue.
1478 387 1535 434 El
1551 389 1779 447 galardon‘
1793 391 1855 435 ha
1871 391 1942 436 le-

287 465 414 509 uado
435 466 624 524 consigo
638 467 681 511 el
701 474 838 512 resto.
860 470 960 513 Mas
982 468 1167 525 quando
1188 482 1250 511 no
1270 466 1458 511 miscolo
1479 466 1525 511 io
1545 473 1593 511 et
1613 468 1871 524 ambaraco!

386 544 630 601 Inscriptio
651 545 703 587 in
724 548 891 601 quarta
905 546 1103 603 pagina,
1120 546 1216 588 alia
1232 559 1392 588 manu:
1414 546 1446 602 †
1468 545 1732 589 Admodum
1750 546 1867 589 Rdo.
1888 545 1936 589 in

295 620 377 664 X.⁰
400 620 525 664 Patri
553 622 611 666 N.
638 624 692 666 P.
723 623 958 667 Euerardo
987 622 1292 675 Mercuriano,
1323 621 1582 679 praeposito
1611 622 1816 679 generali
1847 623 1936 668 So-

285 696 473 743 cietatis
488 700 614 757 Jesu.
638 701 823 744 Romae.
850 700 959 743 Alia
979 714 1139 742 manu:
1166 710 1287 755 1577.
1314 699 1448 743 Hala.
1471 701 1519 743 P.
1539 698 1775 744 Girolamo
1792 701 1937 744 Nata-

291 775 354 820 le.
379 775 550 819 Vltimo
571 776 617 820 di
638 777 852 822 Febraro.
878 777 1038 834 Sigillz·
1059 777 1322 834 vestigium.

740 1010 793 1053 P.
822 1009 1238 1053 HIERONYMUS
1267 1008 1486 1052 NADAL

615 1097 797 1134 PATRI
830 1096 1167 1135 EVERARDO
1202 1096 1614 1135 MERCURIANO

838 1183 997 1220 HALAE,
1019 1183 1061 1220 17
1087 1183 1233 1211 mmm
1255 1182 1345 1220 1577
1364 1174 1391 1212 ¹.

291 1253 586 1288 Anuotationes
602 1254 640 1289 et
656 1253 911 1288 concordiam
928 1252 1205 1300 evangelicam
1229 1252 1430 1288 emendat:
1454 1251 1503 1287 de
1525 1252 1630 1287 socio
1651 1262 1740 1287 suo:
1765 1251 1935 1288 Italiam

390 1312 557 1360 cogitat:
571 1311 769 1348 librorum
785 1313 1013 1358 emptorum
1029 1311 1269 1347 solutionem
1278 1310 1521 1359 faciendam
1538 1313 1838 1347 commemorat.

388 1395 418 1453 ’1-
481 1395 623 1439 Molto
645 1395 759 1439 Rdo.
787 1397 840 1439 P.
866 1395 924 1439 N.
951 1394 998 1438 in
1020 1393 1106 1438 X.⁰
1128 1396 1225 1438 Pax
1246 1392 1322 1438 Χ.ἰ
1349 1394 1454 1438 Α113
1475 1394 1593 1438 della
1627 1395 1680 1437 P.
1714 1395 1771 1438 V.
1797 1395 1854 1438 de
1877 1407 1929 1450 31

292 1472 354 1517 de
375 1471 633 1516 Diziembre
653 1471 730 1529 gia
752 1471 937 1528 resposi.
965 1472 1016 1515 In
1044 1477 1206 1528 questa
1233 1470 1430 1529 repetito
1452 1471 1750 1517 breuemente
1778 1472 1933 1528 quello

293 1561 384 1606 que
405 1548 567 1594 diceua
589 1549 706 1594 nelle
726 1548 816 1593 mie
838 1549 895 1592 de
916 1547 1187 1594 Deziembre
1213 1555 1259 1593 et
1281 1555 1302 1577 ⁸
1325 1550 1544 1607 Jannaro,
1576 1550 1745 1605 perche
1773 1549 1933 1593 dubita

291 1625 324 1669 il
346 1628 400 1670 P.
426 1625 673 1671 Rabastien
693 1626 715 1654 θ
741 1627 756 1647 ²
780 1627 867 1671 che
887 1625 1015 1670 siano
1036 1640 1185 1682 perse,
1205 1632 1251 1669 et
1272 1625 1481 1670 desidero
1503 1627 1647 1669 hauer
1663 1626 1858 1683 risposta
1874 1627 1932 1669 da

294 1705 354 1748 V.
395 1704 448 1747 P.
479 1703 525 1746 di
553 1703 715 1760 gratia.
756 1704 939 1747 Ancora
976 1702 1119 1746 siamo
1150 1701 1360 1760 occupati
1387 1702 1479 1746 mio
1507 1717 1766 1760 compagno
1795 1710 1842 1748 et
1869 1703 1930 1755 io,

293 1781 416 1826 nella
442 1779 641 1824 reuision
677 1780 795 1825 delle
830 1779 1035 1836 imagini,
1066 1787 1112 1824 et
1143 1779 1447 1833 annotationi,
1477 1787 1525 1824 et
1553 1780 1852 1834 meditationi,
1887 1788 1932 1825 et

295 1857 623 1902 concordantie
638 1857 744 1901 delli
761 1856 989 1914 euangelii
1005 1858 1038 1900 ⁵.
1053 1856 1201 1900 Finita
1214 1863 1375 1913 questa
1390 1857 1706 1914 occupatione,
1720 1857 1931 1903 desidero

294 1949 430 1992 saper
451 1949 502 1980 se
523 1935 692 1978 andara
714 1949 740 1978 a
763 1934 958 1978 Fiandra
974 1933 1065 1977 mio
1081 1947 1336 1991 compagno
1357 1934 1373 1956 ⁴
1395 1938 1441 1978 vt
1455 1935 1633 1991 praesit
1648 1935 1790 1991 prelo,
1812 1934 1932 1992 dipoi

298 2011 344 2055 di
364 2019 555 2068 prouata
576 2012 619 2056 13
641 2026 779 2069 opera
799 2027 879 2068 per
902 2011 965 2068 gli
987 2010 1181 2064 censori,
1212 2013 1438 2068 supposito
1465 2014 1551 2055 che
1572 2012 1615 2055 io
1636 2026 1728 2054 non
1757 2012 1784 2054 l'
1803 2013 1864 2055 ho
1887 2012 1933 2054 di

297 2088 515 2146 bissogno
535 2088 630 2145 pisi,
650 2102 779 2132 come
800 2087 923 2145 dipoi
940 2087 1056 2141 diro,
1076 2101 1103 2131 o
1125 2087 1161 2131 si
1184 2101 1270 2131 con
1287 2088 1351 2146 gli
1367 2087 1511 2132 scritti
1534 2089 1700 2132 andara
1725 2103 1752 2132 o
1776 2089 1931 2133 Vene-

292 2165 360 2209 2tia
386 2180 414 2210 o
442 2167 585 2209 Roma
612 2181 690 2222 per
715 2165 749 2209 il
769 2165 1017 2210 medesimo
1043 2165 1216 2210 effetto.
1248 2166 1296 2209 Io
1317 2166 1444 2222 parlo
1475 2165 1522 2210 in
1551 2173 1729 2221 questo,
1760 2166 1927 2222 perche

290 2242 429 2286 intesi
445 2243 488 2286 13
517 2243 704 2286 volunta
725 2242 772 2286 di
794 2244 852 2287 V.
880 2244 933 2286 P.
959 2256 1038 2298 per
1059 2241 1090 2284 il
1123 2243 1175 2286 P.
1207 2242 1437 2288 Florentio
1459 2244 1491 2296 ⁸,
1517 2243 1694 2287 benche
1718 2243 1748 2285 il
1771 2243 1927 2287 mede—

291 2318 410 2363 simo
438 2319 585 2363 Padre
619 2319 885 2365 desideraua
922 2317 1098 2376 magior
1125 2318 1290 2362 certitt'i
1310 2319 1357 2363 di
1378 2321 1529 2377 quella
1550 2326 1595 2364 et
1617 2334 1738 2363 noua
1761 2319 1930 2363 ricom—

296 2395 558 2440 mandation
586 2396 661 2440 alli
684 2396 819 2440 Padri
841 2395 887 2439 di
915 2396 1110 2439 Fiandra
1130 2394 1176 2438 di
1203 2402 1322 2440 tutto
1343 2396 1374 2440 il
1396 2396 1600 2454 negotio.
1630 2396 1692 2440 Mi
1716 2411 1824 2453 pare
1846 2397 1931 2440 che

297 2488 389 2517 non
411 2473 449 2516 si
471 2473 696 2530 stampara
718 2474 834 2518 bene
855 2479 874 2501 ‘²
902 2471 931 2515 l’
952 2487 1090 2529 opera
1111 2486 1247 2516 senza
1268 2480 1433 2529 questo
1457 2475 1618 2518 Padre.
1640 2474 1675 2517 Il
1698 2473 1767 2518 2.⁰
1789 2474 1815 2516 e
1845 2474 1930 2517 che

299 2551 343 2595 io
365 2549 426 2594 mi
447 2556 578 2595 sento
599 2548 698 2593 cusi
720 2550 809 2593 mal
836 2549 1039 2606 disposto
1065 2555 1112 2593 et
1132 2548 1382 2603 debilitato,
1406 2551 1494 2594 che
1516 2565 1608 2594 non
1630 2551 1767 2594 credo
1799 2556 1932 2606 poter

369 2694 390 2714 a
427 2686 512 2721 Hoc
531 2685 641 2721 verb.
661 2696 778 2732 supra
802 2696 905 2720 vers.
931 2683 1093 2720 addidit.
1119 2683 1242 2719 N.—b
1257 2684 1338 2733 Sic,
1358 2696 1429 2733 pro
1452 2686 1777 2722 Rabenstein.—c
1795 2684 1933 2732 Sequi-

293 2751 360 2781 tur
382 2756 502 2781 unum
527 2745 638 2779 verb.
664 2743 862 2780 obliterat.

364 2866 374 2886 ¹
426 2865 485 2900 Ex
502 2862 757 2909 autographo,
776 2861 817 2897 in
835 2861 964 2909 Epist.
990 2860 1144 2905 Natat„
1167 2862 1220 2906 11,
1240 2861 1388 2910 duplici
1405 2862 1489 2910 fol„
1510 2871 1577 2908 255
1597 2864 1713 2908 (194).

363 2928 378 2947 ³
428 2924 600 2970 Joannes
618 2919 873 2964 Rabenstein‚
891 2924 1022 2956 rector
1038 2919 1194 2966 collegii
1213 2920 1546 2968 ingolstadiensis.

363 2985 378 3006 ³
427 2982 528 3018 Vide
546 2980 676 3029 Epist.
696 2979 852 3022 Natal„
871 2980 900 3021 1,
921 2978 1016 3015 Cod.
1036 2988 1097 3022 to,
1116 2990 1205 3027 pag.
1225 2988 1388 3017 xxxvn.

365 3044 380 3065 ⁴
429 3041 473 3077 P.
493 3041 665 3087 Joannes
682 3037 922 3074 Zonhovius.
942 3037 1043 3073 Vide
1061 3037 1178 3084 epist.
1196 3037 1284 3075 603.

359 3101 381 3123 ὅ
430 3099 619 3136 Martinus
636 3097 873 3143 Florentius,
889 3096 940 3133 de
956 3107 1034 3144 quo
1051 3095 1142 3133 vide
1159 3096 1275 3144 epist.
1295 3098 1378 3144 596,
1397 3097 1468 3144 605
1487 3104 1527 3134 et
1543 3097 1626 3133 608.
