2228 3548
0 1293 13 1325 ἢ*
0 1086 19 1280 Λ-”“1“Ξ”““““““.’
0 1046 4 1062 ”
0 979 14 1023 ‘7¹⁸'
0 938 5 963 '‘
0 790 20 870 ¹'‘*‘*'›
0 726 9 761 ‘⁹⁴

0 1335 18 1448 533⁴„-

915 295 961 332 27
989 286 1181 325 Auens-n
1209 284 1300 330 1566
1808 285 1879 322 223

278 386 317 431 11
338 390 465 433 Rmo.
495 389 786 433 olomucense
812 391 842 442 ¹,
866 390 910 432 la
931 388 1006 433 cui
1027 388 1274 433 eccellente
1297 388 1485 432 uolonta
1505 395 1551 433 et
1571 388 1669 432 zelo
1690 389 1736 431 d’
1760 387 1923 433 aiutar’

286 465 318 508 1'
341 466 492 510 anime
514 467 576 509 m’
600 468 658 511 ha
679 467 786 510 dato
807 481 921 523 gran
949 465 1259 510 consolatione
1286 465 1360 509 nel
1388 464 1600 522 Signore.
1632 467 1710 509 Ho
1740 472 1925 511 trattato

286 556 375 587 con
396 543 492 588 Sua
511 543 587 588 S.²
613 545 761 596 Rma.‚
787 550 832 587 et
853 543 971 587 visto
992 549 1155 599 questo
1182 542 1376 599 negocio
1397 542 1515 587 della
1536 556 1619 586 sua
1640 542 1922 597 fundatione,

290 626 336 663 et
357 635 532 665 nesuna
554 634 659 664 cosa
681 620 924 664 habbiamo
946 626 1134 676 possuto
1154 619 1411 664 desiderare
1433 621 1492 663 ne
1512 619 1774 665 dimandare
1794 621 1853 664 da
1867 621 1927 666 lei
1949 664 1951 666 .

290 712 372 755 per
392 697 702 741 incominciar'
723 705 885 753 questo
907 697 1118 754 collegio,
1142 698 1227 740 che
1250 696 1484 742 uolentier’
1503 711 1595 740 non
1610 698 1641 740 l’
1660 698 1798 741 habbi
1815 712 1927 742 con-

283 788 432 819 cessa.
459 775 666 819 Essendo
688 775 796 831 pero
817 774 1032 818 difficolta
1052 775 1109 819 de
1137 774 1346 817 fundarlo
1367 775 1566 818 secondo
1593 776 1679 819 che
1700 775 1924 830 desidera,

289 857 416 894 tanto
438 852 511 895 dal
532 859 668 895 canto
690 866 774 895 suo
796 866 876 908 per
903 866 996 894 non
1018 853 1174 896 hauer’
1199 850 1244 894 di
1274 858 1482 907 presente
1509 851 1540 894 il
1568 853 1721 906 modo,
1754 860 1926 909 quanto

282 928 363 971 dal
384 935 540 972 nostro
562 943 641 985 per
661 936 979 973 mancamento
1000 929 1044 972 d’
1069 928 1277 985 operarij;
1302 928 1541 984 percioche
1563 930 1698 973 uuole
1716 931 1799 974 far'
1823 931 1901 974 vni
1916 956 1925 962 -

286 1005 453 1049 uersita
477 1006 534 1049 de
550 1005 701 1049 studio
717 1006 932 1063 generale
947 1006 1004 1049 de
1023 1012 1141 1048 tutte
1158 1005 1198 1048 le
1220 1004 1457 1061 discipline
1474 1007 1558 1049 che
1579 1006 1623 1049 13
1639 1007 1927 1064 Compagnia

289 1075 563 1139 insegna,'et
580 1097 670 1126 non
689 1083 919 1139 puotendo
936 1082 1011 1126 noi
1028 1082 1075 1125 in
1091 1068 1253 1138 questo
1271 1089 1422 1138 tempo
1438 1082 1653 1138 supplire,
1673 1083 1735 1126 mi
1751 1085 1776 1127 3
1794 1099 1927 1141 parso

292 1160 343 1202 in
364 1160 572 1212 Domino,
594 1160 790 1203 secondo
811 1160 855 1203 la
875 1158 1194 1203 commissione
1215 1160 1300 1203 che
1322 1159 1380 1202 V.
1403 1160 1456 1202 P.
1483 1158 1544 1201 mi
1561 1160 1634 1212 da,
1655 1160 1813 1216 prima:
1834 1176 1924 1205 non

290 1235 445 1281 leuare
467 1236 604 1293 quelli
626 1243 693 1280 tre
714 1251 742 1280 o
763 1243 923 1292 quatro
940 1237 996 1279 de
1012 1235 1154 1279 nostri
1175 1236 1260 1279 0113
1277 1243 1468 1279 stauano
1484 1235 1560 1292 gia
1578 1236 1670 1292 qui.
1693 1238 1922 1282 Secondo:

293 1314 461 1371 perche
482 1313 558 1356 doi
578 1313 635 1356 de
654 1313 803 1370 questi
824 1327 917 1356 non
943 1320 1204 1370 puoteuano
1231 1315 1399 1369 portar’
1431 1320 1557 1356 tanto
1584 1328 1711 1369 peso,
1742 1329 1874 1359 come
1902 1317 1928 1359 e

293 1390 516 1447 predicar'
538 1397 585 1435 et
605 1391 792 1447 leggere
813 1389 1018 1442 insieme,
1043 1391 1104 1432 ho
1126 1397 1343 1446 proposto
1372 1397 1419 1433 et
1446 1390 1622 1434 offerito
1654 1392 1695 1434 al
1719 1393 1851 1435 Rmo.
1883 1394 1929 1436 di

294 1467 376 1510 far’
402 1467 545 1511 uenir'
569 1468 776 1512 almarico
798 1466 872 1510 doi
901 1481 928 1510 o
952 1474 1019 1511 tre
1051 1466 1152 1510 altri
1182 1468 1266 1510 ebe
1294 1467 1536 1524 insegnino
1565 1469 1862 1524 grammatica
1884 1478 1929 1515 et

293 1544 543 1598 humanita,
563 1551 610 1589 et
625 1543 839 1588 etiamdio
857 1546 942 1587 che
957 1543 995 1588 si
1013 1544 1204 1601 pigliara
1221 1545 1262 1587 la
1280 1557 1389 1588 cura
1405 1545 1479 1589 del
1495 1545 1756 1599 seminario,
1777 1561 1930 1592 osser-

247 1671 255 1673 4
297 1621 485 1665 uandosi
506 1621 678 1678 impero
699 1621 730 1663 il
751 1622 935 1665 decreto
956 1622 1073 1666 della
1096 1620 1444 1678 congregation'
1473 1623 1687 1679 generale
1718 1625 1751 1676 ²,
1783 1631 1827 1667 et
1851 1639 1931 1681 per

294 1701 444 1754 quest’
468 1713 587 1742 anno
609 1713 700 1742 non
722 1699 803 1742 far’
828 1699 940 1742 altra
968 1713 1090 1751 cosa,
1116 1699 1160 1741 d'
1186 1698 1216 1740 il
1237 1700 1324 1743 che
1345 1700 1371 1743 e
1392 1707 1560 1743 restato
1581 1708 1816 1746 contento.
1843 1703 1931 1747 Sa-

296 1777 436 1821 rebbe
457 1777 599 1820 molto
626 1791 653 1819 a
680 1775 927 1833 proposito,
954 1791 1004 1821 se
1031 1777 1074 1819 la
1112 1777 1165 1819 P.
1202 1777 1258 1820 V.
1285 1776 1327 1819 ci
1362 1777 1565 1821 mandasi
1592 1778 1639 1821 di
1662 1779 1704 1822 la
1731 1794 1822 1822 vno
1850 1795 1931 1836 per

298 1853 485 1910 leggere
508 1852 745 1897 rhetorica.
772 1853 835 1898 Mi
857 1855 913 1897 113
936 1868 1103 1905 mosso,
1130 1854 1293 1906 Padre,
1322 1869 1349 1898 a
1370 1855 1453 1898 far’
1484 1862 1646 1910 questo
1673 1857 1823 1900 sforzo
1848 1859 1933 1900 che

299 1931 360 1974 ho
382 1931 511 1985 fatto,
536 1930 567 1973 il
590 1931 729 1974 frutto
751 1932 836 1974 che
864 1931 984 1975 uedo
1015 1931 1099 1974 co'l
1135 1931 1280 1974 fauor’
1313 1930 1471 1975 diuino
1503 1931 1549 1975 in
1577 1941 1738 1989 questa
1759 1933 1865 1986 cita,
1891 1935 1933 1978 13

298 2008 485 2051 volonta
505 2008 621 2052 della
644 2008 737 2052 SR&
769 2008 826 2052 de
848 2015 1004 2051 nostro
1026 2007 1239 2065 Signore,
1264 2015 1310 2052 et
1331 2009 1481 2064 quella
1502 2011 1620 2053 della
1650 2012 1756 2054 M.t²
1790 2012 1934 2055 Cesa-

296 2099 391 2139 rea,
415 2085 458 2129 13
480 2086 621 2129 bonta
641 2092 686 2128 et
708 2099 823 2142 gran
846 2086 942 2128 zelo
964 2086 1022 2130 de
1045 2087 1217 2129 Mons.¹'
1249 2086 1558 2139 olomucense,
1584 2095 1629 2132 et
1646 2088 1676 2130 l'
1700 2088 1934 2132 affettione

296 2169 346 2205 et
367 2163 520 2205 buona
541 2163 724 2204 volonta
741 2162 785 2204 di
809 2170 970 2218 questo
992 2162 1130 2215 clero,
1152 2169 1198 2207 et
1220 2163 1337 2206 della
1354 2163 1445 2208 0113
1461 2178 1595 2208 uerso
1617 2165 1663 2207 di
1679 2165 1770 2208 noi.
1793 2167 1934 2209 Tutto

298 2237 371 2282 010
393 2240 478 2281 0113
498 2237 536 2281 si
557 2239 583 2282 e
606 2245 790 2282 11311310
819 2239 909 2281 co’l
932 2239 1061 2283 Rmo.
1089 2238 1202 2295 (0103
1230 2241 1304 2283 ch’
1334 2239 1366 2283 il
1401 2241 1593 2295 collegio
1627 2243 1667 2285 s'
1690 2241 1934 2286 incominci

300 2315 407 2372 pian
433 2314 584 2371 piano,
624 2321 670 2358 et
697 2316 782 2358 che
813 2314 851 2358 si
880 2315 999 2358 uada
1029 2317 1278 2360 crescendo
1305 2317 1350 2360 d'
1381 2318 1590 2374 operarij,
1621 2320 1820 2363 secondo
1848 2321 1933 2364 che

299 2395 509 2437 crescera
530 2392 572 2434 la
596 2391 861 2436 fundatione
878 2389 924 2434 et
941 2391 1190 2447 possibilita
1211 2393 1256 2435 d’
1275 2394 1432 2438 hauer’
1453 2396 1497 2437 d’
1517 2394 1531 2436 i
1549 2394 1690 2438 nostri
1708 2394 1753 2437 in
1772 2403 1934 2451 questo

304 2471 453 2526 paese)
476 2469 514 2513 si
541 2459 566 2513 e
595 2476 828 2514 reseruato
851 2469 894 2512 al
929 2483 1152 2515 consenso
1189 2470 1308 2514 della
1332 2472 1384 2515 P.
1425 2473 1484 2515 V.
1527 2474 1615 2515 Per
1652 2479 1812 2528 questa
1842 2487 1933 2516 non

303 2561 493 2592 occorre
514 2548 643 2590 altro:
668 2546 849 2591 dimane
870 2560 956 2589 con
988 2547 1030 2589 la
1051 2546 1199 2603 gratia
1225 2547 1299 2591 del
1326 2547 1522 2605 Signore
1549 2549 1717 2605 partiro
1739 2550 1780 2592 la
1811 2549 1935 2593 uolta

303 2625 364 2668 de
386 2626 550 2681 Praga.
576 2623 694 2668 Nelli
716 2623 834 2667 santi
855 2623 1060 2679 sacrificij
1085 2630 1131 2667 et
1152 2623 1344 2667 orationi
1364 2626 1422 2669 de
1444 2627 1501 2669 V.
1515 2628 1576 2669 P.
1597 2627 1737 2669 molto
1753 2625 1934 2670 deside-

302 2700 445 2745 riamo
465 2704 604 2745 esser'
628 2699 976 2744 raccomandati.
1002 2699 1129 2744 Iddio
1150 2707 1306 2744 nostro
1327 2701 1541 2759 Signore,
1562 2718 1642 2759 per
1659 2717 1742 2746 sua
1759 2702 1937 2746 infinita

303 2777 624 2832 misericordia,
649 2778 690 2822 ci
712 2777 787 2821 dia
807 2778 850 2821 la
871 2792 955 2821 sua
976 2777 1158 2833 copiosa
1174 2777 1322 2834 gratia
1343 2780 1402 2823 da
1423 2780 1490 2824 far
1518 2794 1695 2836 sempre
1717 2779 1938 2836 perfetta-

384 2984 395 3003 ¹
445 2980 679 3017 Guilielmus
697 2981 1016 3028 Prussinowsky.

383 3043 397 3063 2
448 3039 772 3087 Congregationis
796 3052 856 3076 sc.
880 3039 1091 3086 secundae,
1113 3038 1315 3076 decretum
1339 3039 1376 3086 8,
1402 3046 1491 3088 post
1518 3041 1764 3085 electionem,
1791 3040 1841 3077 de
1865 3042 1943 3077 col-

310 3099 429 3147 legiis
446 3100 558 3136 novis
576 3110 653 3136 non
670 3099 938 3147 admittendis,
955 3098 1032 3135 nisi
1049 3098 1155 3146 prius
1173 3097 1342 3136 admissa
1359 3101 1475 3148 plene
1491 3100 1704 3137 constituta
1722 3100 1880 3137 fuerint.
