<?xml version="1.0" encoding="UTF-8"?>
<!DOCTYPE html PUBLIC "-//W3C//DTD XHTML 1.0 Transitional//EN"
    "http://www.w3.org/TR/xhtml1/DTD/xhtml1-transitional.dtd">
<html xmlns="http://www.w3.org/1999/xhtml" xml:lang="en" lang="en">
 <head>
  <title>
</title>
<meta http-equiv="Content-Type" content="text/html;charset=utf-8" />
  <meta name='ocr-system' content='tesseract 3.04.00' />
  <meta name='ocr-capabilities' content='ocr_page ocr_carea ocr_par ocr_line ocrx_word'/>
</head>
<body>
  <div class='ocr_page' id='page_1' title='image "./epistolaephieron03nadauoft_0356.png"; bbox 0 0 2228 3548; ppageno 0'>
   <div class='ocr_carea' id='block_1_1' title="bbox 358 251 1385 298">
    <p class='ocr_par' dir='ltr' id='par_1_1' title="bbox 358 251 1385 298">
     <span class='ocr_line' id='line_1_1' title="bbox 358 251 1385 298; baseline -0.009 -2"><span class='ocrx_word' id='word_1_1' title='bbox 358 259 429 296; x_wconf 87' lang='lat'><strong>318</strong></span> <span class='ocrx_word' id='word_1_2' title='bbox 874 256 1013 292; x_wconf 78' lang='lat' dir='ltr'><strong>Ep1sr.</strong></span> <span class='ocrx_word' id='word_1_3' title='bbox 1040 253 1084 289; x_wconf 88' lang='lat' dir='ltr'><strong>P.</strong></span> <span class='ocrx_word' id='word_1_4' title='bbox 1112 251 1385 298; x_wconf 73' lang='lat' dir='ltr'><strong>NADAL—453</strong></span> 
     </span>
    </p>
   </div>
   <div class='ocr_carea' id='block_1_2' title="bbox 304 354 1948 1415">
    <p class='ocr_par' dir='ltr' id='par_1_2' title="bbox 304 354 1948 1415">
     <span class='ocr_line' id='line_1_2' title="bbox 307 354 1948 418; baseline -0.002 -14"><span class='ocrx_word' id='word_1_5' title='bbox 307 361 388 418; x_wconf 76' lang='lat' dir='ltr'><strong>piu</strong></span> <span class='ocrx_word' id='word_1_6' title='bbox 412 367 551 412; x_wconf 89' lang='lat' dir='ltr'><strong>tosto,</strong></span> <span class='ocrx_word' id='word_1_7' title='bbox 578 358 624 401; x_wconf 93' lang='lat' dir='ltr'><strong>in</strong></span> <span class='ocrx_word' id='word_1_8' title='bbox 642 357 790 414; x_wconf 89' lang='lat' dir='ltr'><strong>questi</strong></span> <span class='ocrx_word' id='word_1_9' title='bbox 811 356 954 413; x_wconf 88' lang='lat' dir='ltr'><strong>paesi,</strong></span> <span class='ocrx_word' id='word_1_10' title='bbox 974 356 1021 399; x_wconf 90' lang='lat' dir='ltr'><strong>in</strong></span> <span class='ocrx_word' id='word_1_11' title='bbox 1044 354 1348 399; x_wconf 83' lang='lat' dir='ltr'>obstinatione</span> <span class='ocrx_word' id='word_1_12' title='bbox 1369 355 1486 400; x_wconf 91' lang='lat' dir='ltr'><strong>della</strong></span> <span class='ocrx_word' id='word_1_13' title='bbox 1505 356 1698 401; x_wconf 87' lang='lat' dir='ltr'><strong>heresia.</strong></span> <span class='ocrx_word' id='word_1_14' title='bbox 1725 358 1794 412; x_wconf 93' lang='lat'><strong>7.⁰</strong></span> <span class='ocrx_word' id='word_1_15' title='bbox 1815 356 1948 412; x_wconf 78' lang='lat' dir='ltr'><strong>Quod</strong></span> 
     </span>
     <span class='ocr_line' id='line_1_3' title="bbox 307 431 1946 491; baseline -0.001 -11"><span class='ocrx_word' id='word_1_16' title='bbox 307 439 470 480; x_wconf 77' lang='lat' dir='ltr'><strong>attinet</strong></span> <span class='ocrx_word' id='word_1_17' title='bbox 492 436 552 478; x_wconf 84' lang='lat' dir='ltr'><strong>ad</strong></span> <span class='ocrx_word' id='word_1_18' title='bbox 579 436 862 487; x_wconf 80' lang='lat' dir='ltr'><em>Societatem,</em></span> <span class='ocrx_word' id='word_1_19' title='bbox 891 434 917 477; x_wconf 80' lang='grc' dir='ltr'>ὲ</span> <span class='ocrx_word' id='word_1_20' title='bbox 945 447 1071 486; x_wconf 88' lang='lat' dir='ltr'><strong>cosa,</strong></span> <span class='ocrx_word' id='word_1_21' title='bbox 1097 433 1296 476; x_wconf 91' lang='lat' dir='ltr'><strong>secondo</strong></span> <span class='ocrx_word' id='word_1_22' title='bbox 1319 433 1405 475; x_wconf 88' lang='lat' dir='ltr'><strong>che</strong></span> <span class='ocrx_word' id='word_1_23' title='bbox 1432 431 1474 476; x_wconf 91' lang='lat' dir='ltr'><strong>ci</strong></span> <span class='ocrx_word' id='word_1_24' title='bbox 1498 447 1608 490; x_wconf 87' lang='lat' dir='ltr'><strong>pare</strong></span> <span class='ocrx_word' id='word_1_25' title='bbox 1634 448 1660 477; x_wconf 90' lang='lat' dir='ltr'><strong>a</strong></span> <span class='ocrx_word' id='word_1_26' title='bbox 1687 433 1763 478; x_wconf 92' lang='lat' dir='ltr'><strong>noi</strong></span> <span class='ocrx_word' id='word_1_27' title='bbox 1790 449 1871 491; x_wconf 90' lang='lat' dir='ltr'><strong>per</strong></span> <span class='ocrx_word' id='word_1_28' title='bbox 1903 435 1946 478; x_wconf 91' lang='lat' dir='ltr'><strong>la</strong></span> 
     </span>
     <span class='ocr_line' id='line_1_4' title="bbox 309 508 1944 570; baseline -0.001 -13"><span class='ocrx_word' id='word_1_29' title='bbox 309 513 542 570; x_wconf 85' lang='lat' dir='ltr'><strong>sperienza</strong></span> <span class='ocrx_word' id='word_1_30' title='bbox 564 513 648 555; x_wconf 90' lang='lat' dir='ltr'><strong>che</strong></span> <span class='ocrx_word' id='word_1_31' title='bbox 669 510 912 554; x_wconf 89' lang='lat' dir='ltr'><strong>habbiamo</strong></span> <span class='ocrx_word' id='word_1_32' title='bbox 933 508 979 552; x_wconf 93' lang='lat' dir='ltr'><strong>di</strong></span> <span class='ocrx_word' id='word_1_33' title='bbox 1007 524 1112 565; x_wconf 86' lang='lat' dir='ltr'><strong>qua,</strong></span> <span class='ocrx_word' id='word_1_34' title='bbox 1138 508 1397 562; x_wconf 88' lang='lat' dir='ltr'><strong>difficilima,</strong></span> <span class='ocrx_word' id='word_1_35' title='bbox 1423 518 1469 554; x_wconf 91' lang='lat' dir='ltr'><strong>et</strong></span> <span class='ocrx_word' id='word_1_36' title='bbox 1490 511 1575 555; x_wconf 92' lang='lat' dir='ltr'><strong>che</strong></span> <span class='ocrx_word' id='word_1_37' title='bbox 1596 517 1736 556; x_wconf 89' lang='lat' dir='ltr'><strong>mette</strong></span> <span class='ocrx_word' id='word_1_38' title='bbox 1756 511 1803 554; x_wconf 92' lang='lat' dir='ltr'><strong>in</strong></span> <span class='ocrx_word' id='word_1_39' title='bbox 1823 511 1944 568; x_wconf 89' lang='lat' dir='ltr'><strong>peri-</strong></span> 
     </span>
     <span class='ocr_line' id='line_1_5' title="bbox 305 585 1942 643; baseline -0.001 -9"><span class='ocrx_word' id='word_1_40' title='bbox 305 591 427 643; x_wconf 92' lang='lat' dir='ltr'><strong>colo,</strong></span> <span class='ocrx_word' id='word_1_41' title='bbox 452 604 543 633; x_wconf 94' lang='lat' dir='ltr'><strong>non</strong></span> <span class='ocrx_word' id='word_1_42' title='bbox 566 589 661 632; x_wconf 90' lang='lat' dir='ltr'><strong>solo</strong></span> <span class='ocrx_word' id='word_1_43' title='bbox 684 587 790 630; x_wconf 92' lang='lat' dir='ltr'><strong>tutti</strong></span> <span class='ocrx_word' id='word_1_44' title='bbox 811 587 841 630; x_wconf 86' lang='lat' dir='ltr'><strong>li</strong></span> <span class='ocrx_word' id='word_1_45' title='bbox 863 585 1096 642; x_wconf 87' lang='lat' dir='ltr'><strong>ministerij</strong></span> <span class='ocrx_word' id='word_1_46' title='bbox 1119 586 1237 630; x_wconf 87' lang='lat' dir='ltr'><strong>della</strong></span> <span class='ocrx_word' id='word_1_47' title='bbox 1259 586 1558 643; x_wconf 85' lang='lat' dir='ltr'><strong>Compagnia‚</strong></span> <span class='ocrx_word' id='word_1_48' title='bbox 1583 602 1658 631; x_wconf 88' lang='lat' dir='ltr'><strong>ma</strong></span> <span class='ocrx_word' id='word_1_49' title='bbox 1677 587 1889 632; x_wconf 90' lang='lat' dir='ltr'><strong>etiamdio</strong></span> <span class='ocrx_word' id='word_1_50' title='bbox 1911 588 1942 632; x_wconf 90' lang='lat' dir='ltr'><strong>il</strong></span> 
     </span>
     <span class='ocr_line' id='line_1_6' title="bbox 309 662 1942 724; baseline -0.001 -13"><span class='ocrx_word' id='word_1_51' title='bbox 309 669 483 724; x_wconf 88' lang='lat' dir='ltr'><strong>puoter&#39;</strong></span> <span class='ocrx_word' id='word_1_52' title='bbox 509 673 627 709; x_wconf 88' lang='lat' dir='ltr'><strong>stare</strong></span> <span class='ocrx_word' id='word_1_53' title='bbox 657 665 806 721; x_wconf 90' lang='lat' dir='ltr'><strong>quella</strong></span> <span class='ocrx_word' id='word_1_54' title='bbox 835 663 882 707; x_wconf 87' lang='lat' dir='ltr'><strong>in</strong></span> <span class='ocrx_word' id='word_1_55' title='bbox 909 662 1178 716; x_wconf 81' lang='lat' dir='ltr'>Germania,</span> <span class='ocrx_word' id='word_1_56' title='bbox 1203 663 1476 720; x_wconf 83' lang='lat' dir='ltr'><strong>sapendosia</strong></span> <span class='ocrx_word' id='word_1_57' title='bbox 1501 678 1528 707; x_wconf 97' lang='lat' dir='ltr'><strong>o</strong></span> <span class='ocrx_word' id='word_1_58' title='bbox 1554 665 1827 721; x_wconf 90' lang='lat' dir='ltr'><strong>pensandosi</strong></span> <span class='ocrx_word' id='word_1_59' title='bbox 1856 667 1942 711; x_wconf 89' lang='lat' dir='ltr'><strong>che</strong></span> 
     </span>
     <span class='ocr_line' id='line_1_7' title="bbox 307 740 1943 800; baseline -0.001 -12"><span class='ocrx_word' id='word_1_60' title='bbox 307 745 382 788; x_wconf 90' lang='lat' dir='ltr'><strong>noi</strong></span> <span class='ocrx_word' id='word_1_61' title='bbox 405 743 632 800; x_wconf 83' lang='lat' dir='ltr'><strong>uogliamo</strong></span> <span class='ocrx_word' id='word_1_62' title='bbox 659 742 881 786; x_wconf 87' lang='lat' dir='ltr'><strong>introdur’</strong></span> <span class='ocrx_word' id='word_1_63' title='bbox 906 742 936 784; x_wconf 91' lang='lat' dir='ltr'><strong>l&#39;</strong></span> <span class='ocrx_word' id='word_1_64' title='bbox 961 740 1254 797; x_wconf 85' lang='lat' dir='ltr'><strong>inquisitione</strong></span> <span class='ocrx_word' id='word_1_65' title='bbox 1281 740 1328 783; x_wconf 92' lang='lat' dir='ltr'><strong>in</strong></span> <span class='ocrx_word' id='word_1_66' title='bbox 1357 741 1615 798; x_wconf 87' lang='lat' dir='ltr'><strong>Alamagna</strong></span> <span class='ocrx_word' id='word_1_67' title='bbox 1641 757 1777 799; x_wconf 83' lang='lat' dir='ltr'>sopra</span> <span class='ocrx_word' id='word_1_68' title='bbox 1804 743 1943 799; x_wconf 86' lang='lat' dir='ltr'><strong>quelli</strong></span> 
     </span>
     <span class='ocr_line' id='line_1_8' title="bbox 307 817 1943 878; baseline -0.001 -13"><span class='ocrx_word' id='word_1_69' title='bbox 307 820 566 878; x_wconf 89' lang='lat' dir='ltr'><strong>pochissimi</strong></span> <span class='ocrx_word' id='word_1_70' title='bbox 588 821 673 864; x_wconf 90' lang='lat' dir='ltr'><strong>che</strong></span> <span class='ocrx_word' id='word_1_71' title='bbox 694 819 729 863; x_wconf 89' lang='lat' dir='ltr'><strong>si</strong></span> <span class='ocrx_word' id='word_1_72' title='bbox 754 825 1049 863; x_wconf 86' lang='lat' dir='ltr'><strong>conuertono.</strong></span> <span class='ocrx_word' id='word_1_73' title='bbox 1075 818 1255 861; x_wconf 81' lang='lat' dir='ltr'><strong>Deinde</strong></span> <span class='ocrx_word' id='word_1_74' title='bbox 1271 817 1302 860; x_wconf 94' lang='lat' dir='ltr'><strong>li</strong></span> <span class='ocrx_word' id='word_1_75' title='bbox 1324 818 1535 862; x_wconf 84' lang='lat' dir='ltr'><strong>catholici</strong></span> <span class='ocrx_word' id='word_1_76' title='bbox 1552 819 1780 864; x_wconf 87' lang='lat' dir='ltr'><strong>fundatori</strong></span> <span class='ocrx_word' id='word_1_77' title='bbox 1801 834 1943 878; x_wconf 86' lang='lat' dir='ltr'><strong>gran-</strong></span> 
     </span>
     <span class='ocr_line' id='line_1_9' title="bbox 306 895 1946 952; baseline 0 -11"><span class='ocrx_word' id='word_1_78' title='bbox 306 900 517 943; x_wconf 89' lang='lat' dir='ltr'><strong>demente</strong></span> <span class='ocrx_word' id='word_1_79' title='bbox 540 898 863 942; x_wconf 88' lang='lat' dir='ltr'><strong>temerebbono</strong></span> <span class='ocrx_word' id='word_1_80' title='bbox 886 895 916 939; x_wconf 92' lang='lat' dir='ltr'><strong>il</strong></span> <span class='ocrx_word' id='word_1_81' title='bbox 939 895 1186 940; x_wconf 88' lang='lat' dir='ltr'><strong>medesimo</strong></span> <span class='ocrx_word' id='word_1_82' title='bbox 1210 910 1389 940; x_wconf 89' lang='lat' dir='ltr'><strong>rumore</strong></span> <span class='ocrx_word' id='word_1_83' title='bbox 1411 903 1573 940; x_wconf 88' lang='lat' dir='ltr'><strong>contra</strong></span> <span class='ocrx_word' id='word_1_84' title='bbox 1593 896 1639 940; x_wconf 91' lang='lat' dir='ltr'><strong>di</strong></span> <span class='ocrx_word' id='word_1_85' title='bbox 1667 897 1778 952; x_wconf 85' lang='lat' dir='ltr'><strong>essi3</strong></span> <span class='ocrx_word' id='word_1_86' title='bbox 1804 904 1850 941; x_wconf 86' lang='lat' dir='ltr'><strong>et</strong></span> <span class='ocrx_word' id='word_1_87' title='bbox 1870 912 1946 942; x_wconf 91' lang='lat' dir='ltr'><strong>es-</strong></span> 
     </span>
     <span class='ocr_line' id='line_1_10' title="bbox 306 973 1946 1029; baseline 0 -10"><span class='ocrx_word' id='word_1_88' title='bbox 306 976 449 1019; x_wconf 92' lang='lat' dir='ltr'><strong>sendo</strong></span> <span class='ocrx_word' id='word_1_89' title='bbox 471 977 556 1019; x_wconf 89' lang='lat' dir='ltr'><strong>che</strong></span> <span class='ocrx_word' id='word_1_90' title='bbox 578 975 739 1019; x_wconf 90' lang='lat' dir='ltr'><strong>adesso</strong></span> <span class='ocrx_word' id='word_1_91' title='bbox 763 981 947 1018; x_wconf 91' lang='lat' dir='ltr'><strong>temono</strong></span> <span class='ocrx_word' id='word_1_92' title='bbox 968 973 1301 1017; x_wconf 89' lang='lat' dir='ltr'><strong>infinitamente</strong></span> <span class='ocrx_word' id='word_1_93' title='bbox 1322 973 1395 1017; x_wconf 88' lang='lat' dir='ltr'><strong>alli</strong></span> <span class='ocrx_word' id='word_1_94' title='bbox 1412 973 1618 1029; x_wconf 90' lang='lat' dir='ltr'><strong>heretici,</strong></span> <span class='ocrx_word' id='word_1_95' title='bbox 1642 981 1688 1018; x_wconf 89' lang='lat' dir='ltr'><strong>et</strong></span> <span class='ocrx_word' id='word_1_96' title='bbox 1710 973 1946 1019; x_wconf 88' lang='lat' dir='ltr'><strong>chiamano</strong></span> 
     </span>
     <span class='ocr_line' id='line_1_11' title="bbox 308 1049 1947 1110; baseline 0 -14"><span class='ocrx_word' id='word_1_97' title='bbox 308 1068 387 1109; x_wconf 90' lang='lat' dir='ltr'><strong>per</strong></span> <span class='ocrx_word' id='word_1_98' title='bbox 418 1067 532 1110; x_wconf 90' lang='lat' dir='ltr'><strong>pura</strong></span> <span class='ocrx_word' id='word_1_99' title='bbox 562 1058 607 1096; x_wconf 91' lang='lat' dir='ltr'><strong>et</strong></span> <span class='ocrx_word' id='word_1_100' title='bbox 644 1058 847 1096; x_wconf 84' lang='lat' dir='ltr'><strong>extrema</strong></span> <span class='ocrx_word' id='word_1_101' title='bbox 878 1049 1103 1095; x_wconf 79' lang='lat' dir='ltr'><strong>necessita</strong></span> <span class='ocrx_word' id='word_1_102' title='bbox 1133 1049 1226 1105; x_wconf 89' lang='lat' dir='ltr'><strong>noi,</strong></span> <span class='ocrx_word' id='word_1_103' title='bbox 1253 1051 1465 1095; x_wconf 89' lang='lat' dir='ltr'><strong>temendo</strong></span> <span class='ocrx_word' id='word_1_104' title='bbox 1496 1051 1692 1095; x_wconf 88' lang='lat' dir='ltr'><strong>alchuna</strong></span> <span class='ocrx_word' id='word_1_105' title='bbox 1723 1051 1947 1096; x_wconf 86' lang='lat' dir='ltr'><strong>seditione</strong></span> 
     </span>
     <span class='ocr_line' id='line_1_12' title="bbox 304 1127 1948 1186; baseline -0.001 -13"><span class='ocrx_word' id='word_1_106' title='bbox 304 1138 465 1174; x_wconf 89' lang='lat' dir='ltr'><strong>contra</strong></span> <span class='ocrx_word' id='word_1_107' title='bbox 486 1129 532 1173; x_wconf 92' lang='lat' dir='ltr'><strong>di</strong></span> <span class='ocrx_word' id='word_1_108' title='bbox 554 1145 603 1174; x_wconf 91' lang='lat' dir='ltr'><strong>se</strong></span> <span class='ocrx_word' id='word_1_109' title='bbox 620 1145 706 1186; x_wconf 88' lang='lat' dir='ltr'><strong>per</strong></span> <span class='ocrx_word' id='word_1_110' title='bbox 728 1136 890 1185; x_wconf 91' lang='lat' dir='ltr'><strong>questo</strong></span> <span class='ocrx_word' id='word_1_111' title='bbox 911 1135 1063 1181; x_wconf 91' lang='lat' dir='ltr'><strong>conto,</strong></span> <span class='ocrx_word' id='word_1_112' title='bbox 1085 1129 1110 1172; x_wconf 78' lang='lat' dir='ltr'><strong>e</strong></span> <span class='ocrx_word' id='word_1_113' title='bbox 1132 1127 1330 1184; x_wconf 91' lang='lat' dir='ltr'><strong>pericolo</strong></span> <span class='ocrx_word' id='word_1_114' title='bbox 1352 1130 1438 1172; x_wconf 91' lang='lat' dir='ltr'><strong>che</strong></span> <span class='ocrx_word' id='word_1_115' title='bbox 1459 1143 1551 1172; x_wconf 93' lang='lat' dir='ltr'><strong>non</strong></span> <span class='ocrx_word' id='word_1_116' title='bbox 1572 1128 1609 1172; x_wconf 89' lang='lat' dir='ltr'><strong>si</strong></span> <span class='ocrx_word' id='word_1_117' title='bbox 1631 1128 1857 1174; x_wconf 89' lang='lat' dir='ltr'><strong>diuertino</strong></span> <span class='ocrx_word' id='word_1_118' title='bbox 1874 1135 1948 1172; x_wconf 90' lang='lat' dir='ltr'><strong>to·-</strong></span> 
     </span>
     <span class='ocr_line' id='line_1_13' title="bbox 308 1204 1942 1264; baseline -0.001 -13"><span class='ocrx_word' id='word_1_119' title='bbox 308 1208 524 1252; x_wconf 87' lang='lat' dir='ltr'><strong>talmente</strong></span> <span class='ocrx_word' id='word_1_120' title='bbox 541 1207 587 1250; x_wconf 92' lang='lat' dir='ltr'><strong>di</strong></span> <span class='ocrx_word' id='word_1_121' title='bbox 605 1206 805 1251; x_wconf 88' lang='lat' dir='ltr'><strong>chiamar</strong></span> <span class='ocrx_word' id='word_1_122' title='bbox 821 1206 863 1249; x_wconf 98' lang='grc'><strong>13</strong></span> <span class='ocrx_word' id='word_1_123' title='bbox 881 1204 1179 1262; x_wconf 87' lang='lat' dir='ltr'><strong>Compagnia;</strong></span> <span class='ocrx_word' id='word_1_124' title='bbox 1195 1212 1241 1248; x_wconf 87' lang='lat' dir='ltr'><strong>et</strong></span> <span class='ocrx_word' id='word_1_125' title='bbox 1258 1205 1333 1248; x_wconf 93' lang='lat' dir='ltr'><strong>noi</strong></span> <span class='ocrx_word' id='word_1_126' title='bbox 1350 1205 1592 1250; x_wconf 89' lang='lat' dir='ltr'><strong>habbiamo</strong></span> <span class='ocrx_word' id='word_1_127' title='bbox 1609 1207 1666 1250; x_wconf 87' lang='lat' dir='ltr'><strong>da</strong></span> <span class='ocrx_word' id='word_1_128' title='bbox 1681 1221 1942 1264; x_wconf 86' lang='lat' dir='ltr'><strong>procurare,</strong></span> 
     </span>
     <span class='ocr_line' id='line_1_14' title="bbox 310 1282 1944 1342; baseline -0.001 -14"><span class='ocrx_word' id='word_1_129' title='bbox 310 1285 473 1342; x_wconf 89' lang='lat' dir='ltr'><strong>Padre,</strong></span> <span class='ocrx_word' id='word_1_130' title='bbox 499 1284 545 1327; x_wconf 90' lang='lat' dir='ltr'><strong>di</strong></span> <span class='ocrx_word' id='word_1_131' title='bbox 562 1283 777 1328; x_wconf 88' lang='lat' dir='ltr'><strong>caminar’</strong></span> <span class='ocrx_word' id='word_1_132' title='bbox 802 1290 1084 1340; x_wconf 81' lang='lat' dir='ltr'><strong>puramente,</strong></span> <span class='ocrx_word' id='word_1_133' title='bbox 1104 1289 1150 1326; x_wconf 89' lang='lat' dir='ltr'><strong>et</strong></span> <span class='ocrx_word' id='word_1_134' title='bbox 1167 1282 1685 1328; x_wconf 87' lang='lat' dir='ltr'><strong>constantissimamente</strong></span> <span class='ocrx_word' id='word_1_135' title='bbox 1700 1284 1819 1327; x_wconf 89' lang='lat' dir='ltr'><strong>nella</strong></span> <span class='ocrx_word' id='word_1_136' title='bbox 1840 1284 1944 1328; x_wconf 90' lang='lat' dir='ltr'><strong>fede</strong></span> 
     </span>
     <span class='ocr_line' id='line_1_15' title="bbox 308 1359 1944 1415; baseline -0.001 -10"><span class='ocrx_word' id='word_1_137' title='bbox 308 1362 534 1405; x_wconf 88' lang='lat' dir='ltr'><strong>catholica</strong></span> <span class='ocrx_word' id='word_1_138' title='bbox 556 1375 758 1414; x_wconf 91' lang='lat' dir='ltr'><strong>romana,</strong></span> <span class='ocrx_word' id='word_1_139' title='bbox 778 1367 824 1405; x_wconf 93' lang='lat' dir='ltr'><strong>et</strong></span> <span class='ocrx_word' id='word_1_140' title='bbox 844 1359 891 1404; x_wconf 93' lang='lat' dir='ltr'><strong>in</strong></span> <span class='ocrx_word' id='word_1_141' title='bbox 913 1359 1176 1404; x_wconf 85' lang='lat' dir='ltr'><strong>defensione</strong></span> <span class='ocrx_word' id='word_1_142' title='bbox 1192 1359 1238 1403; x_wconf 86' lang='lat' dir='ltr'><strong>di</strong></span> <span class='ocrx_word' id='word_1_143' title='bbox 1260 1361 1408 1415; x_wconf 88' lang='lat' dir='ltr'><strong>quella</strong></span> <span class='ocrx_word' id='word_1_144' title='bbox 1429 1360 1576 1404; x_wconf 92' lang='lat' dir='ltr'><strong>insino</strong></span> <span class='ocrx_word' id='word_1_145' title='bbox 1598 1362 1685 1405; x_wconf 88' lang='lat' dir='ltr'><strong>alla</strong></span> <span class='ocrx_word' id='word_1_146' title='bbox 1705 1368 1851 1405; x_wconf 90' lang='lat' dir='ltr'><strong>morte</strong></span> <span class='ocrx_word' id='word_1_147' title='bbox 1872 1360 1944 1404; x_wconf 89' lang='lat' dir='ltr'><strong>in—</strong></span> 
     </span>
    </p>
   </div>
   <div class='ocr_carea' id='block_1_3' title="bbox 311 1437 1994 1495">
    <p class='ocr_par' dir='ltr' id='par_1_3' title="bbox 311 1437 1994 1495">
     <span class='ocr_line' id='line_1_16' title="bbox 311 1437 1994 1495; baseline -0.001 -12"><span class='ocrx_word' id='word_1_148' title='bbox 311 1439 510 1492; x_wconf 93' lang='lat' dir='ltr'><strong>clusiue,</strong></span> <span class='ocrx_word' id='word_1_149' title='bbox 535 1437 914 1495; x_wconf 81' lang='lat' dir='ltr'><strong>intrepidamente</strong></span> <span class='ocrx_word' id='word_1_150' title='bbox 941 1451 1027 1480; x_wconf 90' lang='lat' dir='ltr'><strong>con</strong></span> <span class='ocrx_word' id='word_1_151' title='bbox 1055 1438 1099 1480; x_wconf 89' lang='lat' dir='ltr'><strong>la</strong></span> <span class='ocrx_word' id='word_1_152' title='bbox 1127 1437 1274 1494; x_wconf 85' lang='lat' dir='ltr'><strong>gratia</strong></span> <span class='ocrx_word' id='word_1_153' title='bbox 1302 1438 1374 1480; x_wconf 92' lang='lat' dir='ltr'><strong>del</strong></span> <span class='ocrx_word' id='word_1_154' title='bbox 1398 1437 1616 1495; x_wconf 86' lang='lat' dir='ltr'><strong>Signore,</strong></span> <span class='ocrx_word' id='word_1_155' title='bbox 1641 1445 1688 1482; x_wconf 90' lang='lat' dir='ltr'><strong>et</strong></span> <span class='ocrx_word' id='word_1_156' title='bbox 1719 1441 1890 1482; x_wconf 90' lang='lat' dir='ltr'><strong>seruar’</strong></span> <span class='ocrx_word' id='word_1_157' title='bbox 1915 1437 1948 1481; x_wconf 92' lang='lat' dir='ltr'><strong>il</strong></span> <span class='ocrx_word' id='word_1_158' title='bbox 1991 1471 1994 1474; x_wconf 17' lang='grc' dir='ltr'><em>Α</em></span> 
     </span>
    </p>
   </div>
   <div class='ocr_carea' id='block_1_4' title="bbox 309 1514 1952 2190">
    <p class='ocr_par' dir='ltr' id='par_1_4' title="bbox 309 1514 1952 2190">
     <span class='ocr_line' id='line_1_17' title="bbox 309 1514 1949 1572; baseline -0.001 -12"><span class='ocrx_word' id='word_1_159' title='bbox 309 1523 468 1560; x_wconf 90' lang='lat' dir='ltr'><strong>nostro</strong></span> <span class='ocrx_word' id='word_1_160' title='bbox 485 1515 708 1568; x_wconf 88' lang='lat' dir='ltr'><strong>instituto,</strong></span> <span class='ocrx_word' id='word_1_161' title='bbox 729 1529 777 1559; x_wconf 88' lang='lat' dir='ltr'><strong>se</strong></span> <span class='ocrx_word' id='word_1_162' title='bbox 793 1514 840 1557; x_wconf 94' lang='lat' dir='ltr'><strong>in</strong></span> <span class='ocrx_word' id='word_1_163' title='bbox 856 1514 1030 1558; x_wconf 86' lang='lat' dir='ltr'><strong>nissun&#39;</strong></span> <span class='ocrx_word' id='word_1_164' title='bbox 1049 1515 1164 1557; x_wconf 88' lang='lat' dir='ltr'><strong>altra</strong></span> <span class='ocrx_word' id='word_1_165' title='bbox 1179 1521 1307 1571; x_wconf 90' lang='lat' dir='ltr'><strong>parte</strong></span> <span class='ocrx_word' id='word_1_166' title='bbox 1322 1515 1584 1570; x_wconf 83' lang='lat' dir='ltr'><strong>benissimo,</strong></span> <span class='ocrx_word' id='word_1_167' title='bbox 1602 1516 1679 1572; x_wconf 93' lang='lat' dir='ltr'><strong>qui</strong></span> <span class='ocrx_word' id='word_1_168' title='bbox 1696 1516 1834 1559; x_wconf 91' lang='lat' dir='ltr'><strong>molto</strong></span> <span class='ocrx_word' id='word_1_169' title='bbox 1849 1529 1949 1559; x_wconf 87' lang='lat' dir='ltr'><strong>me-</strong></span> 
     </span>
     <span class='ocr_line' id='line_1_18' title="bbox 311 1592 1950 1651; baseline 0 -15"><span class='ocrx_word' id='word_1_170' title='bbox 311 1594 424 1651; x_wconf 84' lang='lat' dir='ltr'><strong>gli03</strong></span> <span class='ocrx_word' id='word_1_171' title='bbox 445 1601 491 1638; x_wconf 90' lang='lat' dir='ltr'><strong>et</strong></span> <span class='ocrx_word' id='word_1_172' title='bbox 513 1593 694 1650; x_wconf 91' lang='lat' dir='ltr'><strong>quando</strong></span> <span class='ocrx_word' id='word_1_173' title='bbox 712 1594 955 1637; x_wconf 88' lang='lat' dir='ltr'><strong>haueremo</strong></span> <span class='ocrx_word' id='word_1_174' title='bbox 974 1592 1087 1635; x_wconf 86' lang='lat' dir='ltr'><strong>fatto</strong></span> <span class='ocrx_word' id='word_1_175' title='bbox 1104 1598 1281 1648; x_wconf 89' lang='lat' dir='ltr'><strong>questo,</strong></span> <span class='ocrx_word' id='word_1_176' title='bbox 1301 1595 1531 1648; x_wconf 83' lang='lat' dir='ltr'><strong>procurar&#39;</strong></span> <span class='ocrx_word' id='word_1_177' title='bbox 1552 1594 1626 1637; x_wconf 87' lang='lat' dir='ltr'><strong>dal</strong></span> <span class='ocrx_word' id='word_1_178' title='bbox 1642 1600 1776 1638; x_wconf 91' lang='lat' dir='ltr'><strong>canto</strong></span> <span class='ocrx_word' id='word_1_179' title='bbox 1793 1600 1950 1637; x_wconf 90' lang='lat' dir='ltr'><strong>nostro</strong></span> 
     </span>
     <span class='ocr_line' id='line_1_19' title="bbox 312 1668 1947 1725; baseline -0.001 -11"><span class='ocrx_word' id='word_1_180' title='bbox 312 1686 407 1715; x_wconf 92' lang='lat' dir='ltr'><strong>non</strong></span> <span class='ocrx_word' id='word_1_181' title='bbox 429 1672 524 1714; x_wconf 85' lang='lat' dir='ltr'><strong>dar&#39;</strong></span> <span class='ocrx_word' id='word_1_182' title='bbox 550 1669 788 1714; x_wconf 87' lang='lat' dir='ltr'><strong>occasione</strong></span> <span class='ocrx_word' id='word_1_183' title='bbox 810 1668 972 1712; x_wconf 88' lang='lat' dir='ltr'><strong>nisuna</strong></span> <span class='ocrx_word' id='word_1_184' title='bbox 994 1668 1248 1712; x_wconf 86' lang='lat' dir='ltr'><strong>voluntaria</strong></span> <span class='ocrx_word' id='word_1_185' title='bbox 1273 1669 1295 1696; x_wconf 79' lang='lat'><strong>¹³</strong></span> <span class='ocrx_word' id='word_1_186' title='bbox 1313 1684 1339 1712; x_wconf 93' lang='lat' dir='ltr'><strong>a</strong></span> <span class='ocrx_word' id='word_1_187' title='bbox 1367 1669 1514 1725; x_wconf 88' lang='lat' dir='ltr'><strong>questi</strong></span> <span class='ocrx_word' id='word_1_188' title='bbox 1530 1677 1547 1698; x_wconf 77' lang='lat'><em>0</em></span> <span class='ocrx_word' id='word_1_189' title='bbox 1570 1670 1722 1715; x_wconf 88' lang='lat' dir='ltr'><strong>miseri</strong></span> <span class='ocrx_word' id='word_1_190' title='bbox 1742 1669 1947 1725; x_wconf 89' lang='lat' dir='ltr'><strong>heretici,</strong></span> 
     </span>
     <span class='ocr_line' id='line_1_20' title="bbox 310 1746 1949 1805; baseline -0.002 -12"><span class='ocrx_word' id='word_1_191' title='bbox 310 1748 417 1793; x_wconf 91' lang='lat' dir='ltr'><strong>delli</strong></span> <span class='ocrx_word' id='word_1_192' title='bbox 440 1747 560 1805; x_wconf 89' lang='lat' dir='ltr'><strong>quali</strong></span> <span class='ocrx_word' id='word_1_193' title='bbox 583 1746 766 1792; x_wconf 88' lang='lat' dir='ltr'><strong>alchuni</strong></span> <span class='ocrx_word' id='word_1_194' title='bbox 787 1748 938 1790; x_wconf 90' lang='lat' dir='ltr'><strong>hanno</strong></span> <span class='ocrx_word' id='word_1_195' title='bbox 960 1746 1283 1790; x_wconf 89' lang='lat' dir='ltr'><strong>incominciato</strong></span> <span class='ocrx_word' id='word_1_196' title='bbox 1305 1762 1331 1790; x_wconf 90' lang='lat' dir='ltr'><strong>a</strong></span> <span class='ocrx_word' id='word_1_197' title='bbox 1351 1746 1447 1791; x_wconf 88' lang='lat' dir='ltr'><strong>dire</strong></span> <span class='ocrx_word' id='word_1_198' title='bbox 1464 1748 1522 1791; x_wconf 87' lang='lat' dir='ltr'><strong>da</strong></span> <span class='ocrx_word' id='word_1_199' title='bbox 1538 1747 1617 1804; x_wconf 83' lang='lat' dir='ltr'><strong>piu</strong></span> <span class='ocrx_word' id='word_1_200' title='bbox 1634 1749 1691 1791; x_wconf 89' lang='lat' dir='ltr'><strong>de</strong></span> <span class='ocrx_word' id='word_1_201' title='bbox 1708 1747 1825 1792; x_wconf 89' lang='lat' dir='ltr'><strong>dieci</strong></span> <span class='ocrx_word' id='word_1_202' title='bbox 1842 1747 1949 1792; x_wconf 90' lang='lat' dir='ltr'><strong>anni</strong></span> 
     </span>
     <span class='ocr_line' id='line_1_21' title="bbox 313 1822 1947 1881; baseline -0.001 -13"><span class='ocrx_word' id='word_1_203' title='bbox 313 1825 360 1868; x_wconf 90' lang='lat' dir='ltr'><strong>in</strong></span> <span class='ocrx_word' id='word_1_204' title='bbox 381 1840 487 1881; x_wconf 88' lang='lat' dir='ltr'><strong>qua,</strong></span> <span class='ocrx_word' id='word_1_205' title='bbox 508 1832 553 1870; x_wconf 91' lang='lat' dir='ltr'><strong>et</strong></span> <span class='ocrx_word' id='word_1_206' title='bbox 575 1825 623 1867; x_wconf 89' lang='lat' dir='ltr'><strong>fu</strong></span> <span class='ocrx_word' id='word_1_207' title='bbox 645 1824 771 1867; x_wconf 88' lang='lat' dir='ltr'><strong>detto</strong></span> <span class='ocrx_word' id='word_1_208' title='bbox 793 1823 866 1867; x_wconf 91' lang='lat' dir='ltr'><strong>alli</strong></span> <span class='ocrx_word' id='word_1_209' title='bbox 888 1822 992 1868; x_wconf 88' lang='lat' dir='ltr'><strong>miei</strong></span> <span class='ocrx_word' id='word_1_210' title='bbox 1015 1824 1256 1881; x_wconf 88' lang='lat' dir='ltr'><strong>compagni</strong></span> <span class='ocrx_word' id='word_1_211' title='bbox 1276 1823 1321 1878; x_wconf 72' lang='lat' dir='ltr'><strong>d,</strong></span> <span class='ocrx_word' id='word_1_212' title='bbox 1347 1832 1392 1869; x_wconf 88' lang='lat' dir='ltr'><strong>et</strong></span> <span class='ocrx_word' id='word_1_213' title='bbox 1420 1825 1581 1869; x_wconf 92' lang='lat' dir='ltr'><strong>adesso</strong></span> <span class='ocrx_word' id='word_1_214' title='bbox 1608 1825 1652 1868; x_wconf 92' lang='lat' dir='ltr'><strong>lo</strong></span> <span class='ocrx_word' id='word_1_215' title='bbox 1681 1824 1844 1868; x_wconf 91' lang='lat' dir='ltr'><strong>dicono</strong></span> <span class='ocrx_word' id='word_1_216' title='bbox 1866 1840 1947 1869; x_wconf 88' lang='lat' dir='ltr'><strong>an-</strong></span> 
     </span>
     <span class='ocr_line' id='line_1_22' title="bbox 311 1900 1948 1959; baseline -0.001 -13"><span class='ocrx_word' id='word_1_217' title='bbox 311 1905 466 1956; x_wconf 86' lang='lat' dir='ltr'><strong>chora,</strong></span> <span class='ocrx_word' id='word_1_218' title='bbox 488 1901 685 1947; x_wconf 91' lang='lat' dir='ltr'><strong>secondo</strong></span> <span class='ocrx_word' id='word_1_219' title='bbox 702 1900 764 1943; x_wconf 91' lang='lat' dir='ltr'><strong>mi</strong></span> <span class='ocrx_word' id='word_1_220' title='bbox 780 1900 880 1943; x_wconf 93' lang='lat' dir='ltr'><strong>dice</strong></span> <span class='ocrx_word' id='word_1_221' title='bbox 898 1902 1031 1944; x_wconf 91' lang='lat' dir='ltr'><strong>Mtro.</strong></span> <span class='ocrx_word' id='word_1_222' title='bbox 1050 1900 1267 1944; x_wconf 89' lang='lat' dir='ltr'><strong>Antonio:</strong></span> <span class='ocrx_word' id='word_1_223' title='bbox 1282 1915 1436 1944; x_wconf 85' lang='lat' dir='ltr'><strong>omnes</strong></span> <span class='ocrx_word' id='word_1_224' title='bbox 1446 1902 1649 1959; x_wconf 83' lang='lat' dir='ltr'><strong>Jesuitae</strong></span> <span class='ocrx_word' id='word_1_225' title='bbox 1666 1902 1948 1958; x_wconf 79' lang='lat' dir='ltr'><strong>interficien-</strong></span> 
     </span>
     <span class='ocr_line' id='line_1_23' title="bbox 311 1978 1949 2035; baseline 0 -13"><span class='ocrx_word' id='word_1_226' title='bbox 311 1983 391 2022; x_wconf 69' lang='lat' dir='ltr'><strong>tur</strong></span> <span class='ocrx_word' id='word_1_227' title='bbox 408 1994 494 2022; x_wconf 83' lang='lat' dir='ltr'><strong>vno</strong></span> <span class='ocrx_word' id='word_1_228' title='bbox 510 1979 595 2032; x_wconf 87' lang='lat' dir='ltr'><strong>die,</strong></span> <span class='ocrx_word' id='word_1_229' title='bbox 613 1978 989 2035; x_wconf 81' lang='lat' dir='ltr'><strong>quemadmodum</strong></span> <span class='ocrx_word' id='word_1_230' title='bbox 1006 1979 1250 2035; x_wconf 57' lang='lat' dir='ltr'><strong>templarii}</strong></span> <span class='ocrx_word' id='word_1_231' title='bbox 1269 1979 1371 2034; x_wconf 90' lang='lat' dir='ltr'><strong>quel</strong></span> <span class='ocrx_word' id='word_1_232' title='bbox 1394 1980 1478 2022; x_wconf 89' lang='lat' dir='ltr'><strong>che</strong></span> <span class='ocrx_word' id='word_1_233' title='bbox 1494 1993 1631 2035; x_wconf 91' lang='lat' dir='ltr'><strong>posso</strong></span> <span class='ocrx_word' id='word_1_234' title='bbox 1653 1978 1750 2023; x_wconf 90' lang='lat' dir='ltr'><strong>dire</strong></span> <span class='ocrx_word' id='word_1_235' title='bbox 1765 1993 1859 2022; x_wconf 93' lang='lat' dir='ltr'><strong>non</strong></span> <span class='ocrx_word' id='word_1_236' title='bbox 1875 1993 1949 2022; x_wconf 88' lang='lat' dir='ltr'><strong>es-</strong></span> 
     </span>
     <span class='ocr_line' id='line_1_24' title="bbox 312 2054 1952 2112; baseline 0 -13"><span class='ocrx_word' id='word_1_237' title='bbox 312 2056 449 2101; x_wconf 89' lang='lat' dir='ltr'><strong>sermi</strong></span> <span class='ocrx_word' id='word_1_238' title='bbox 472 2055 600 2112; x_wconf 88' lang='lat' dir='ltr'><strong>quasi</strong></span> <span class='ocrx_word' id='word_1_239' title='bbox 623 2054 711 2098; x_wconf 90' lang='lat' dir='ltr'><strong>mai</strong></span> <span class='ocrx_word' id='word_1_240' title='bbox 732 2054 973 2108; x_wconf 88' lang='lat' dir='ltr'><strong>ricordato,</strong></span> <span class='ocrx_word' id='word_1_241' title='bbox 999 2069 1047 2098; x_wconf 92' lang='lat' dir='ltr'><strong>se</strong></span> <span class='ocrx_word' id='word_1_242' title='bbox 1069 2069 1160 2098; x_wconf 91' lang='lat' dir='ltr'><strong>non</strong></span> <span class='ocrx_word' id='word_1_243' title='bbox 1181 2056 1342 2100; x_wconf 85' lang='lat' dir='ltr'><strong>adesso</strong></span> <span class='ocrx_word' id='word_1_244' title='bbox 1363 2070 1444 2112; x_wconf 93' lang='lat' dir='ltr'><strong>per</strong></span> <span class='ocrx_word' id='word_1_245' title='bbox 1466 2062 1625 2112; x_wconf 90' lang='lat' dir='ltr'><strong>questa</strong></span> <span class='ocrx_word' id='word_1_246' title='bbox 1646 2055 1884 2101; x_wconf 90' lang='lat' dir='ltr'><strong>occasione</strong></span> <span class='ocrx_word' id='word_1_247' title='bbox 1906 2055 1952 2099; x_wconf 90' lang='lat' dir='ltr'><strong>di</strong></span> 
     </span>
     <span class='ocr_line' id='line_1_25' title="bbox 311 2131 1952 2190; baseline -0.001 -14"><span class='ocrx_word' id='word_1_248' title='bbox 311 2133 502 2178; x_wconf 87' lang='lat' dir='ltr'><strong>scriuer.</strong></span> <span class='ocrx_word' id='word_1_249' title='bbox 536 2133 598 2177; x_wconf 91' lang='lat' dir='ltr'><strong>Sa</strong></span> <span class='ocrx_word' id='word_1_250' title='bbox 630 2133 674 2175; x_wconf 91' lang='lat' dir='ltr'><strong>la</strong></span> <span class='ocrx_word' id='word_1_251' title='bbox 701 2133 755 2175; x_wconf 91' lang='lat' dir='ltr'><strong>P.</strong></span> <span class='ocrx_word' id='word_1_252' title='bbox 787 2131 845 2174; x_wconf 95' lang='lat' dir='ltr'><strong>V.</strong></span> <span class='ocrx_word' id='word_1_253' title='bbox 878 2146 958 2188; x_wconf 90' lang='lat' dir='ltr'><strong>per</strong></span> <span class='ocrx_word' id='word_1_254' title='bbox 983 2132 1014 2174; x_wconf 89' lang='lat' dir='ltr'><strong>li</strong></span> <span class='ocrx_word' id='word_1_255' title='bbox 1048 2132 1190 2176; x_wconf 90' lang='lat' dir='ltr'><strong>nostri</strong></span> <span class='ocrx_word' id='word_1_256' title='bbox 1222 2132 1446 2190; x_wconf 84' lang='lat' dir='ltr'><strong>priuilegij</strong></span> <span class='ocrx_word' id='word_1_257' title='bbox 1477 2140 1522 2176; x_wconf 90' lang='lat' dir='ltr'><strong>et</strong></span> <span class='ocrx_word' id='word_1_258' title='bbox 1550 2134 1670 2178; x_wconf 93' lang='lat' dir='ltr'><strong>bolle</strong></span> <span class='ocrx_word' id='word_1_259' title='bbox 1700 2134 1757 2177; x_wconf 87' lang='lat' dir='ltr'><strong>de</strong></span> <span class='ocrx_word' id='word_1_260' title='bbox 1788 2133 1952 2177; x_wconf 90' lang='lat' dir='ltr'><strong>summi</strong></span> 
     </span>
    </p>
   </div>
   <div class='ocr_carea' id='block_1_5' title="bbox 314 2208 2013 2266">
    <p class='ocr_par' dir='ltr' id='par_1_5' title="bbox 314 2208 2013 2266">
     <span class='ocr_line' id='line_1_26' title="bbox 314 2208 2013 2266; baseline 0.002 -14"><span class='ocrx_word' id='word_1_261' title='bbox 314 2209 532 2266; x_wconf 90' lang='lat' dir='ltr'><strong>pontifici,</strong></span> <span class='ocrx_word' id='word_1_262' title='bbox 555 2209 875 2266; x_wconf 87' lang='lat' dir='ltr'><strong>specialmente</strong></span> <span class='ocrx_word' id='word_1_263' title='bbox 890 2216 907 2236; x_wconf 69' lang='lat' dir='ltr'>e</span> <span class='ocrx_word' id='word_1_264' title='bbox 924 2208 969 2252; x_wconf 92' lang='lat' dir='ltr'><strong>di</strong></span> <span class='ocrx_word' id='word_1_265' title='bbox 992 2210 1132 2253; x_wconf 88' lang='lat' dir='ltr'><strong>Paolo</strong></span> <span class='ocrx_word' id='word_1_266' title='bbox 1151 2210 1235 2265; x_wconf 90' lang='lat'><strong>3.⁰,</strong></span> <span class='ocrx_word' id='word_1_267' title='bbox 1256 2212 1339 2254; x_wconf 92' lang='lat' dir='ltr'><strong>che</strong></span> <span class='ocrx_word' id='word_1_268' title='bbox 1357 2225 1447 2253; x_wconf 92' lang='lat' dir='ltr'><strong>non</strong></span> <span class='ocrx_word' id='word_1_269' title='bbox 1465 2210 1687 2255; x_wconf 88' lang='lat' dir='ltr'><strong>conuiene</strong></span> <span class='ocrx_word' id='word_1_270' title='bbox 1708 2211 1793 2255; x_wconf 90' lang='lat' dir='ltr'><strong>alla</strong></span> <span class='ocrx_word' id='word_1_271' title='bbox 1811 2211 1949 2255; x_wconf 88' lang='lat' dir='ltr'><strong>Com·</strong></span> <span class='ocrx_word' id='word_1_272' title='bbox 2007 2241 2013 2246; x_wconf 93' lang='lat'><em>-</em></span> 
     </span>
    </p>
   </div>
   <div class='ocr_carea' id='block_1_6' title="bbox 306 2285 1952 2883">
    <p class='ocr_par' dir='ltr' id='par_1_6' title="bbox 306 2285 1952 2650">
     <span class='ocr_line' id='line_1_27' title="bbox 315 2285 1952 2344; baseline 0 -14"><span class='ocrx_word' id='word_1_273' title='bbox 315 2286 483 2343; x_wconf 84' lang='lat' dir='ltr'><strong>pagnia</strong></span> <span class='ocrx_word' id='word_1_274' title='bbox 518 2285 799 2343; x_wconf 88' lang='lat' dir='ltr'><strong>impacciarsi</strong></span> <span class='ocrx_word' id='word_1_275' title='bbox 835 2285 882 2328; x_wconf 91' lang='lat' dir='ltr'><strong>in</strong></span> <span class='ocrx_word' id='word_1_276' title='bbox 919 2301 1024 2329; x_wconf 88' lang='lat' dir='ltr'><strong>cosa</strong></span> <span class='ocrx_word' id='word_1_277' title='bbox 1059 2287 1116 2331; x_wconf 89' lang='lat' dir='ltr'><strong>de</strong></span> <span class='ocrx_word' id='word_1_278' title='bbox 1146 2286 1449 2341; x_wconf 89' lang='lat' dir='ltr'><strong>iurisditione,</strong></span> <span class='ocrx_word' id='word_1_279' title='bbox 1480 2287 1801 2343; x_wconf 86' lang='lat' dir='ltr'><strong>specialmente</strong></span> <span class='ocrx_word' id='word_1_280' title='bbox 1837 2302 1952 2344; x_wconf 83' lang='lat' dir='ltr'><strong>quae</strong></span> 
     </span>
     <span class='ocr_line' id='line_1_28' title="bbox 306 2362 1949 2421; baseline 0.002 -15"><span class='ocrx_word' id='word_1_281' title='bbox 306 2365 454 2419; x_wconf 74' lang='lat' dir='ltr'><strong>possit</strong></span> <span class='ocrx_word' id='word_1_282' title='bbox 484 2364 678 2406; x_wconf 75' lang='lat' dir='ltr'><strong>attinere</strong></span> <span class='ocrx_word' id='word_1_283' title='bbox 699 2362 759 2405; x_wconf 85' lang='lat' dir='ltr'><strong>ad</strong></span> <span class='ocrx_word' id='word_1_284' title='bbox 785 2363 1146 2418; x_wconf 79' lang='lat' dir='ltr'><strong>inquisitionem,</strong></span> <span class='ocrx_word' id='word_1_285' title='bbox 1169 2371 1214 2409; x_wconf 91' lang='lat' dir='ltr'><strong>et</strong></span> <span class='ocrx_word' id='word_1_286' title='bbox 1236 2379 1343 2420; x_wconf 91' lang='lat' dir='ltr'><strong>pare</strong></span> <span class='ocrx_word' id='word_1_287' title='bbox 1371 2366 1456 2408; x_wconf 90' lang='lat' dir='ltr'><strong>che</strong></span> <span class='ocrx_word' id='word_1_288' title='bbox 1485 2372 1645 2421; x_wconf 90' lang='lat' dir='ltr'><strong>questo</strong></span> <span class='ocrx_word' id='word_1_289' title='bbox 1673 2365 1718 2407; x_wconf 93' lang='lat' dir='ltr'><strong>di</strong></span> <span class='ocrx_word' id='word_1_290' title='bbox 1747 2366 1828 2408; x_wconf 87' lang='lat' dir='ltr'><strong>far’</strong></span> <span class='ocrx_word' id='word_1_291' title='bbox 1855 2365 1949 2410; x_wconf 86' lang='lat' dir='ltr'><strong>fare</strong></span> 
     </span>
     <span class='ocr_line' id='line_1_29' title="bbox 315 2438 1944 2503; baseline 0.001 -21"><span class='ocrx_word' id='word_1_292' title='bbox 315 2439 632 2496; x_wconf 84' lang='lat' dir='ltr'><strong>abgiuratione</strong></span> <span class='ocrx_word' id='word_1_293' title='bbox 653 2438 842 2482; x_wconf 90' lang='lat' dir='ltr'><strong>iuridica</strong></span> <span class='ocrx_word' id='word_1_294' title='bbox 863 2440 913 2482; x_wconf 90' lang='lat' dir='ltr'><strong>in</strong></span> <span class='ocrx_word' id='word_1_295' title='bbox 927 2441 1041 2498; x_wconf 72' lang='lat' dir='ltr'><strong>foro</strong></span> <span class='ocrx_word' id='word_1_296' title='bbox 1058 2442 1289 2494; x_wconf 68' lang='lat' dir='ltr'><strong>exteriori,</strong></span> <span class='ocrx_word' id='word_1_297' title='bbox 1307 2448 1352 2484; x_wconf 91' lang='lat' dir='ltr'><strong>et</strong></span> <span class='ocrx_word' id='word_1_298' title='bbox 1369 2455 1459 2484; x_wconf 93' lang='lat' dir='ltr'><strong>non</strong></span> <span class='ocrx_word' id='word_1_299' title='bbox 1477 2442 1692 2485; x_wconf 88' lang='lat' dir='ltr'><strong>assoluer’</strong></span> <span class='ocrx_word' id='word_1_300' title='bbox 1713 2442 1744 2484; x_wconf 92' lang='lat' dir='ltr'><strong>li</strong></span> <span class='ocrx_word' id='word_1_301' title='bbox 1765 2441 1944 2503; x_wconf 76' lang='lat' dir='ltr'><strong>relapsi,</strong></span> 
     </span>
     <span class='ocr_line' id='line_1_30' title="bbox 312 2515 1945 2573; baseline 0.001 -14"><span class='ocrx_word' id='word_1_302' title='bbox 312 2516 353 2559; x_wconf 84' lang='lat' dir='ltr'><strong>si</strong></span> <span class='ocrx_word' id='word_1_303' title='bbox 390 2517 481 2573; x_wconf 84' lang='lat' dir='ltr'><strong>puo</strong></span> <span class='ocrx_word' id='word_1_304' title='bbox 517 2515 799 2573; x_wconf 90' lang='lat' dir='ltr'><strong>interpretar&#39;</strong></span> <span class='ocrx_word' id='word_1_305' title='bbox 830 2517 1023 2560; x_wconf 72' lang='lat' dir='ltr'><strong>attinere</strong></span> <span class='ocrx_word' id='word_1_306' title='bbox 1050 2518 1110 2560; x_wconf 81' lang='lat' dir='ltr'><strong>ad</strong></span> <span class='ocrx_word' id='word_1_307' title='bbox 1142 2518 1502 2561; x_wconf 78' lang='lat' dir='ltr'><strong>iurisdictionem</strong></span> <span class='ocrx_word' id='word_1_308' title='bbox 1535 2519 1670 2561; x_wconf 82' lang='lat' dir='ltr'><strong>etiam</strong></span> <span class='ocrx_word' id='word_1_309' title='bbox 1707 2521 1945 2561; x_wconf 77' lang='lat' dir='ltr'><strong>externam</strong></span> 
     </span>
     <span class='ocr_line' id='line_1_31' title="bbox 314 2594 642 2650; baseline 0.003 -15"><span class='ocrx_word' id='word_1_310' title='bbox 314 2594 642 2650; x_wconf 77' lang='lat' dir='ltr'><strong>inquisitionis.</strong></span> 
     </span>
    </p>

    <p class='ocr_par' dir='ltr' id='par_1_7' title="bbox 314 2670 1950 2883">
     <span class='ocr_line' id='line_1_32' title="bbox 408 2670 1947 2730; baseline 0.002 -17"><span class='ocrx_word' id='word_1_311' title='bbox 408 2684 448 2725; x_wconf 87' lang='lat'><strong>3.</strong></span> <span class='ocrx_word' id='word_1_312' title='bbox 514 2672 690 2727; x_wconf 77' lang='lat' dir='ltr'><strong>Queste</strong></span> <span class='ocrx_word' id='word_1_313' title='bbox 711 2670 919 2727; x_wconf 84' lang='lat' dir='ltr'><strong>raggioni</strong></span> <span class='ocrx_word' id='word_1_314' title='bbox 942 2672 1001 2714; x_wconf 90' lang='lat' dir='ltr'><strong>mi</strong></span> <span class='ocrx_word' id='word_1_315' title='bbox 1023 2674 1048 2716; x_wconf 80' lang='lat' dir='ltr'><strong>e</strong></span> <span class='ocrx_word' id='word_1_316' title='bbox 1064 2688 1197 2730; x_wconf 87' lang='lat' dir='ltr'><strong>parso</strong></span> <span class='ocrx_word' id='word_1_317' title='bbox 1219 2673 1405 2716; x_wconf 87' lang='lat' dir='ltr'><strong>scriuer’</strong></span> <span class='ocrx_word' id='word_1_318' title='bbox 1426 2688 1506 2729; x_wconf 90' lang='lat' dir='ltr'><strong>per</strong></span> <span class='ocrx_word' id='word_1_319' title='bbox 1523 2673 1627 2728; x_wconf 88' lang='lat' dir='ltr'><strong>quel</strong></span> <span class='ocrx_word' id='word_1_320' title='bbox 1642 2687 1758 2729; x_wconf 91' lang='lat' dir='ltr'><strong>poco</strong></span> <span class='ocrx_word' id='word_1_321' title='bbox 1775 2673 1832 2717; x_wconf 92' lang='lat' dir='ltr'><strong>de</strong></span> <span class='ocrx_word' id='word_1_322' title='bbox 1848 2673 1947 2717; x_wconf 90' lang='lat' dir='ltr'><strong>zelo</strong></span> 
     </span>
     <span class='ocr_line' id='line_1_33' title="bbox 314 2746 1942 2806; baseline 0.002 -17"><span class='ocrx_word' id='word_1_323' title='bbox 314 2748 401 2790; x_wconf 89' lang='lat' dir='ltr'><strong>che</strong></span> <span class='ocrx_word' id='word_1_324' title='bbox 423 2747 454 2789; x_wconf 91' lang='lat' dir='ltr'><strong>il</strong></span> <span class='ocrx_word' id='word_1_325' title='bbox 475 2747 669 2804; x_wconf 85' lang='lat' dir='ltr'><strong>Signore</strong></span> <span class='ocrx_word' id='word_1_326' title='bbox 689 2746 751 2789; x_wconf 91' lang='lat' dir='ltr'><strong>mi</strong></span> <span class='ocrx_word' id='word_1_327' title='bbox 771 2747 829 2790; x_wconf 80' lang='lat' dir='ltr'><strong>da</strong></span> <span class='ocrx_word' id='word_1_328' title='bbox 850 2748 966 2792; x_wconf 90' lang='lat' dir='ltr'><strong>della</strong></span> <span class='ocrx_word' id='word_1_329' title='bbox 988 2750 1132 2793; x_wconf 84' lang='lat' dir='ltr'><strong>salute</strong></span> <span class='ocrx_word' id='word_1_330' title='bbox 1154 2749 1199 2792; x_wconf 91' lang='lat' dir='ltr'><strong>di</strong></span> <span class='ocrx_word' id='word_1_331' title='bbox 1221 2756 1381 2805; x_wconf 90' lang='lat' dir='ltr'><strong>queste</strong></span> <span class='ocrx_word' id='word_1_332' title='bbox 1403 2748 1574 2792; x_wconf 86' lang='lat' dir='ltr'><strong>nationi</strong></span> <span class='ocrx_word' id='word_1_333' title='bbox 1606 2756 1732 2793; x_wconf 87' lang='lat' dir='ltr'><strong>tanto</strong></span> <span class='ocrx_word' id='word_1_334' title='bbox 1761 2749 1942 2806; x_wconf 85' lang='lat' dir='ltr'><strong>grandi,</strong></span> 
     </span>
     <span class='ocr_line' id='line_1_34' title="bbox 314 2823 1950 2883; baseline 0.002 -18"><span class='ocrx_word' id='word_1_335' title='bbox 314 2830 362 2866; x_wconf 87' lang='lat' dir='ltr'><strong>et</strong></span> <span class='ocrx_word' id='word_1_336' title='bbox 381 2830 505 2867; x_wconf 87' lang='lat' dir='ltr'><strong>tanto</strong></span> <span class='ocrx_word' id='word_1_337' title='bbox 523 2823 699 2877; x_wconf 89' lang='lat' dir='ltr'><strong>misere,</strong></span> <span class='ocrx_word' id='word_1_338' title='bbox 712 2829 757 2867; x_wconf 91' lang='lat' dir='ltr'><strong>et</strong></span> <span class='ocrx_word' id='word_1_339' title='bbox 773 2838 909 2868; x_wconf 85' lang='lat' dir='ltr'><strong>senza</strong></span> <span class='ocrx_word' id='word_1_340' title='bbox 926 2825 1113 2869; x_wconf 90' lang='lat' dir='ltr'><strong>rimedio</strong></span> <span class='ocrx_word' id='word_1_341' title='bbox 1129 2828 1344 2880; x_wconf 91' lang='lat' dir='ltr'><strong>humano;</strong></span> <span class='ocrx_word' id='word_1_342' title='bbox 1366 2833 1410 2871; x_wconf 93' lang='lat' dir='ltr'><strong>et</strong></span> <span class='ocrx_word' id='word_1_343' title='bbox 1427 2840 1519 2869; x_wconf 92' lang='lat' dir='ltr'><strong>non</strong></span> <span class='ocrx_word' id='word_1_344' title='bbox 1536 2840 1647 2869; x_wconf 92' lang='lat' dir='ltr'><strong>sono</strong></span> <span class='ocrx_word' id='word_1_345' title='bbox 1666 2833 1784 2871; x_wconf 90' lang='lat' dir='ltr'><strong>tutte</strong></span> <span class='ocrx_word' id='word_1_346' title='bbox 1801 2826 1950 2883; x_wconf 92' lang='lat' dir='ltr'><strong>quelle</strong></span> 
     </span>
    </p>
   </div>
   <div class='ocr_carea' id='block_1_7' title="bbox 317 2946 1953 3124">
    <p class='ocr_par' dir='ltr' id='par_1_8' title="bbox 317 2946 1953 3124">
     <span class='ocr_line' id='line_1_35' title="bbox 389 2946 1953 2999; baseline 0.003 -17"><span class='ocrx_word' id='word_1_347' title='bbox 389 2953 409 2974; x_wconf 76' lang='lat' dir='ltr'><strong>a</strong></span> <span class='ocrx_word' id='word_1_348' title='bbox 449 2947 632 2994; x_wconf 90' lang='lat' dir='ltr'><strong>Sequitur</strong></span> <span class='ocrx_word' id='word_1_349' title='bbox 649 2948 715 2983; x_wconf 85' lang='lat' dir='ltr'><strong>che</strong></span> <span class='ocrx_word' id='word_1_350' title='bbox 731 2947 801 2982; x_wconf 85' lang='lat' dir='ltr'><strong>noi</strong></span> <span class='ocrx_word' id='word_1_351' title='bbox 818 2946 1066 2984; x_wconf 88' lang='lat' dir='ltr'><strong>obliteratum</strong></span> <span class='ocrx_word' id='word_1_352' title='bbox 1085 2961 1106 2985; x_wconf 91' lang='lat' dir='ltr'><strong>a</strong></span> <span class='ocrx_word' id='word_1_353' title='bbox 1124 2950 1291 2987; x_wconf 83' lang='lat' dir='ltr'><strong>libr.—b</strong></span> <span class='ocrx_word' id='word_1_354' title='bbox 1311 2951 1398 2986; x_wconf 93' lang='lat' dir='ltr'><strong>Hoc</strong></span> <span class='ocrx_word' id='word_1_355' title='bbox 1415 2951 1530 2987; x_wconf 90' lang='lat' dir='ltr'><strong>verb.</strong></span> <span class='ocrx_word' id='word_1_356' title='bbox 1554 2950 1702 2986; x_wconf 85' lang='lat' dir='ltr'><strong>addidit</strong></span> <span class='ocrx_word' id='word_1_357' title='bbox 1720 2950 1812 2987; x_wconf 86' lang='lat' dir='ltr'><strong>libr.</strong></span> <span class='ocrx_word' id='word_1_358' title='bbox 1836 2963 1953 2999; x_wconf 88' lang='lat' dir='ltr'><strong>supra</strong></span> 
     </span>
     <span class='ocr_line' id='line_1_36' title="bbox 317 3006 1946 3058; baseline 0.005 -19"><span class='ocrx_word' id='word_1_359' title='bbox 317 3012 500 3040; x_wconf 82' lang='lat' dir='ltr'><strong>vers.—c</strong></span> <span class='ocrx_word' id='word_1_360' title='bbox 524 3006 609 3041; x_wconf 92' lang='lat' dir='ltr'><strong>Hoc</strong></span> <span class='ocrx_word' id='word_1_361' title='bbox 633 3006 741 3042; x_wconf 84' lang='lat' dir='ltr'><strong>verb.</strong></span> <span class='ocrx_word' id='word_1_362' title='bbox 769 3010 808 3041; x_wconf 91' lang='lat' dir='ltr'><strong>et</strong></span> <span class='ocrx_word' id='word_1_363' title='bbox 832 3017 1000 3053; x_wconf 85' lang='lat' dir='ltr'><strong>sequens</strong></span> <span class='ocrx_word' id='word_1_364' title='bbox 1024 3008 1171 3045; x_wconf 87' lang='lat' dir='ltr'><strong>refecta</strong></span> <span class='ocrx_word' id='word_1_365' title='bbox 1189 3014 1279 3045; x_wconf 88' lang='lat' dir='ltr'><strong>sunt</strong></span> <span class='ocrx_word' id='word_1_366' title='bbox 1297 3021 1318 3045; x_wconf 93' lang='lat' dir='ltr'><strong>a</strong></span> <span class='ocrx_word' id='word_1_367' title='bbox 1335 3010 1599 3046; x_wconf 82' lang='lat' dir='ltr'><strong>Polaneo.-‹1</strong></span> <span class='ocrx_word' id='word_1_368' title='bbox 1622 3019 1675 3050; x_wconf 33' lang='lat'><strong>¹10</strong></span> <span class='ocrx_word' id='word_1_369' title='bbox 1693 3011 1807 3047; x_wconf 89' lang='lat' dir='ltr'><strong>verb.</strong></span> <span class='ocrx_word' id='word_1_370' title='bbox 1831 3022 1946 3058; x_wconf 86' lang='lat' dir='ltr'><strong>seqq.</strong></span> 
     </span>
     <span class='ocr_line' id='line_1_37' title="bbox 317 3061 1590 3124; baseline 0.006 -26"><span class='ocrx_word' id='word_1_371' title='bbox 317 3061 360 3098; x_wconf 90' lang='lat' dir='ltr'><strong>in</strong></span> <span class='ocrx_word' id='word_1_372' title='bbox 379 3075 504 3110; x_wconf 85' lang='lat' dir='ltr'><strong>marg.</strong></span> <span class='ocrx_word' id='word_1_373' title='bbox 527 3064 675 3101; x_wconf 92' lang='lat' dir='ltr'><strong>addidit</strong></span> <span class='ocrx_word' id='word_1_374' title='bbox 698 3064 856 3101; x_wconf 86' lang='lat' dir='ltr'><strong>libr.-e</strong></span> <span class='ocrx_word' id='word_1_375' title='bbox 873 3067 958 3102; x_wconf 92' lang='lat' dir='ltr'><strong>Hoc</strong></span> <span class='ocrx_word' id='word_1_376' title='bbox 982 3069 1097 3105; x_wconf 89' lang='lat' dir='ltr'><strong>verb.</strong></span> <span class='ocrx_word' id='word_1_377' title='bbox 1126 3068 1166 3104; x_wconf 92' lang='lat' dir='ltr'><strong>in</strong></span> <span class='ocrx_word' id='word_1_378' title='bbox 1185 3080 1310 3115; x_wconf 90' lang='lat' dir='ltr'><strong>marg.</strong></span> <span class='ocrx_word' id='word_1_379' title='bbox 1334 3069 1483 3124; x_wconf 82' lang='lat' dir='ltr'><strong>addidit</strong></span> <span class='ocrx_word' id='word_1_380' title='bbox 1499 3069 1590 3107; x_wconf 88' lang='lat' dir='ltr'><strong>libr.</strong></span> 
     </span>
    </p>
   </div>
  </div>
 </body>
</html>
