2228 3548
957 281 1178 319 Appssnmx
1769 279 1843 317 823

954 473 1192 517 LXXXVI

671 569 716 604 P.
742 568 1062 605 EVERARDUS
1087 567 1470 606 MERCURIANUS

779 665 919 696 PATRI
955 664 1112 696 PAULO
1141 665 1237 695 HOF
1240 666 1266 695 F
1269 665 1365 696 AEO

717 748 909 801 Romae,
940 747 990 811 ,¹8
1014 745 1228 790 Octobris
1256 757 1367 801 1574
1389 748 1418 790 ¹.

335 835 396 872 De
410 836 546 884 glossa
565 835 705 870 Patris
723 835 780 871 Sa
796 835 840 871 iu
858 834 1089 882 evangelia:
1105 835 1305 880 quaedam
1323 834 1456 882 officia
1469 815 1682 872 charitatis
1699 847 1799 884 erga

701 895 751 931 P.
771 894 960 930 Natalem
973 893 1154 941 Hoffaeo
1167 896 1431 931 commendat.

420 981 556 1037 Quod
579 980 636 1023 ad
660 978 873 1022 uiaticum
896 979 948 1022 P.
967 977 1142 1022 Natalis
1162 978 1340 1030 attinet,
1361 977 1447 1023 erit
1464 978 1571 1022 mihi
1594 987 1875 1036 pergratum,

251 1047 302 1082 ut
324 1039 421 1095 ipse
440 1039 665 1094 intelligat
686 1040 814 1082 Tuae
836 1039 940 1082 R.ae
964 1037 1072 1080 hinc
1099 1051 1199 1081 esse
1227 1037 1526 1081 satisfactum.
1554 1039 1691 1094 Quod
1723 1046 1771 1082 ut
1800 1040 1879 1083 fiat

254 1098 502 1151 curabitur,
535 1097 796 1155 praesertim
829 1111 918 1153 qua
948 1111 1007 1141 ex
1036 1104 1164 1154 parte
1193 1095 1454 1153 poterimus.
1489 1098 1581 1142 Sed
1612 1098 1795 1154 expedit
1828 1105 1880 1142 ut

255 1157 438 1201 omnino
459 1157 680 1214 intelligat
701 1157 849 1200 bonus
869 1170 1009 1200 senex
1029 1155 1140 1198 nihil
1157 1170 1236 1212 per
1257 1156 1380 1199 illum
1403 1157 1460 1199 ad
1478 1164 1674 1200 uestram
1694 1156 1880 1213 prouin-

253 1217 367 1260 ciam
389 1216 633 1262 accessisse
649 1215 942 1269 incommodi,
966 1229 1070 1259 cum
1097 1215 1295 1271 alioquin
1317 1214 1394 1271 qui
1423 1216 1593 1259 tamdiu
1615 1231 1743 1260 suam
1766 1231 1881 1273 ope-

254 1291 348 1320 ram
362 1275 578 1321 Societati
595 1275 787 1320 fideliter
799 1274 1022 1331 praestitit
1038 1282 1084 1318 et
1099 1273 1358 1331 diligenter,
1373 1275 1430 1319 de
1446 1275 1657 1319 omnibus
1675 1290 1728 1319 ac
1746 1290 1877 1332 prae—

252 1335 408 1380 sertim
430 1336 488 1380 de
507 1341 661 1379 uestra
681 1333 928 1379 Germania
948 1333 1007 1378 sit
1030 1333 1200 1391 optime
1228 1333 1433 1377 meritus.

341 1397 394 1438 P.
421 1395 687 1438 Emmanuel
707 1394 797 1439 Saa
817 1393 996 1449 scripsit
1018 1394 1216 1449 glossam
1244 1394 1487 1448 quamdam
1510 1392 1556 1436 in
1584 1393 1876 1451 euangelium

250 1453 359 1497 satis
381 1453 573 1506 erudite,
599 1467 715 1508 quae
735 1452 843 1496 item
866 1452 938 1496 his
961 1451 1188 1509 theologis
1209 1453 1504 1508 probabatur.
1526 1454 1695 1498 Deerat
1714 1468 1875 1507 unum,

250 1514 371 1568 quod
387 1527 476 1570 ego
492 1512 684 1569 amplius
700 1512 757 1555 ad
774 1511 894 1555 illam
911 1511 1213 1556 adiiciendum
1227 1519 1248 1540 ⁸
1262 1511 1498 1568 cupiebam
1517 1512 1663 1568 plane,
1685 1519 1735 1555 ut
1751 1513 1875 1556 loco-

250 1586 350 1615 rum
371 1571 780 1628 interpretationes,
805 1585 918 1626 quas
938 1570 1036 1627 ipse
1055 1585 1111 1614 ex
1141 1569 1352 1614 Patribus
1383 1571 1581 1626 antiquis
1609 1571 1792 1628 selegit,
1818 1573 1878 1615 ad

249 1631 466 1687 origines,
491 1631 589 1675 siue
610 1631 667 1674 ad
689 1630 887 1686 ipsorum
918 1631 1104 1674 Patrum
1135 1630 1235 1673 loca
1266 1636 1608 1683 reuocarentur,
1632 1632 1753 1685 quod
1782 1632 1875 1674 for-

251 1697 372 1735 tasse
393 1698 550 1747 postea
570 1689 691 1733 fecit.
713 1689 874 1734 Scribo
898 1690 950 1734 P.
973 1688 1140 1742 Natali,
1161 1697 1210 1732 ut
1231 1688 1395 1734 librum
1417 1697 1545 1734 curet
1567 1689 1715 1732 isthuc
1737 1689 1870 1744 mitti,

252 1746 329 1805 qui
350 1763 454 1792 curn
477 1750 638 1793 allatus
661 1748 813 1801 fuerit,
836 1762 1016 1804 operam
1039 1749 1139 1792 Tua
1159 1749 1240 1792 R.³
1266 1748 1389 1792 dabit
1415 1756 1464 1791 ut
1485 1748 1557 1791 isti
1581 1749 1780 1805 theologi
1802 1748 1871 1792 iu-

251 1808 403 1852 dicent
423 1824 481 1852 an
501 1808 653 1866 praelo
674 1808 920 1851 tradendus
940 1807 1013 1851 sit.

339 1868 498 1913 Scribo
524 1868 632 1911 item
661 1866 823 1910 rectori
851 1866 1025 1910 halensi
1055 1872 1318 1911 contentum
1349 1880 1448 1910 esse
1479 1881 1551 1911 me
1582 1873 1633 1909 ut
1664 1865 1759 1922 ipse
1791 1881 1871 1923 pro

251 1927 388 1972 Patre
409 1927 559 1971 Natali
582 1927 798 1983 spondeat
820 1925 953 1969 alicui
976 1925 1263 1982 bibliopolae,
1282 1941 1308 1970 a
1325 1940 1415 1982 quo
1432 1933 1612 1969 centum
1630 1939 1870 1969 aureorum

248 2000 426 2030 summa
447 1986 588 2043 possit
608 1986 726 2029 idem
749 1987 801 2028 P.
826 1984 1000 2028 Natalis
1019 1984 1158 2028 libros
1184 1985 1241 2028 ad
1267 1998 1351 2030 sua
1376 1984 1528 2028 studia
1548 1988 1768 2028 coemere.
1793 1986 1870 2028 In-

248 2045 378 2088 terim
401 2045 476 2090 ille
496 2046 644 2088 bonus
667 2045 801 2089 Pater
822 2044 1014 2097 curabit,
1038 2044 1416 2100 quemadmodum
1440 2045 1495 2087 ad
1517 2058 1588 2086 me
1609 2043 1791 2096 scribit,
1818 2051 1869 2087 ut

245 2103 438 2161 pecunia
458 2105 532 2147 illa
555 2105 758 2147 soluatur
779 2103 884 2146 anni
905 2102 1119 2147 bienniue
1139 2102 1300 2159 spatio.
1325 2104 1374 2147 In
1398 2104 1484 2146 hac
1507 2118 1554 2147 re
1576 2104 1631 2147 T.
1656 2104 1708 2146 R.
1735 2102 1867 2147 solita

245 2162 476 2207 charitatis
492 2163 641 2206 officia
658 2162 915 2219 praestabit,
935 2163 1198 2207 recordatus
1213 2161 1259 2205 id
1275 2162 1438 2218 ipsum,
1459 2163 1580 2217 quod
1596 2161 1688 2204 dixi
1706 2162 1866 2217 (quod-

244 2237 334 2278 que
355 2223 491 2267 credo
511 2236 620 2266 sane
643 2229 686 2266 te
707 2220 948 2277 recordari)
971 2227 1062 2264 tam
1084 2220 1309 2277 insignem
1338 2229 1383 2266 et
1411 2227 1676 2277 prouectum
1705 2220 1866 2265 Socie-

245 2281 351 2325 tatis
367 2282 547 2326 Patrem
565 2280 686 2324 omni
704 2294 839 2336 opera
854 2294 955 2324 esse
970 2279 1236 2333 iuuandum,
1255 2287 1322 2332 ut,
1342 2294 1445 2324 cum
1463 2280 1537 2323 alii
1556 2282 1641 2322 hoc
1658 2280 1865 2335 exemplo

245 2341 303 2383 ad
333 2341 598 2396 exequenda
626 2347 782 2383 nostra
812 2339 1059 2384 ministeria
1093 2340 1252 2383 sedulo
1289 2340 1557 2391 excitentur,
1598 2337 1863 2395 gratitudini

245 2400 379 2443 simul
400 2413 511 2443 suus
531 2398 590 2442 sit
610 2399 752 2442 locus.
778 2399 880 2455 Ego
901 2412 1006 2442 cum
1031 2397 1103 2442 his
1129 2397 1340 2442 Patribus
1362 2400 1415 2442 R.
1441 2400 1495 2442 T.
1520 2396 1797 2440 orationibus
1817 2404 1864 2440 et

244 2457 539 2502 sanctissimis
560 2457 791 2501 sacrificiis
812 2457 946 2502 etiam
968 2464 1103 2513 atque
1123 2458 1256 2501 etiam
1279 2472 1352 2502 me
1367 2458 1651 2501 commendo.
1671 2457 1861 2509 Romae,

244 2517 350 2574 xviij
375 2516 589 2561 Octobris
616 2526 744 2571 1574.

311 2637 332 2659 a
370 2612 548 2676 Regest„
566 2628 851 2664 adiiciendum.

311 2731 322 2751 ¹
372 2730 430 2765 Ex
448 2729 634 2776 Regesto,
655 2727 749 2764 Cod.
771 2737 815 2774 33
824 2727 882 2775 j),
903 2727 942 2763 ff.
966 2728 1022 2770 16,
1044 2735 1100 2773 17.
1120 2727 1220 2764 Vide
1244 2728 1358 2776 epist.
1380 2729 1462 2773 562,
1482 2726 1562 2774 563,
1583 2732 1623 2762 et
1641 2726 1723 2771 564.
