2228 3548
387 297 476 325 xxx
964 283 1145 320 NorirrA
1172 290 1364 320 comem(

431 391 668 434 Hactenus
686 388 744 433 de
761 385 995 431 codicibus
1014 399 1124 428 mss.
1144 384 1202 428 ad
1219 383 1494 430 Societatem
1506 386 1616 443 Jesu
1632 384 1994 442 pertinentibus5

337 467 459 511 inter
489 481 604 523 quos
634 464 886 523 principem
923 463 1076 506 locum
1106 460 1409 518 proculdubio
1439 461 1648 507 obtinent
1683 461 1866 507 codices
1896 463 1984 506 sub

340 559 420 588 nn.
445 556 474 598 4
495 550 541 587 et
565 555 621 598 34
643 541 793 599 positi,
819 555 876 584 ex
898 538 1065 596 quibus
1088 537 1283 582 maxima
1303 552 1408 595 pars
1429 537 1723 595 epistolarum
1739 538 1915 584 Natalis
1935 547 1983 584 et

342 620 538 678 Borgiae
558 621 823 676 deprompta
844 617 947 662 fuit.
972 615 1102 662 Sicut
1123 615 1244 660 enim
1267 615 1314 658 in
1340 614 1477 672 priori
1496 630 1659 660 manus
1685 616 1861 661 Natalis
1889 618 1982 662 fre—-

335 696 635 755 quentissime
670 695 963 752 conspicitur,
1002 694 1077 739 vel
1107 699 1227 737 totas
1258 693 1473 750 epistolas
1503 693 1578 738 vel
1612 700 1787 751 partem
1823 709 1982 740 earum

336 774 586 828 exarantis,
611 774 674 818 ita
694 773 741 816 in
763 774 905 817 altero
934 770 1131 828 Borgiae
1157 772 1448 828 autographa
1474 770 1714 816 innumera
1740 771 1982 818 continen-

340 860 431 898 tur.
454 853 553 897 Nec
581 850 759 904 mirum,
791 864 897 894 cum
922 848 1160 904 utriusque
1188 847 1362 892 codicis
1385 855 1682 893 monumenta
1710 849 1804 893 fere
1831 848 1985 894 omnia

341 930 415 974 vel
446 930 749 986 autographa,
787 928 862 972 vel
889 926 1128 984 originalia
1155 925 1261 970 sint.
1293 927 1344 969 In
1374 925 1571 983 Borgiae
1600 933 1754 971 autem
1781 926 1985 984 epistolis

341 1006 661 1064 originalibus,
692 1005 803 1049 illud
831 1004 1165 1048 animadvertas
1194 1017 1387 1060 quaeso,
1419 1019 1511 1047 non
1541 1019 1567 1047 a
1596 1003 1779 1048 librario
1806 1003 1985 1062 integre

338 1084 441 1128 illas
469 1089 699 1136 exaratas,
729 1089 775 1128 et
802 1098 829 1127 a
860 1081 1028 1138 Borgia
1057 1080 1339 1138 subscriptas
1372 1087 1550 1125 tantum
1588 1082 1751 1136 fuisse;
1782 1083 1862 1127 sed
1891 1084 1984 1127 fre-

341 1167 534 1217 quenter
555 1159 706 1217 longis
728 1158 1041 1217 paragraphis,
1067 1159 1124 1202 ab
1146 1157 1222 1202 illo
1244 1165 1404 1202 sancto
1426 1158 1525 1202 viro
1547 1166 1704 1203 auctas
1723 1159 1880 1215 fuisse,
1904 1159 1984 1216 qui

342 1238 527 1296 propria
562 1251 701 1281 manu
734 1236 960 1280 intimiora
987 1236 1209 1293 quaedam
1239 1235 1425 1294 negotia
1455 1235 1579 1281 Patri
1606 1236 1758 1281 Natali
1786 1236 1984 1294 perscri-

340 1316 499 1360 bebat.

1015 1432 1198 1473 Codex
1227 1432 1314 1472 51.

439 1547 587 1590 Codex
609 1546 921 1590 talabrz‘censis
944 1546 1015 1605 (de
1038 1547 1259 1590 Talavera
1281 1548 1337 1591 de
1359 1547 1402 1592 la
1430 1547 1918 1605 Reina).--Adhibitus
1939 1548 1989 1594 in

340 1624 416 1668 'his
438 1626 784 1677 MONUMENT1S,
803 1623 996 1666 Sanctus
1015 1624 1292 1667 Franciscus
1308 1625 1506 1682 Borgia,
1525 1626 1579 1679 II,
1607 1638 1643 1669 1.
1665 1625 1803 1670 Plura
1826 1626 1884 1671 de
1899 1627 1988 1671 hoc
2011 1677 2014 1681 ⁴

340 1701 503 1745 codice
523 1700 702 1758 proprio
724 1702 842 1753 loc0,
868 1703 967 1744 Deo
989 1701 1186 1755 volente,
1207 1701 1427 1746 dicemus.

878 1867 1128 1912 Comces
1167 1870 1449 1914 VATICANI

1012 2024 1194 2065 Codex
1221 2024 1316 2068 5⁶2.

439 2164 729 2207 Miscellanea
771 2164 823 2206 de
866 2165 998 2208 rebus
1041 2169 1222 2210 concilii
1271 2169 1528 2212 tridentini.
1549 2171 1900 2215 —Asservatur
1939 2171 1990 2215 in

344 2241 535 2286 archivo
564 2255 678 2285 secr.
712 2241 881 2295 vatic„
907 2242 951 2284 in
981 2243 1049 2296 f.⁰,
1081 2252 1363 2302 compactus,
1390 2248 1476 2290 hac
1499 2262 1523 2290 a
1546 2254 1677 2305 tergo
1699 2248 1989 2305 inscriptione

346 2318 581 2375 signatus:
626 2319 711 2361 «C.
743 2316 751 2375 Ι
787 2330 915 2376 149.»
958 2320 1095 2364 Foliis
1139 2323 1289 2377 1-467
1326 2339 1383 2368 ex
1419 2324 1578 2368 ordine
1619 2325 1811 2383 signatis
1833 2325 1988 2371 coale-

346 2394 451 2439 scit.
480 2395 617 2438 Plura
638 2394 824 2451 insuper
848 2396 952 2438 folia
975 2413 1065 2440 non
1093 2399 1277 2456 signata
1298 2400 1426 2445 initio
1463 2408 1510 2446 et
1544 2404 1603 2447 ad
1636 2403 1806 2447 calcem
1828 2403 1982 2449 habet.

343 2471 566 2516 Continet
600 2478 894 2515 monumenta
921 2473 1113 2528 diversa,
1148 2483 1244 2520 tum
1274 2480 1543 2536 archetypa,
1577 2487 1673 2523 tum
1701 2481 1980 2537 apographa,

345 2548 409 2591 ‘de
431 2549 567 2591 rebus
604 2548 787 2592 concilii
825 2548 912 2592 trid
930 2550 1056 2594 ›ntini
1094 2560 1139 2596 et
1176 2555 1234 2598 de
1266 2556 1536 2612 augustanis
1557 2557 1828 2612 recessibus,
1853 2556 1984 2601 annis

362 2634 470 2679 1555
499 2632 545 2668 et
578 2626 690 2680 1566
719 2625 902 2669 habitis.
943 2628 1034 2672 Inc.
1064 2631 1140 2674 fol.
1172 2647 1220 2676 n.
1268 2645 1284 2676 1
1317 2633 1514 2690 signato:
1543 2635 1659 2679 «Ihs.
1698 2635 1767 2677 Ex
1801 2648 1987 2678 recessu

347 2699 573 2757 imperiali
608 2701 714 2745 anni
758 2713 885 2758 1555.
927 2705 1154 2760 Quoniam
1191 2708 1238 2752 in
1276 2710 1570 2757 omnibus...»
1612 2713 1721 2756 Des.
1763 2712 1841 2755 fol.
1881 2712 1985 2766 467:

351 2793 436 2822 «0.
460 2777 633 2821 dictum
655 2786 724 2822 est
746 2793 883 2836 supra
906 2780 951 2823 in
975 2781 1042 2825 tit.
1069 2784 1125 2827 de
1154 2786 1424 2843 baptismo.»

1023 2901 1209 2944 codex
1239 2905 1332 2948 53.

437 3007 632 3053 Archivi
659 3024 775 3054 secr.
810 3011 979 3066 Vatic.,
1013 3014 1061 3058 in
1092 3018 1170 3071 f.⁰,
1201 3021 1465 3065 membrana
1492 3028 1750 3078 coopertus,
1791 3024 1909 3067 hanc
1945 3023 1993 3067 in

345 3085 491 3129 dorso
512 3084 852 3144 inscriptionem
870 3092 1148 3145 praeferens:
1173 3107 1256 3151 «24
1283 3096 1291 3156 Ι
1318 3098 1404 3141 sub
1422 3099 1565 3142 Paulo
1582 3099 1644 3144 IV
1671 3098 1679 3158 Ι
1705 3106 1751 3144 et
1770 3099 1852 3144 Pio
1869 3101 1932 3145 IV
1957 3100 1977 3159 Ι’
