2228 3548
398 275 471 320 780
974 273 1112 307 EP18T.
1140 271 1184 306 P.
1213 271 1247 305 N
1251 281 1369 308 ADAL

347 389 464 429 opus
486 382 623 418 esset.
664 375 815 429 Quam
844 386 1067 416 summam
1100 374 1152 415 P.
1185 371 1359 416 Natalis
1396 372 1455 415 ad
1490 373 1603 415 haec
1641 371 1797 415 referri
1835 373 1986 430 capita

355 446 516 489 passus
539 441 663 476 est...

1083 545 1258 587 XXXII

873 632 916 669 P.
938 632 1201 669 EMERICUS
1228 631 1464 669 FORSLER

724 724 940 755 SANCTo
980 724 1294 755 FRANCISCO
1333 725 1403 754 DE
1442 725 1618 765 BORJA

844 799 1160 852 Vindobonae,
1185 814 1305 842 anno
1334 800 1445 854 1566
1473 801 1500 843 ¹.

560 888 735 924 Litterae
753 901 929 925 annuae.
950 889 1112 924 Natalis
1130 889 1346 937 collegium
1374 889 1626 925 Vindobonae
1644 889 1799 928 invisit.

522 966 598 1008 Ad
621 966 739 1008 hanc
761 981 856 1011 rem
878 964 955 1024 [sc.
979 966 1165 1022 spiritus
1188 966 1428 1024 fervorem]
1458 966 1653 1011 maxime
1685 966 1852 1023 profuit
1882 966 1984 1010 Rdi.

355 1024 409 1066 P.
446 1024 620 1067 Natalis
652 1026 892 1070 aduentus.
926 1027 967 1069 Is
1000 1025 1120 1069 enim
1150 1033 1196 1070 et
1227 1026 1538 1069 confessiones
1567 1033 1612 1070 et
1645 1034 1752 1069 uota
1785 1026 1988 1069 omnium

354 1089 450 1125 turn
476 1086 680 1136 Patrum,
707 1092 802 1128 tum
826 1086 1016 1127 fratrum
1040 1084 1232 1141 excepit3
1259 1085 1595 1129 exhortationes
1618 1086 1881 1140 frequentes
1903 1087 1987 1130 ha-

354 1142 469 1194 buit,
510 1144 795 1199 optimasque
822 1146 878 1187 de
911 1144 1151 1189 Societatis
1183 1144 1392 1188 instituto
1430 1144 1610 1200 reliquit
1640 1144 1983 1188 instructiones.

353 1202 478 1245 Idem
500 1202 696 1246 instituit
725 1211 775 1246 ut
799 1212 864 1247 ter
893 1203 939 1247 in
967 1204 1251 1247 hebdomada
1272 1218 1326 1247 eo
1361 1211 1577 1260 ternpore,
1603 1218 1693 1259 quo
1715 1204 1986 1248 recreationi

352 1275 518 1305 uacare
541 1263 754 1316 solemus,
779 1264 836 1306 de
859 1263 1122 1317 uirtutibus,
1148 1264 1204 1307 de
1229 1263 1366 1316 uitiis,
1391 1264 1448 1307 de
1477 1263 1780 1319 abnegatione
1810 1263 1897 1316 sui,
1929 1263 1987 1308 de

350 1319 544 1375 spiritali
568 1323 788 1377 profectu,
810 1330 945 1377 atque
967 1323 1012 1365 id
1036 1337 1183 1378 genus
1205 1322 1304 1366 aliis
1326 1324 1479 1375 rebus,
1506 1329 1550 1367 et
1576 1324 1734 1366 Patres
1757 1330 1802 1366 et
1825 1324 1987 1379 fratres

354 1379 492 1422 simul
514 1382 787 1433 conferrent,
818 1396 905 1424 uno
933 1383 990 1426 de
1021 1382 1233 1425 Patribus
1262 1383 1368 1424 huic
1400 1381 1589 1438 negotio
1622 1397 1703 1437 per
1735 1383 1989 1425 hebdoma-

359 1439 463 1482 dam
486 1441 730 1494 praefecto,
757 1441 833 1495 qui
856 1448 900 1483 et
929 1441 1037 1495 quid
1067 1442 1205 1485 uellet
1227 1449 1272 1485 et
1295 1456 1321 1484 a
1354 1442 1520 1497 quibus
1551 1442 1706 1493 uellet,
1739 1440 1989 1484 circumse—

355 1497 575 1541 dentibus
598 1499 642 1542 in
667 1513 850 1553 corona,
870 1500 1189 1543 sciscitaretur.
1210 1502 1342 1556 Quae
1359 1516 1431 1545 res
1448 1501 1661 1556 quoniam
1686 1501 1869 1544 foelices
1887 1515 1992 1556 pro-

360 1571 547 1613 gressus
569 1559 721 1610 habet,
748 1574 958 1615 magnam
982 1560 1192 1603 omnibus
1214 1561 1362 1604 adfert
1383 1567 1428 1603 et
1454 1559 1691 1604 utilitatem
1715 1566 1760 1603 et
1777 1561 1991 1616 uolupta—
2030 1577 2034 1580 ·

361 1624 468 1660 tem.
497 1618 739 1661 Ordinauit
758 1627 1004 1674 praeterea,
1026 1627 1075 1662 ut
1097 1619 1294 1675 uesperi,
1317 1626 1418 1675 post
1438 1619 1616 1662 litanias
1638 1618 1868 1671 recitatas,
1890 1619 1992 1674 qui—

354 1676 463 1718 dam
486 1691 534 1720 se
556 1677 711 1733 flagris
733 1679 974 1722 caederent
997 1693 1121 1722 more
1144 1686 1189 1723 et
1211 1678 1542 1722 consuetudine
1560 1678 1817 1732 Societatis3
1840 1693 1989 1734 neque

356 1735 559 1791 segniter
581 1752 634 1781 ea
655 1737 702 1780 in
724 1751 771 1780 re
794 1738 934 1780 nostri
956 1753 1005 1782 se
1027 1745 1211 1793 gerunt.
1239 1740 1357 1782 Nam
1381 1739 1438 1782 ad
1459 1738 1601 1781 multa
1623 1737 1724 1789 alia,
1757 1751 1873 1792 quae
1905 1751 1988 1780 nos

355 1793 407 1836 in
428 1794 576 1838 officio
598 1795 832 1840 continere
855 1797 1015 1842 merito
1037 1798 1221 1851 debent,
1247 1797 1422 1842 accedit
1439 1797 1574 1840 etiam
1592 1796 1844 1852 periculum
1863 1796 1984 1849 belli,

356 1855 483 1908 quod
504 1853 749 1910 imperator
765 1863 920 1898 noster
936 1871 1040 1900 cum
1059 1864 1291 1901 turcarum
1315 1864 1508 1912 tyranno
1525 1856 1700 1913 gerit...
1723 1857 1795 1908 Et,
1817 1863 1867 1899 ut
1883 1857 1989 1899 bre—

363 1912 478 1957 uiter
505 1915 793 1970 complectar,
819 1929 934 1970 quae
956 1917 1012 1959 de
1035 1917 1148 1960 Rdo.
1183 1918 1234 1959 P.
1270 1916 1421 1959 Natali
1448 1915 1640 1959 dicenda
1671 1922 1795 1967 sunt,
1831 1929 1991 1959 omnes

361 1971 459 2015 uias
482 1974 769 2029 persequitur
790 1975 937 2018 bonus
963 1978 1097 2020 Pater
1125 1975 1226 2028 iste,
1260 1975 1425 2031 quibus
1458 1975 1515 2018 ad
1546 1974 1874 2032 perfectionem
1907 1988 1991 2017 nos

358 2031 568 2075 adiuuari
591 2047 722 2088 posse
744 2033 1073 2078 existimauit...

1086 2148 1281 2190 XXXIII

818 2233 863 2269 P.
891 2233 1271 2272 THEODORICUS
1298 2233 1540 2271 CANISIUS

738 2324 952 2355 SANCTO
990 2326 1303 2357 FRANCISCO
1342 2326 1411 2357 DE
1451 2326 1624 2366 BORJA

1002 2403 1139 2445 Anno
1176 2402 1286 2456 1566
1318 2403 1353 2446 ².

475 2489 670 2524 Pericula
687 2492 724 2525 et
741 2488 998 2536 difficultates
1015 2491 1253 2526 missionum
1270 2491 1314 2526 in
1336 2489 1562 2526 Germania
1579 2490 1880 2537 expenduntur.

454 2565 484 2623 †
507 2567 644 2610 Iesvs.
671 2566 988 2619 Difficultates,
1015 2583 1132 2623 quae
1153 2568 1272 2611 circa
1297 2568 1469 2612 indices
1491 2568 1811 2612 mittendorum
1834 2581 1884 2611 se
1911 2581 1998 2610 no-

362 2624 435 2668 bis
457 2626 654 2668 offerunt
676 2626 723 2669 in
744 2628 829 2670 hac
850 2641 916 2679 re,
942 2628 1059 2672 bene
1081 2627 1457 2672 considerandae:

441 2758 451 2777 ¹
502 2756 560 2791 Ex
583 2755 678 2792 Cod.
698 2755 818 2804 29f),
843 2764 858 2791 1
878 2757 944 2800 (Ι).
965 2757 1065 2792 Vide
1083 2769 1171 2803 pag.
1193 2756 1276 2793 213.

438 2814 454 2836 ⁸
503 2815 561 2849 Ex
579 2817 820 2862 autographo
838 2814 897 2859 (Ρ),
919 2815 959 2850 in
979 2816 1106 2862 Epist.
1129 2816 1283 2858 Natal„
1303 2818 1353 2863 ΙΙ,
1372 2815 1487 2852 unico
1501 2816 1584 2858 fol„
1604 2816 1670 2862 169
1687 2815 1801 2860 (162).
1818 2815 1861 2850 P.
1878 2814 2006 2850 Theo·

362 2872 523 2909 doricus
558 2874 754 2917 Canisius‚
788 2874 854 2921 qui
890 2874 996 2909 vices
1032 2875 1282 2921 provincialis
1317 2870 1551 2912 Germaniae
1581 2874 1792 2922 superioris
1825 2874 2005 2920 gerebat,

364 2933 532 2968 absente
551 2933 775 2979 provinciae
794 2933 1014 2980 praeposito
1033 2934 1149 2969 Petro
1167 2934 1340 2979 canisio,
1359 2941 1494 2970 auctor
1511 2934 1626 2980 hujus
1651 2932 1892 2969 monumenti
1915 2942 2005 2968 esse

368 2989 536 3027 videtur.
557 2992 695 3028 Manus
712 2992 869 3040 quidem
888 2991 991 3028 illius
1010 2992 1049 3028 in
1068 2998 1149 3028 toto
1167 2993 1402 3029 documento
1420 2992 1670 3040 conspicitur,
1690 3004 1768 3028 non
1786 2990 1963 3038 exceptis
1982 3000 2004 3036 5

367 3050 554 3094 numeris,
576 3051 748 3098 quinque
765 3050 1016 3098 paragraphis
1034 3052 1229 3098 praefixis.
1252 3052 1353 3088 Vide
1371 3063 1461 3100 pag.
1477 3053 1540 3098 673
1559 3051 1620 3097 823
1648 3060 1728 3097 1153
1751 3049 1832 3095 1353
1851 3055 1893 3086 et
1914 3049 2001 3095 143.
