2228 3548
163 0 525 33 <⁹⁷453ax
562 2 567 3 γ
630 0 638 6 .
682 22 685 29 ⁴

998 294 1222 331 Appnnmx
1804 308 1872 346 791

1044 487 1173 530 XLV

830 574 876 610 Β.
903 574 1106 611 PETRUS
1132 574 1375 612 CANISIUS

647 670 860 724 sfiNCTO
907 671 1218 702 FRANCISCO
1264 673 1335 703 DE
1383 673 1519 714 BORJ
1531 675 1562 705 A

751 752 980 810 Dilingae,
1006 765 1063 808 24
1083 753 1255 810 Aprilis
1282 767 1299 798 1
1307 755 1393 809 567
1420 757 1430 777 ¹
1440 789 1449 798 .

417 845 479 882 De
496 846 663 894 collegio
678 847 957 894 herbipolensi,
975 850 1012 883 et
1029 848 1077 883 de
1093 848 1238 884 vestitu
1255 849 1453 885 sociorum
1472 850 1517 885 in
1538 849 1777 888 Germania.

374 929 460 973 His
481 929 642 974 diebus
662 930 816 975 literas
837 931 994 988 accepi
1023 932 1077 974 P.
1107 933 1167 975 D.
1199 931 1391 985 Natalis,
1428 933 1595 988 quibus
1625 934 1910 990 potissimum

285 988 382 1045 agit
403 990 460 1032 de
481 989 677 1047 collegio
698 989 1017 1047 herbipolensi,
1041 998 1087 1034 et
1109 990 1259 1046 aliqua
1280 1006 1336 1036 ex
1357 998 1484 1048 parte
1515 995 1759 1049 respondet
1785 995 1906 1038 diffi-

285 1048 550 1101 cultatibus,
576 1063 689 1104 quas
710 1049 965 1093 Paternitas
987 1051 1086 1093 Tua
1108 1051 1278 1095 Romae
1299 1051 1607 1095 consideratas
1628 1053 1759 1096 nobis
1781 1068 1908 1097 com-

285 1107 551 1151 municauit.
576 1110 648 1153 De
668 1108 739 1152 his
760 1108 824 1151 ait
844 1123 894 1153 se
915 1110 1103 1153 Romam
1125 1123 1309 1165 quoque
1331 1110 1580 1166 scripsisse,
1611 1119 1657 1156 et
1686 1112 1906 1156 rationem

285 1167 533 1212 reddidisse
568 1174 821 1224 pactorum,
860 1181 977 1223 quae
1013 1182 1135 1211 nunc
1171 1168 1317 1225 magis
1353 1183 1407 1212 ac
1444 1170 1590 1226 magis
1626 1180 1850 1228 urgentur
1881 1189 1907 1217 a

285 1227 415 1269 Rmo.
440 1226 745 1283 herbipolensi
766 1228 799 1270 ².
825 1227 981 1271 Placet
1001 1235 1152 1271 autem
1176 1227 1300 1271 Patri
1322 1242 1503 1284 quoque
1530 1230 1698 1282 Natali,
1734 1239 1784 1273 ut
1816 1233 1905 1275 hoc

282 1300 401 1329 anno
423 1285 706 1329 dimidiatum
727 1286 962 1330 dumtaxat
982 1286 1224 1343 collegium
1245 1286 1335 1330 illic
1357 1287 1611 1332 inchoetur.
1638 1291 1738 1346 Ego
1755 1290 1904 1334 minus

281 1344 468 1400 periculi
490 1352 536 1390 et
557 1345 828 1390 incommodi
850 1345 897 1388 in
918 1345 1063 1402 pactis
1085 1345 1171 1389 illis
1186 1360 1287 1391 esse
1303 1354 1527 1403 putarem,
1547 1347 1584 1390 si
1602 1348 1716 1392 haec
1734 1350 1897 1402 ferant,

280 1418 398 1459 quae
419 1405 476 1447 ad
496 1404 798 1461 obligationes
818 1405 961 1449 factas
981 1405 1223 1462 pertinent,
1248 1413 1428 1450 nostrae
1449 1406 1814 1461 constitutiones,
1839 1409 1902 1452 si·

279 1470 359 1506 cut
383 1465 435 1507 P.
462 1464 636 1508 Natalis
656 1479 713 1509 ex
734 1463 892 1508 iisdem
912 1465 1104 1521 probare
1128 1465 1321 1509 uidetur.
1354 1466 1451 1509 Nec
1486 1466 1675 1511 fortasse
1706 1467 1902 1512 rationes

275 1522 458 1575 desunt,
484 1523 650 1578 quibus
670 1523 847 1567 ostendi
869 1522 1011 1580 possit
1034 1523 1203 1568 utilitas
1223 1524 1328 1568 inde
1356 1525 1646 1581 proueniens,
1678 1540 1782 1570 cum
1815 1541 1900 1570 no-

277 1588 370 1625 stra
390 1582 583 1638 collegia
605 1583 820 1627 honestas
841 1582 1066 1627 sustinent
1086 1583 1405 1640 obligationes,
1429 1584 1476 1627 in
1497 1585 1669 1628 alendis
1690 1600 1898 1642 praeser-

277 1640 355 1684 tim
379 1641 603 1698 theologis
623 1649 669 1685 et
691 1641 1024 1695 concionatore,
1048 1641 1166 1686 sicut
1187 1644 1411 1687 hactenus
1437 1643 1483 1686 in
1511 1644 1664 1687 multis
1691 1645 1894 1702 collegiis

276 1700 446 1743 factum
469 1700 692 1746 uidemus.
726 1703 898 1746 Verum
925 1700 963 1744 si
989 1701 1119 1746 aliter
1144 1701 1292 1746 uisum
1319 1702 1404 1746 erit
1442 1703 1710 1746 Paternitati
1747 1706 1890 1759 Tuae,

275 1759 551 1815 praescribat
582 1775 750 1816 quaeso
777 1767 945 1804 certam
975 1760 1249 1804 fundationis
1279 1768 1326 1805 et
1356 1762 1599 1806 dotationis
1635 1764 1891 1817 formulam,

274 1832 391 1874 quae
411 1819 531 1863 bono
552 1820 765 1876 episcopo
786 1819 1097 1871 commostrari
1125 1822 1361 1864 commode
1395 1821 1552 1878 possit,
1587 1822 1662 1865 uel
1693 1822 1893 1867 breuiter

272 1878 498 1932 ostendat,
533 1893 648 1934 quae
676 1886 754 1922 aut
782 1885 954 1922 mutata
980 1886 1060 1922 aut
1086 1887 1313 1936 expuncta
1343 1881 1453 1925 uelit
1489 1880 1535 1923 in
1570 1880 1734 1937 priore,
1770 1882 1891 1938 quod

271 1936 391 1980 misit
413 1937 671 1994 episcopus,
695 1938 1051 1982 instrumento...
1076 1941 1231 1983 Monet
1254 1941 1306 1983 P.
1326 1940 1516 1994 Natalis,
1537 1947 1587 1982 ut
1604 1939 1755 1983 isthuc
1773 1955 1886 1996 quo-

269 2009 358 2050 que
379 1996 588 2049 scribam,
612 1997 722 2053 quid
743 1996 852 2040 mihi
875 1997 1082 2041 uideatur
1102 1998 1159 2041 de
1180 1997 1346 2042 nostris
1361 1999 1409 2042 in
1425 1998 1670 2043 Germania
1688 2000 1888 2044 uestien-

267 2054 356 2107 dis,
382 2069 486 2098 cum
508 2055 553 2099 in
576 2057 808 2113 publicum
828 2056 1068 2113 prodeunt.
1096 2058 1251 2102 Placet
1271 2057 1380 2101 mihi
1403 2058 1627 2103 sententia
1643 2059 1792 2102 bullae
1802 2060 1890 2116 Ju—

265 2112 313 2155 lii
336 2114 575 2170 pontificis,
601 2130 716 2171 quae
738 2115 784 2158 in
805 2116 834 2159 6
853 2122 981 2171 parte
1002 2115 1376 2161 constitutionum
1398 2119 1705 2169 confirmatur,
1732 2124 1783 2160 ut
1804 2131 1887 2160 ue-

264 2172 401 2216 stitus
423 2181 576 2219 noster
597 2175 654 2218 ad
677 2189 808 2218 usum
829 2174 932 2227 loci,
957 2173 1003 2218 in
1025 2189 1116 2231 quo
1142 2175 1356 2231 uiuimus,
1380 2176 1426 2220 id
1454 2184 1538 2230 est,
1568 2176 1815 2229 communi,
1841 2183 1887 2221 et

265 2234 513 2287 approbato
534 2233 648 2277 mori
668 2236 963 2278 honestorum
985 2233 1059 2277 hic
1079 2236 1384 2290 sacerdotum,
1417 2235 1475 2279 sit
1505 2236 1884 2280 accommodatus.

266 2291 381 2334 Nam
404 2298 451 2334 et
472 2291 651 2348 hispani
677 2300 723 2337 et
747 2293 1109 2350 portugallenses
1136 2295 1293 2338 Patres
1323 2294 1370 2338 in
1401 2295 1569 2338 uestitu
1602 2295 1772 2338 habent
1803 2294 1886 2338 ali-

266 2350 404 2405 quod,
430 2365 520 2406 quo
541 2366 591 2396 se
612 2351 710 2395 aliis
731 2351 1045 2396 sacerdotibus
1066 2352 1185 2396 illius
1204 2353 1398 2398 nationis
1419 2355 1701 2397 conformare
1722 2352 1885 2396 dicun-

267 2416 356 2451 tur.
382 2411 479 2453 Nec
500 2410 675 2463 dubito,
701 2410 810 2466 quin
833 2412 919 2454 hac
939 2411 985 2455 in
1012 2419 1142 2468 parte
1170 2412 1386 2457 inuidiam
1413 2414 1615 2470 effugere
1646 2412 1886 2456 maiorem-

265 2482 354 2524 que
375 2469 596 2512 bonorum
619 2470 811 2526 gratiam
834 2470 964 2513 nobis
979 2470 1220 2516 conciliare
1235 2487 1484 2528 possemus.
1506 2474 1637 2528 Quae
1654 2477 1803 2515 tamen
1819 2471 1885 2514 sic

264 2526 486 2584 intelligo,
509 2535 558 2571 ut
579 2528 738 2582 nostri,
757 2543 861 2572 cum
884 2529 929 2572 in
953 2529 1066 2582 aliis,
1086 2537 1181 2573 tum
1198 2530 1246 2574 in
1267 2532 1436 2576 uestitu
1457 2545 1637 2575 omnem
1660 2529 1884 2573 luxuriam

263 2585 425 2640 uitem,
450 2593 496 2632 et
517 2587 764 2644 promissae
784 2588 1064 2645 paupertatis
1085 2590 1433 2636 recordentur...

328 2735 338 2756 ¹
388 2734 447 2770 Ex
470 2734 695 2782 archetypo,
725 2734 766 2770 in
788 2734 919 2782 Epist.
948 2734 1120 2781 Canisii,
1143 2736 1191 2783 Π,
1218 2745 1281 2784 191
1309 2737 1423 2783 (258).
1451 2736 1551 2772 Vide
1574 2747 1662 2784 pag.
1683 2734 1767 2781 3553
1793 2746 1884 2781 4003

251 2791 335 2837 433;
352 2797 393 2828 et
409 2792 576 2840 append.
594 2794 728 2829 XLlIl.

320 2854 334 2873 ²
385 2851 610 2889 Fridericus
627 2864 650 2888 a
668 2852 889 2899 Wirsberg.
