2228 3548
917 252 960 290 31
991 254 1199 302 januum
1228 251 1320 299 1568
1820 261 1891 300 557

285 367 333 406 et
373 357 589 411 Francia,
615 357 737 402 della
773 355 1064 413 Compagnia
1099 353 1146 398 di
1182 354 1344 408 Giesu,
1369 362 1416 398 et
1452 354 1499 397 in
1531 369 1616 398 sua
1653 355 1863 401 absentia
1899 356 1943 399 al

292 440 341 482 P.
371 438 633 481 Francesco
650 435 846 479 Costero
867 432 1155 493 [prouincial]
1175 431 1222 476 di
1239 433 1365 477 detta
1380 433 1667 489 Compagnia
1688 434 1808 479 nella
1823 433 1942 479 infe-

291 514 382 558 rior
405 512 673 558 Germania.
697 512 749 554 In
771 512 1002 565 Anuersa,
1027 523 1056 553 o
1077 510 1198 553 doue
1220 509 1338 554 sara.
1363 509 1525 568 Sigilli
1551 512 1816 568 vestigium.

755 682 797 718 s.
834 616 1180 718 FRANclszg’g
1198 681 1270 717 DE
1301 680 1474 728 BORJA

620 749 832 792 PATRI
876 747 1307 791 HIERONYMO
1359 747 1604 792 NADAL

802 826 964 864 ROMAE,
990 816 1033 853 31
1061 826 1256 861 JANUARn
1284 816 1376 863 1568
1404 819 1431 853 ¹.

291 896 328 923 t.
352 886 442 922 ΡΡ.
461 885 646 922 Didacus
663 885 712 920 de
735 885 882 920 Acesta
905 886 943 919 et
960 882 1145 930 joannes
1160 882 1310 929 Javier
1332 883 1617 931 Antverpiam‚
1643 885 1839 922 Acchilles
1860 885 1940 923 Ga-

331 945 496 994 gliardi
519 945 751 980 Taurinum
781 944 1023 978 mittuntur.
1046 951 1140 978 —2.
1167 941 1313 978 Natali
1340 942 1419 978 iter
1448 942 1612 979 Galliae
1631 946 1943 991 procrastinare

335 1005 637 1049 sauciatum—3.
665 1003 868 1039 Henricus
891 1001 1111 1048 Dionysius
1134 1013 1160 1036 a
1190 1002 1401 1038 cardinali
1425 1003 1663 1039 warmiensi
1681 1004 1935 1051 postulatur.

341 1075 434 1109 —4.
464 1065 525 1100 De
544 1063 715 1112 collegio
726 1065 961 1110 pauperum
979 1061 1269 1097 vindobonensi
1285 1062 1489 1109 augendo.

390 1144 427 1174 1.
487 1132 621 1188 jhus.
645 1129 790 1173 Molto
811 1127 927 1171 Rdo.
952 1126 999 1169 in
1021 1127 1141 1183 Xp0.
1170 1126 1333 1170 Padre.
1359 1127 1457 1170 Pax
1480 1127 1585 1184 Xpi.
1612 1137 1700 1172 etc.
1727 1131 1831 1174 Alle
1853 1131 1941 1176 let-

297 1216 395 1254 tere
423 1207 469 1251 di
499 1208 555 1251 V.
579 1207 634 1249 R.
660 1205 698 1248 si
727 1203 991 1261 rispondera
1020 1202 1098 1260 piu
1124 1202 1524 1260 particolarmente
1552 1207 1631 1248 un’
1655 1207 1768 1250 altra
1798 1209 1939 1252 uolta.

297 1287 476 1342 Questa
498 1283 599 1327 sara
621 1295 703 1339 per
718 1282 800 1325 dar
821 1280 951 1324 auiso
974 1295 1106 1326 come
1122 1279 1239 1325 hieri
1255 1281 1373 1337 parti
1388 1280 1435 1324 di
1451 1283 1596 1326 Roma
1613 1282 1643 1325 il
1667 1285 1718 1327 P.
1736 1285 1909 1330 Xauier
1926 1287 1941 1307 ²

295 1362 483 1406 insieme
503 1360 575 1404 col
598 1361 652 1404 P.
678 1357 874 1403 Acchile
892 1359 907 1379 ⁵
930 1358 974 1401 13
997 1358 1122 1401 uolta
1142 1357 1188 1400 di
1210 1357 1400 1411 Tmino,
1420 1358 1567 1414 accio,
1587 1362 1802 1405 restando
1818 1363 1945 1407 detto

295 1441 350 1484 P.
378 1437 572 1482 Acchile
592 1436 644 1489 n,
669 1450 719 1479 se
753 1449 811 1479 ne
845 1442 973 1491 parta
1005 1434 1036 1477 il
1069 1435 1123 1478 P.
1148 1433 1300 1491 Diego
1331 1435 1390 1479 de
1410 1436 1587 1480 Acosta
1605 1437 1637 1489 ⁴,
1663 1437 1852 1484 insieme
1874 1441 1945 1483 col

295 1516 506 1573 predetto
530 1515 584 1558 P.
606 1512 796 1565 Xauier,
816 1513 860 1555 la
878 1512 1002 1555 uolta
1019 1510 1064 1555 di
1082 1506 1311 1556 Anuersa.
1333 1512 1391 1555 Et
1413 1520 1714 1572 quantunque
1737 1514 1783 1558 in
1801 1517 1946 1560 Roma

295 1592 338 1636 ei
358 1581 606 1635 habbiamo
627 1589 896 1633 scomodato
918 1589 975 1632 de
999 1602 1062 1632 un
1084 1588 1312 1646 professor
1341 1588 1388 1632 di
1416 1590 1663 1648 theologia,
1695 1599 1740 1635 et
1768 1592 1814 1635 in
1847 1594 1944 1637 Tu-

296 1669 397 1712 rino
418 1669 476 1714 de
498 1683 562 1711 un
583 1674 728 1711 rettor
749 1672 795 1711 et
817 1664 1006 1710 insieme
1028 1664 1302 1722 predicator,
1327 1681 1423 1710 non
1452 1668 1514 1710 ho
1543 1669 1704 1712 uoluto
1733 1684 1946 1716 mancare

298 1747 345 1790 di
367 1745 591 1790 sodisfare
612 1745 699 1788 alla
721 1742 907 1786 natione
930 1742 1167 1799 spagnola,
1192 1744 1250 1787 ne
1273 1744 1363 1787 alla
1386 1743 1603 1788 instantia
1620 1747 1707 1789 che
1725 1747 1783 1791 V.
1804 1748 1859 1791 R.
1881 1748 1941 1799 fa,

299 1823 524 1880 sperando
546 1821 648 1866 sara
670 1820 798 1864 Iddio
819 1821 877 1863 N.
900 1821 949 1864 S.
974 1818 1148 1864 Seruito
1168 1819 1215 1864 di
1236 1821 1350 1864 loro.
1370 1822 1415 1865 A
1432 1822 1619 1878 Spagna
1635 1825 1672 1866 s’
1693 1837 1771 1866 era
1788 1823 1946 1868 scritto

294 1899 591 1944 ,mandassino
615 1913 678 1941 un
702 1897 960 1954 predicator
982 1910 1070 1939 con
1088 1910 1150 1939 un
1171 1911 1449 1955 compagno3
1475 1913 1548 1942 ma
1570 1913 1662 1942 non
1684 1902 1887 1958 sapendo
1901 1901 1948 1944 di

301 1984 429 2023 certo
452 1991 502 2021 se
524 1975 811 2020 uerrebbono
833 1989 858 2018 a
882 1981 1050 2030 tempo,
1075 1973 1136 2017 mi
1158 1974 1220 2018 ho
1240 1974 1430 2019 risoluto
1452 1976 1498 2019 di
1525 1978 1716 2021 mandat
1744 1978 1775 2020 li
1802 1978 1877 2021 doi
1899 1979 1946 2021 d’

300 2053 445 2107 Italia,
470 2053 646 2097 benche
669 2050 873 2108 soggetti
896 2051 1036 2093 molto
1067 2049 1164 2094 utili
1192 2051 1239 2094 in
1268 2052 1420 2108 quella
1447 2067 1528 2109 per
1555 2053 1586 2095 li
1614 2054 1849 2110 ministerij
1874 2055 1948 2100 del

300 2137 457 2174 nostro
479 2129 704 2173 instituto.
732 2129 883 2172 Credo
906 2127 1058 2171 anche
1079 2134 1302 2183 potranno
1332 2129 1506 2173 seruire
1538 2131 1624 2173 alla
1653 2131 1838 2175 natione
1858 2131 1949 2175 ita-

300 2207 442 2260 liana,
467 2221 550 2263 per
570 2207 713 2250 hauer
734 2205 777 2248 la
801 2204 960 2261 lingua
981 2204 1096 2247 loro.

394 2296 436 2328 2.
501 2284 550 2326 Io
571 2297 684 2326 sono
705 2282 751 2325 di
773 2296 905 2338 parer
920 2283 1006 2324 che
1028 2282 1086 2325 V.
1107 2282 1162 2325 R.
1184 2281 1215 2324 li
1232 2282 1413 2339 aspetti‚
1434 2290 1481 2327 et
1496 2298 1589 2326 non
1609 2285 1725 2327 uada
1742 2284 1788 2327 in
1805 2286 1841 2328 F
1844 2299 1951 2328 ran-

305 2360 391 2413 cia,
416 2359 566 2404 insino
588 2374 615 2402 a
637 2366 763 2403 tanto
790 2360 879 2403 che
907 2358 1029 2415 passi
1055 2365 1221 2413 questo
1250 2365 1404 2416 tempo
1430 2375 1548 2417 poco
1581 2368 1838 2418 opportuno
1868 2375 1950 2418 per

306 2437 551 2490 caminate,
576 2443 622 2481 et
642 2436 772 2492 potra
794 2436 875 2479 dar
896 2436 1020 2480 lume
1041 2434 1116 2478 alli
1136 2435 1211 2479 doi
1233 2437 1319 2480 che
1342 2451 1513 2490 uanno,
1534 2437 1581 2480 in
1602 2439 1741 2482 molte
1757 2452 1880 2492 cose,
1901 2446 1949 2482 et

305 2513 569 2563 lasciandoli
590 2512 810 2565 instrutti‚
834 2526 884 2556 se
906 2526 965 2555 ne
986 2511 1115 2568 potra
1137 2511 1276 2568 partir
1298 2527 1387 2556 con
1406 2514 1450 2557 la
1472 2515 1618 2571 gratia
1641 2515 1713 2558 del
1736 2514 1905 2572 Signor
1921 2530 1949 2558 a

304 2590 515 2644 Francia,
540 2605 589 2634 se
612 2589 780 2634 uedera
801 2589 844 2632 le
866 2589 1019 2634 strade
1041 2603 1165 2632 esser
1186 2588 1356 2635 sicure.

375 2708 384 2728 ¹
436 2709 495 2743 Ex
513 2708 742 2755 archetypo,
768 2718 790 2742 a
814 2707 1043 2743 Fernandez
1062 2712 1236 2753 exarato,
1255 2712 1296 2744 et
1319 2708 1485 2755 Borgiae
1512 2721 1628 2745 manu
1653 2710 1889 2757 subscripto,
1908 2710 1948 2746 in

304 2767 400 2803 Cod.
423 2776 484 2812 34,
503 2766 650 2814 duplici
666 2766 751 2813 fol„
770 2766 840 2802 226
858 2765 948 2811 (33).
969 2767 1149 2802 Alterum
1165 2765 1281 2813 hujus
1295 2767 1486 2814 epistolae
1501 2770 1724 2816 exemplum
1741 2774 1803 2805 est
1817 2769 1856 2806 in
1871 2770 1950 2805 Re-

301 2830 432 2872 gesto,
453 2824 554 2861 Cod.
578 2835 623 2872 33
637 2825 704 2873 g),
722 2824 790 2861 fol.
813 2825 895 2860 106.

376 2887 390 2906 ²
440 2883 542 2919 Vide
559 2883 744 2930 epistolas
764 2893 852 2931 500,
871 2891 941 2929 505
960 2888 1001 2920 et
1019 2883 1104 2928 506.

377 2945 392 2964 ⁵
443 2942 619 2978 Achilles
637 2942 856 2988 Gagliardi.
875 2942 939 2980 Cf.
959 2942 1227 2987 SACCHINUM‚
1244 2943 1320 2979 loc.
1335 2944 1420 2990 cit.‚
1436 2945 1505 2981 lib.
1523 2946 1592 2988 IV,
1613 2958 1651 2981 n.
1671 2954 1752 2991 174;
1768 2951 1808 2982 et
1825 2946 1892 2982 lib.
1910 2946 1947 2981 V

308 3015 347 3039 n.
368 3011 429 3048 72.

381 3063 398 3084 ⁴
447 3061 548 3097 Vide
566 3060 682 3108 epist.
702 3068 788 3108 500,
806 3072 845 3097 n.
870 3070 902 3098 1.
