2228 3548
924 318 947 346 2
985 309 1181 347 Avensa-1
1209 309 1302 356 1568
1354 307 1358 310 ’
1430 332 1436 337 -
1719 355 1724 359 ,
1823 314 1895 360 625

285 410 434 458 aiutar
453 412 498 457 la
517 411 805 469 Compagnia
827 425 913 455 con
946 412 1016 456 far
1048 426 1142 456 una
1172 411 1280 456 casa
1312 412 1359 456 di
1386 413 1656 470 probatione
1677 429 1760 472 per
1781 414 1944 474 nouitij

285 488 494 548 germani
515 489 561 533 di
589 496 745 534 nostra
772 489 1082 547 Compagnia,
1107 497 1153 535 et
1185 505 1279 535 non
1310 490 1350 534 si
1382 491 1596 536 mancara
1628 492 1675 535 di
1708 493 1791 536 sar’
1816 493 1945 545 siano

247 586 254 589 “
286 567 636 612 raccomandate
658 582 684 611 a
705 566 833 610 Iddio
855 567 914 611 N.
939 567 988 612 S.
1011 573 1141 611 tanto
1163 567 1306 611 buoni
1327 568 1547 625 propositi
1573 576 1620 614 et
1642 569 1862 627 dissegni.
1889 570 1945 615 Ci

287 659 540 689 occorreua
561 643 700 688 staria
721 644 840 688 bene
863 650 1024 700 questa
1046 658 1154 688 casa
1176 644 1223 688 in
1246 645 1457 699 Colonia,
1481 660 1564 703 per
1586 646 1791 690 riceuere
1812 647 1942 691 molti

286 722 333 766 di
355 722 507 778 quella
523 720 777 778 prouincia,
803 727 850 766 et
871 722 1034 774 anche,
1054 720 1093 764 si
1115 721 1366 776 accadessi,
1385 722 1506 767 della
1527 715 1719 768 inferior
1739 731 1786 769 et
1802 738 1942 781 supe-

284 798 376 843 rior
396 798 645 844 Germania
667 813 676 852 ;
701 805 748 841 et
769 813 820 843 se
839 798 884 841 la
907 797 1148 842 fundation
1172 797 1286 842 fussi
1307 813 1484 856 grossa,
1508 800 1657 856 potria
1679 801 1799 845 forse
1817 815 1942 847 esser

285 876 537 935 spediente,
563 878 666 930 che,
692 874 992 919 mandandosi
1015 889 1042 919 a
1059 876 1203 919 Roma
1224 890 1306 932 per
1323 875 1535 933 maggior
1552 877 1678 921 aiuto
1699 892 1785 921 suo
1807 878 1941 935 spiri-

285 955 407 999 tuale
430 952 584 997 alcuni
608 952 687 996 tali
709 951 889 1008 nouitij,
908 966 990 1008 per
1011 951 1274 995 rimandarli
1290 951 1366 1009 poi
1389 953 1435 996 in
1454 954 1721 1008 Germania,
1745 969 1795 998 se
1817 954 1848 998 li
1872 956 1940 998 fa—

284 1031 466 1076 cessino
487 1031 530 1074 16
552 1045 684 1087 spese
705 1029 824 1075 della
856 1042 963 1073 casa
993 1028 1039 1071 di
1070 1028 1342 1086 probatione
1373 1031 1470 1074 cosi
1504 1032 1717 1086 fundata;
1760 1032 1939 1076 benche

283 1109 415 1167 potra
451 1123 604 1152 essere
640 1108 730 1152 che
760 1106 904 1164 prima
932 1107 990 1151 V.
1023 1107 1076 1150 R.
1106 1106 1173 1150 sia
1210 1120 1323 1162 qua,
1350 1108 1438 1152 che
1470 1109 1645 1165 uenghi
1677 1124 1704 1152 a
1735 1116 1938 1153 maturat

284 1195 446 1243 questa
469 1184 754 1238 fundatione,
774 1185 818 1227 la
838 1184 988 1240 quale,
1015 1197 1147 1227 corne
1167 1183 1362 1228 sarebbe
1383 1183 1431 1227 in
1448 1186 1625 1241 grande
1648 1185 1795 1229 utilita
1818 1187 1938 1231 della

284 1262 570 1320 Compagnia
589 1277 671 1321 per
692 1261 723 1304 il
745 1259 934 1306 seruitio
954 1259 1113 1304 diuino
1133 1267 1181 1304 et
1209 1259 1334 1304 aiuto
1365 1261 1485 1306 delle
1518 1261 1684 1315 anime,
1710 1263 1806 1307 cosi
1842 1278 1935 1308 non

283 1340 507 1398 potriamo
529 1353 716 1383 mancat
737 1337 783 1381 di
805 1338 947 1381 molto
973 1336 1191 1382 stimarlo.
1213 1338 1303 1382 Fra
1322 1336 1352 1380 l’
1375 1338 1490 1383 altre
1510 1353 1620 1383 cose
1643 1341 1732 1383 che
1751 1340 1813 1383 mi
1837 1355 1935 1384 mo-

286 1430 466 1461 ueuano
497 1432 523 1461 a
555 1416 763 1460 nominar
792 1414 1006 1468 Colonia,
1037 1414 1061 1459 ὲ
1083 1413 1315 1458 desiderar
1341 1415 1429 1459 che
1456 1415 1487 1458 li
1517 1415 1555 1459 si
1585 1416 1694 1460 uiua
1723 1416 1770 1460 in
1801 1418 1937 1460 modo

282 1493 588 1539 conueniente
610 1493 696 1538 alla
724 1491 1032 1550 Compagnia,
1058 1491 1090 1534 il
1112 1493 1198 1535 che
1219 1506 1301 1549 per
1327 1492 1372 1536 la
1398 1492 1590 1549 pouerta
1619 1493 1936 1538 difficilmente

279 1586 480 1629 possono
503 1572 615 1624 fare,
641 1584 735 1614 non
758 1569 806 1613 ui
826 1569 1020 1613 essendo
1036 1569 1174 1612 alcun
1190 1567 1371 1626 miglior
1386 1570 1523 1613 modo
1539 1569 1586 1613 di
1610 1571 1870 1615 trattenersi
1889 1570 1933 1614 di

251 1704 260 1707 s
278 1649 385 1706 quel
408 1650 499 1694 che
520 1649 684 1692 adesso
707 1654 926 1704 tengono.

370 1740 413 1782 3.
478 1727 539 1771 Se
560 1725 874 1769 intenderemo
897 1725 983 1767 che
1005 1722 1084 1779 qui
1107 1722 1145 1766 si
1166 1736 1363 1780 procura
1383 1723 1511 1767 leuar
1531 1723 1563 1767 il
1582 1726 1634 1768 Ρ.
1658 1725 1932 1769 Maldonado

279 1804 338 1848 de
360 1802 566 1861 Pariggi,
593 1802 630 1846 si
653 1801 747 1846 fara
770 1799 1044 1853 resistentia,
1065 1799 1232 1856 perche
1253 1799 1292 1844 si
1314 1807 1476 1858 reputa
1497 1800 1585 1845 stia
1605 1801 1696 1846 ben
1720 1802 1930 1844 colocato

280 1882 402 1926 doue
423 1886 508 1925 sta.

368 1970 413 2012 4.
478 1957 526 2002 S’
552 1957 576 2000 ὲ
598 1956 808 1999 riceuuta
831 1969 922 1998 una
943 1953 989 1996 di
1011 1954 1069 1997 V.
1095 1953 1171 2004 R..
1197 1954 1284 1998 che
1305 1953 1471 1998 scrisse
1493 1954 1524 1996 il
1545 1954 1591 1997 di
1613 1955 1732 1998 della
1755 1956 1923 1999 Pente-

278 2041 405 2079 coste
425 2035 473 2078 in
495 2033 717 2085 Louanio,
744 2031 799 2077 et'
818 2031 856 2075 si
884 2029 1174 2074 considerata
1202 2030 1353 2087 quello
1374 2031 1462 2075 che
1490 2030 1528 2074 si
1558 2038 1821 2088 representa
1853 2033 1931 2086 del

275 2113 533 2172 predicator
554 2111 602 2154 in
623 2110 767 2154 latino
788 2111 816 2151 ¹.

365 2201 408 2246 5.
472 2189 532 2233 Di
549 2202 639 2244 qua
656 2186 808 2243 quello
825 2185 882 2228 de
900 2185 987 2228 che
1004 2197 1141 2240 posso
1158 2182 1310 2227 auisar
1324 2183 1371 2227 di
1387 2198 1543 2228 nuouo
1560 2199 1587 2228 a
1603 2186 1662 2228 V.
1679 2186 1734 2228 R.
1745 2218 1755 2237 ‚
1775 2186 1817 2238 6,
1839 2187 1927 2229 che

272 2268 304 2311 il
325 2282 440 2326 papa
462 2268 523 2310 ha
546 2266 659 2308 fatto
676 2264 767 2306 due
789 2259 1074 2318 deputationi
1096 2259 1143 2303 di
1164 2259 1399 2316 cardinali,
1423 2263 1510 2304 che
1532 2261 1563 2304 li
1584 2262 1841 2319 haueuarno
1863 2261 1928 2304 ri-

274 2346 476 2389 cordate:
501 2357 592 2399 vna
614 2355 694 2398 per
715 2338 953 2383 attendere
975 2337 1062 2381 alla
1082 2335 1330 2381 riduttione
1351 2337 1457 2382 delli
1479 2337 1687 2390 heretici,
1708 2330 1816 2391 etcT}
1842 2353 1923 2394 per

269 2423 316 2468 la
338 2422 444 2479 qual
466 2422 528 2464 ha
549 2416 769 2463 nominati
791 2429 820 2471 4
841 2413 1075 2467 cardinali,
1096 2415 1325 2470 Augusta,
1345 2415 1612 2467 Granuella,
1634 2414 1920 2467 Bordesiera,

274 2501 500 2552 francese‚
525 2504 571 2542 et
592 2494 878 2547 Comendon,
902 2506 994 2535 vno
1026 2505 1106 2548 per
1137 2489 1310 2535 nation.
1335 2490 1388 2536 L'
1410 2493 1524 2535 altra
1556 2491 1852 2547 deputatione
1874 2492 1923 2534 fu

273 2593 353 2635 per
374 2578 418 2620 la
439 2573 744 2620 Conuersione
766 2570 873 2616 delli
895 2568 1089 2621 infideli,
1115 2574 1161 2613 et
1184 2568 1320 2612 furno
1342 2568 1563 2612 nominati
1586 2567 1687 2611 altri
1710 2580 1738 2621 4
1772 2567 1923 2611 cardi-

271 2655 379 2709 nali,
405 2652 608 2707 Amulio,
634 2650 836 2701 Sirletto‚
858 2646 1059 2692 Criuello
1081 2651 1128 2690 et
1143 2645 1354 2700 Garrafa,
1373 2652 1420 2689 et
1441 2645 1518 2703 gia
1535 2646 1628 2688 han
1646 2643 1923 2688 cominciato

269 2733 312 2777 16
328 2746 411 2787 sue
427 2726 776 2788 congregationi
790 2727 823 2769 ².
839 2726 895 2768 Et
913 2723 959 2767 di
976 2737 1068 2779 qua
1083 2722 1283 2766 hauemo
1301 2722 1576 2791 cominciato
1594 2737 1620 2765 a
1637 2720 1750 2764 darli
1767 2721 1921 2764 alcuni

340 2836 352 2856 ¹
402 2831 505 2868 Vide
523 2828 641 2877 epist.
661 2827 747 2874 530,
761 2838 804 2862 n.
829 2834 864 2869 2,
885 2835 975 2860 eum
993 2826 1127 2857 annot.

335 2895 350 2916 ²
423 2890 617 2938 Quisnam
647 2887 688 2924 in
716 2886 826 2922 hisce
856 2881 1112 2919 cardinalium
1142 2880 1519 2926 congregationibus
1546 2879 1816 2915 adumbratam
1841 2889 1918 2916 non

265 2952 400 2989 videat
416 2960 566 2987 sacram
584 2947 634 2983 de
658 2943 908 2994 propaganda
930 2941 1008 2976 fide
1029 2938 1394 2986 congregationem,
1420 2951 1523 2987 quae
1551 2938 1695 2974 deinde
1719 2950 1742 2973 a
1767 2938 1918 2985 Grego-

264 3012 323 3049 rio
339 3011 414 3046 XV
433 3000 588 3056 plenius
608 3017 653 3042 ac
670 3003 885 3053 perfectius
903 3005 1036 3037 erecta
1053 3010 1098 3035 ac
1116 2997 1298 3034 instituta
1314 2997 1407 3034 fuit?
1424 2997 1554 3045 Hujus
1574 3003 1707 3033 tamen
1731 2997 1916 3044 egregiae

266 3067 526 3107 institutionis
544 3064 781 3102 incunabula
798 3073 877 3098 non
895 3065 986 3096 ante
1010 3057 1280 3106 pontificatum
1296 3055 1481 3103 Gregorii
1498 3056 1595 3092 XIII
1618 3057 1668 3092 ab
1691 3056 1915 3092 auctoribus

266 3127 485 3177 generatim
502 3128 757 3173 reponuntur.
777 3120 839 3158 Cf.
860 3120 1044 3163 MORONI,
1065 3116 1309 3153 Dizionario
1326 3116 1372 3152 di
1387 3116 1621 3152 erudizione
1637 3115 1917 3166 storico-eccle-

452 3192 568 3221 Emsr.
588 3189 627 3218 P.
647 3188 782 3223 NADAL,
803 3190 882 3214 rom.
902 3183 967 3212 111.
1007 3184 1014 3186 “
1667 3180 1704 3208 40
