2228 3548
904 275 943 304 11
972 267 1075 311 Mam
1102 266 1194 312 1566
1739 264 1806 301 123

225 385 371 429 regno
391 371 496 413 Dei.
522 371 597 414 Ha
619 370 746 416 detto
769 369 1102 427 publicamente
1122 369 1165 412 al
1186 367 1481 412 arciuescouo
1502 368 1559 410 de
1580 367 1856 424 Saltzburgo

226 454 385 506 queste
404 448 573 504 parole:
603 465 620 488 «
629 449 675 491 Io
697 462 810 505 poco
832 446 1058 492 differiseo
1078 446 1136 489 da
1152 445 1228 489 uoi
1249 444 1366 498 altri,
1385 444 1644 502 imperoche
1665 450 1796 489 sento
1811 443 1855 488 la

227 539 396 579 messa,
420 526 597 569 benehe
625 540 761 570 senza
789 538 984 569 canone:
1014 522 1252 567 comunico
1279 523 1362 565 sub
1388 526 1582 578 utraque
1602 522 1764 578 specie:
1792 520 1852 564 ri-

229 610 365 659 tengo
387 603 430 646 le
450 601 654 659 imagini:
680 602 826 646 saccio
849 602 1020 645 cantar'
1044 599 1075 643 li
1097 598 1232 643 officii
1254 598 1413 652 diuini,
1439 613 1644 655 vespero,
1668 596 1855 642 matuti-

226 693 316 725 no»
340 685 430 725 etc.

316 769 356 801 2.
422 757 458 800 Il
485 758 537 803 P.
570 756 752 800 Canisio
781 762 827 801 et
853 755 898 799 io
928 753 1169 799 habbiamo
1207 753 1387 797 uisitato
1409 752 1440 795 il
1468 754 1596 796 Rmo.
1629 751 1854 795 saltzbur-

224 847 383 892 gense,
407 834 439 876 il
461 835 593 890 quale
615 834 656 877 61
677 835 737 877 113
757 834 873 876 fatto
895 846 1009 889 gran
1031 830 1336 888 accoglienza,
1362 837 1407 873 et
1430 825 1721 873 trattenutoci
1737 827 1853 872 assai

223 910 461 955 dicendoci
481 911 539 956 de
565 911 702 954 molte
729 924 834 954 cose
861 916 949 953 etc.
975 908 1078 952 Co'l
1099 909 1228 952 Rmo.
1255 921 1568 950 cameracense
1590 907 1598 927 ¹
1624 905 1854 949 trattiamo

222 989 362 1031 molto
385 988 744 1042 familiarmente,
759 993 805 1030 et
822 985 863 1029 ci
880 985 1097 1029 dimostra
1118 985 1278 1042 grand’
1303 983 1540 1036 affettion',
1561 981 1855 1026 comunican—

223 1065 282 1108 do
304 1078 391 1108 con
415 1065 488 1108 noi
511 1065 554 1110 16
575 1078 680 1108 cose
701 1077 799 1108 sue.
825 1063 861 1106 Il
883 1068 1001 1105 tutto
1022 1061 1089 1105 sia
1110 1075 1136 1105 a
1157 1060 1366 1117 maggior
1389 1060 1533 1117 gloria
1561 1059 1677 1102 della
1699 1058 1854 1102 diuina

224 1142 378 1185 bonta.

316 1231 358 1274 3.
422 1218 458 1261 Il
475 1220 530 1263 P.
549 1218 764 1274 Vanegas
781 1216 796 1237 ⁸
814 1216 840 1259 6
854 1214 1051 1259 arriuato
1067 1228 1172 1271 qua,
1190 1228 1305 1258 sono
1319 1220 1480 1270 quatro
1497 1228 1523 1256 o
1540 1212 1670 1256 cineo
1686 1211 1851 1269 giomi,

225 1301 271 1339 et
292 1294 404 1340 hier’
429 1295 458 1337 l'
483 1295 597 1337 altro
617 1294 646 1336 l’
671 1292 912 1337 habbiamo
932 1291 1147 1336 mandato
1169 1305 1196 1334 a
1216 1290 1424 1347 Dilinga,
1450 1290 1660 1333 366106116
1681 1289 1712 1332 11
1734 1288 1856 1346 possi

223 1378 448 1428 aspettare
468 1371 511 1415 al
533 1373 586 1415 P.
612 1371 848 1422 Ledesma,
874 1375 920 1414 et
941 1369 1095 1413 andar’
1115 1367 1303 1413 insieme
1320 1367 1485 1411 conlui
1503 1382 1528 1410 a
1546 1368 1704 1419 Roma,
1725 1379 1854 1409 come

223 1450 323 1493 sara
343 1448 471 1492 finita
492 1449 535 1492 13
555 1447 692 1502 dieta,
717 1448 803 1492 che
824 1448 925 1491 sara
945 1452 1114 1502 presto.
1141 1446 1190 1489 In
1212 1452 1375 1502 questo
1398 1459 1553 1489 mezzo
1574 1444 1737 1500 puotra
1753 1441 1853 1486 aiu-

225 1528 306 1570 tar’
331 1540 358 1569 a
381 1526 462 1569 far'
487 1525 669 1569 alchuni
687 1524 807 1568 uersi
822 1538 903 1580 per
919 1524 961 1568 la
979 1522 1362 1580 representatione
1384 1522 1488 1566 dell’
1510 1520 1694 1577 Euripo,
1715 1521 1799 1564 che
1816 1519 1853 1563 si

223 1604 318 1647 fara
343 1603 376 1646 li
403 1602 583 1646 dinanzi
610 1602 683 1646 alli
712 1601 829 1647 Rmi.
848 1609 869 1629 ²
890 1602 1058 1658 legato,
1091 1607 1365 1657 augustano,
1396 1606 1442 1643 et
1471 1598 1638 1642 nuncio
1661 1599 1675 1619 ⁵
1706 1604 1793 1641 etc.
1820 1598 1854 1640 Il

224 1679 388 1736 giorno
409 1686 553 1724 stesso
570 1681 655 1725 che
671 1679 821 1724 arriuo
837 1679 896 1732 la,
916 1679 1014 1722 fece
1031 1675 1212 1721 alchuni
1230 1675 1449 1733 epigrami
1467 1676 1540 1719 all’
1565 1675 1851 1732 imperatore,

225 1757 268 1800 al
288 1758 417 1801 Rmo.
444 1757 501 1802 de
523 1758 753 1814 Augusta,
778 1757 852 1801 all’
879 1756 1025 1800 Illmo.
1055 1755 1225 1811 legato,
1250 1761 1296 1798 et
1317 1754 1359 1797 al
1380 1754 1524 1796 ducea
1556 1753 1613 1797 de
1642 1751 1851 1805 Bauiera,

226 1834 306 1877 etb
327 1833 358 1876 li
379 1835 573 1878 hauemo
593 1840 811 1877 mostrato
833 1834 875 1876 al
897 1838 1172 1889 augustano,
1191 1836 1237 1874 et
1257 1829 1288 1873 11
1310 1837 1586 1874 contentano
1607 1829 1761 1872 molto.

319 1923 361 1966 4.
424 1910 512 1955 Gia
532 1913 594 1954 ho
614 1910 751 1954 serito
773 1926 798 1954 a
821 1911 878 1954 V.
907 1912 960 1954 P.
986 1923 1113 1953 come
1137 1908 1302 1952 uoleuo
1323 1908 1524 1951 mandar’
1545 1907 1586 1949 al
1607 1907 1687 1949 Dr.
1716 1905 1858 1949 Paiua

226 1987 273 2030 in
295 1988 557 2045 Portogallo
577 2003 640 2031 vn
662 1987 778 2030 libro
800 1989 886 2032 6116
907 1988 967 2030 113
987 1985 1124 2030 serito
1140 1984 1386 2037 Kemnisio,
1406 1998 1489 2027 suo
1512 1984 1677 2035 emulo‚
1698 1989 1856 2026 contra

225 2063 255 2107 il
278 2063 485 2117 concilio,
511 2064 825 2121 respondendo
845 2071 862 2091 0
885 2078 911 2107 a
932 2063 1082 2119 quello
1103 2063 1190 2107 6116
1222 2061 1364 2106 Paiua
1386 2061 1524 2105 scrise
1546 2066 1704 2103 contra
1725 2059 1770 2102 di
1791 2059 1855 2102 lui

225 2140 272 2183 in
294 2139 547 2184 defension’
572 2141 689 2184 della
710 2138 994 2196 Compagnia
1010 2139 1043 2182 ⁴.
1068 2139 1102 2182 Il
1119 2139 1249 2182 Rmo.
1273 2151 1590 2182 cameracense
1607 2136 1647 2179 61
1669 2138 1728 2179 113
1745 2137 1858 2180 fatto

226 2216 430 2260 instanza
451 2219 552 2269 6116,
576 2232 655 2273 per
676 2224 838 2272 questo
859 2215 1038 2261 interim
1060 2217 1146 2259 che
1170 2214 1312 2259 Paiua
1333 2214 1545 2271 risponde
1567 2214 1626 2256 ad
1647 2213 1854 2270 longum,

228 2293 445 2337 facciamo
468 2293 658 2349 qualche
679 2294 819 2338 breue
841 2292 1054 2349 risposta,
1079 2291 1312 2349 pigliando
1339 2291 1521 2335 alchuni
1543 2290 1684 2333 buoni
1705 2289 1850 2346 punti3

229 2377 274 2414 et
296 2385 387 2413 non
418 2370 760 2427 puotendoglilo
789 2372 964 2426 negar',
989 2369 1229 2413 habbiamo
1251 2368 1550 2414 determinato
1566 2366 1610 2409 di
1628 2367 1859 2410 mandarlo

231 2447 274 2490 al
296 2449 348 2491 Ρ.
376 2447 480 2491 Pisa
502 2449 588 2491 che
610 2446 720 2504 pigli
742 2447 771 2489 l'
797 2453 1029 2503 assumpto
1045 2445 1082 2490 d.

300 2566 320 2588 8
359 2559 465 2596 Libr.
490 2559 699 2606 scripserat
727 2559 833 2595 R.¹1²0
851 2587 861 2606 ,
886 2558 1036 2594 Natalis
1059 2563 1190 2594 autem
1214 2558 1438 2595 emendavit
1468 2557 1655 2594 Rmi.-b
1675 2555 1860 2604 Sequitur

229 2618 354 2667 hoggi
375 2618 623 2654 obliteratum
647 2630 669 2654 a
693 2619 850 2654 libr.—e
880 2617 1064 2665 Sequitur
1087 2618 1210 2653 etiam
1239 2617 1412 2655 deletum
1437 2630 1459 2653 a
1482 2616 1651 2653 libr.—d
1665 2616 1710 2651 In
1734 2626 1857 2661 marg.

229 2676 387 2713 Polanci
405 2689 521 2714 manu
537 2679 634 2714 haec
651 2679 861 2714 habentur:
887 2677 1057 2712 Trattisi
1072 2677 1119 2713 de
1136 2688 1219 2713 cose
1235 2677 1364 2713 simili
1381 2689 1452 2713 con
1472 2677 1556 2713 Sua
1577 2675 1754 2712 Santitci.

302 2779 312 2799 ¹
363 2777 650 2814 Maximilianus
667 2778 716 2814 de
735 2778 916 2814 Walhain
935 2777 1122 2824 (Bergis).
1151 2777 1253 2814 Vide
1270 2778 1407 2826 Epist.
1427 2778 1583 2823 Natal.,
1601 2777 1653 2823 II,
1671 2775 1760 2822 309.

297 2839 311 2858 ²
362 2835 462 2872 Vide
481 2836 596 2883 epist.
615 2836 699 2882 382,
718 2849 761 2873 n.
788 2845 848 2873 10.
873 2837 917 2873 P.
937 2836 1101 2873 Michael
1119 2836 1316 2883 Vanegas,
1341 2837 1524 2884 egregius
1548 2837 1693 2880 rhetor,
1717 2834 1766 2870 de
1783 2845 1862 2882 quo

232 2893 390 2942 saepius
408 2894 556 2931 dictum
574 2901 635 2931 est
652 2895 692 2932 in
711 2897 792 2932 vol.
817 2896 871 2932 ΙΙ.

298 2953 314 2974 ⁸
361 2954 547 3000 Legatus,
562 2960 645 2990 erat
658 2954 986 2999 Commendonus3
1001 2955 1208 3002 episcopus
1221 2961 1477 3002 augustanus,
1492 2953 1698 2990 cardinalis
1714 2953 1858 2989 Truch—

230 3023 316 3048 sess
333 3012 382 3048 de
400 3014 605 3060 YValburg3
625 3015 799 3059 nuntius,
818 3013 1004 3050 Melchior
1021 3025 1152 3051 comes
1170 3014 1311 3062 Biglia.

305 3074 320 3095 ⁴
369 3071 469 3109 Vide
487 3073 603 3120 epist.
622 3073 707 3120 382,
726 3086 770 3111 n.
796 3082 856 3110 10.
