2228 3548
399 277 468 314 280
919 276 1057 311 EP1s’r.
1084 274 1130 310 P.
1157 271 1426 319 NADAL-443

349 385 501 422 menta
523 379 799 432 conduntur,
825 391 930 420 cum
957 376 1097 421 uellet
1118 375 1194 418 illa
1215 374 1399 419 omnino
1420 375 1529 420 dare
1549 376 1604 419 P.
1635 373 1858 427 Hermen,
1890 388 1982 431 ego

348 469 532 511 prorsus
555 454 739 511 negaui,
766 454 1040 498 confirmans
1061 453 1107 496 id
1134 451 1232 496 fieri
1260 466 1352 495 non
1379 466 1513 508 posse
1539 465 1596 495 ex
1622 451 1846 496 instituto:
1879 457 1982 494 tan-

346 538 442 574 tum
465 531 685 585 concessi,
712 538 763 574 ut
784 531 942 576 eadem
963 531 1243 575 donarentur
1265 528 1473 586 collegio,
1493 530 1551 573 ad
1571 530 1693 585 quod
1710 531 1763 573 P.
1784 530 1980 573 Hermes

346 617 566 651 uenturus
588 615 722 652 esset.
750 609 868 652 Cum
891 622 1049 651 rursus
1070 607 1382 659 contenderet,
1409 613 1459 649 ut
1480 613 1632 650 essent
1652 605 1728 651 illa
1755 605 1854 651 eius
1881 606 1978 650 col—

344 684 467 740 legii,
499 686 555 728 ad
585 686 706 740 quod
736 687 787 729 P.
823 687 1018 730 Hermes
1055 684 1250 728 subinde
1285 683 1478 736 ueniret,
1513 683 1830 729 uehementius
1865 684 1978 726 illud

343 761 529 817 negaui,
555 770 600 806 et
622 762 730 815 dixi,
761 769 813 806 ut
841 762 983 819 prius,
1014 761 1126 805 illud
1147 761 1243 806 fieri
1273 776 1365 804 non
1392 775 1542 817 posse,
1573 767 1618 805 et
1639 775 1845 818 pugnare
1872 775 1977 804 cum

343 839 668 884 constitutione
697 847 869 893 nostra,
910 847 956 885 et
992 840 1049 883 ad
1078 839 1239 883 uitium
1268 837 1548 896 proprietarii
1586 837 1825 895 pertinere.
1861 839 1979 882 Cum

347 916 509 960 iterum
532 916 607 960 illa
629 917 800 962 diceret
822 933 894 963 me
915 917 1004 961 iam
1028 916 1328 969 consensisse,
1354 916 1447 959 dixi
1477 931 1548 960 me
1570 930 1662 959 non
1683 915 1977 970 concessisse,

344 1008 494 1049 neque
515 996 783 1049 concedere,
809 995 894 1039 nisi
917 996 1036 1039 sicut
1057 1002 1127 1039 est
1153 1010 1291 1052 supra
1314 994 1501 1039 dictum.
1534 995 1652 1038 Cum
1681 994 1981 1050 interrogaret

342 1087 398 1116 ex
419 1087 508 1126 me,
533 1088 590 1116 an
613 1080 798 1129 possent
820 1073 1032 1119 mulieres
1055 1074 1100 1117 in
1123 1073 1367 1130 collegium
1404 1079 1611 1116 nostrum
1639 1070 1835 1128 ingredi,
1868 1069 1977 1124 dixi,

340 1162 399 1191 ex
420 1149 821 1194 constitutionibus
849 1151 1015 1195 nostris
1043 1153 1130 1195 hoc
1158 1150 1290 1195 nobis
1319 1165 1421 1195 esse
1451 1149 1759 1193 interdictum:
1790 1162 1979 1194 conces-

342 1226 455 1270 sisse
478 1241 560 1270 nos
583 1234 731 1272 tamen
760 1227 885 1284 ipsis,
917 1236 1099 1285 propter
1125 1243 1281 1272 earum
1304 1235 1350 1273 et
1378 1227 1559 1285 generis
1581 1234 1627 1271 et
1648 1226 1870 1270 uirtutum
1897 1241 1979 1271 ex-

343 1303 615 1348 cellentiam:
637 1305 851 1359 alioquin,
871 1306 907 1348 si
926 1306 1013 1349 alio
1036 1306 1229 1351 fuissent
1251 1307 1351 1349 loco
1372 1312 1522 1358 natae,
1543 1319 1627 1348 nos
1644 1318 1876 1360 nunquam
1887 1305 1978 1348 hoc

345 1379 432 1423 illis
452 1395 764 1425 concessuros.
798 1384 958 1439 Neque
988 1391 1138 1428 tamen
1171 1385 1362 1440 probare
1400 1385 1683 1439 frequentem
1714 1380 1892 1425 illarum
1922 1381 1981 1424 ad

345 1458 528 1501 hortum
551 1473 802 1503 accessum.

434 1536 474 1578 A
498 1539 640 1593 tergo,
658 1537 868 1594 simenez
896 1554 1056 1583 manu:
1084 1541 1218 1596 Quae
1246 1541 1383 1584 Pater
1410 1539 1585 1584 Natalis
1613 1538 1725 1582 dixit
1754 1545 1850 1582 2.8υέ
1877 1552 1982 1595 per-

343 1626 500 1656 sonae.
528 1614 714 1657 Natalis
735 1630 901 1658 manu:
922 1632 982 1660 m.

1109 1723 1226 1763 443

813 1807 857 1842 S.
891 1806 1222 1844 FRANCISCUS
1249 1807 1320 1842 DE
1344 1805 1514 1853 BORJA

702 1872 900 1916 PATRI
933 1873 1358 1917 HIERONYMO
1391 1873 1633 1916 NADAL

835 1958 1001 1991 ROMAE,
1033 1949 1078 1984 26
1108 1957 1317 1986 ocrossms
1347 1948 1437 1994 1566
1459 1952 1487 1985 ¹.

346 2017 382 2043 Ι.
407 2008 534 2044 Initia
557 2010 718 2056 collegii
743 2015 1019 2050 olomucensis:
1043 2015 1130 2050 ΡΡ.
1150 2015 1337 2050 Hernath
1352 2017 1390 2050 et
1414 2015 1538 2050 Perez
1561 2017 1732 2050 rectores
1756 2014 1981 2061 Tyrnaviae

392 2073 430 2104 et
457 2068 669 2105 Olomutii:
697 2071 890 2118 magistri
908 2076 986 2119 pro
1009 2073 1189 2120 collegiis
1213 2073 1427 2108 Pultoviae
1450 2076 1487 2109 et
1511 2071 1826 2120 Braunsbergae
1845 2074 1983 2120 provi-

391 2128 626 2165 dendi.—-2.
662 2130 903 2166 Provinciae
933 2132 1131 2168 Franciae
1161 2135 1197 2168 et
1222 2133 1468 2179 Aquitaniae
1498 2145 1524 2168 a
1554 2133 1699 2168 Natali
1727 2133 1983 2169 lustrandae:

391 2188 653 2236 collegiorum
670 2189 826 2236 Spirae,
836 2191 1078 2239 Herbipolis‚
1093 2192 1231 2228 Leodii
1242 2195 1279 2228 et
1294 2192 1433 2228 Sancti
1446 2193 1676 2228 Audomari
1688 2192 1889 2228 institutio
1903 2191 1985 2228 Na-

393 2247 471 2283 tali
479 2250 743 2294 procuranda
761 2251 1044 2286 committitur.
1062 2261 1140 2297 ——3.
1165 2252 1226 2288 De
1246 2252 1409 2287 Simone
1422 2254 1611 2299 pruteno:
1636 2253 1683 2288 de
1701 2252 1868 2300 collegio
1892 2252 1985 2288 Tre-

395 2307 531 2343 bonae:
556 2309 603 2343 de
626 2308 792 2344 Nicolao
817 2309 1037 2354 Salia—4.
1064 2311 1348 2355 Quorumdam
1368 2311 1604 2358 principum
1627 2311 1758 2346 nimia
1780 2323 1882 2358 erga
1905 2312 1984 2347 dis·

392 2366 495 2402 colos
507 2367 777 2403 benevolentia
794 2373 1144 2406 commemoratur:
1165 2372 1212 2406 de
1230 2371 1406 2406 remedio
1423 2371 1643 2406 adhibendo
1660 2370 1885 2406 consulitur
1901 2370 1980 2421 No-

393 2426 591 2470 taliS.-5.
614 2426 675 2462 De
705 2427 826 2461 Petro
847 2428 969 2463 Phae:
1001 2430 1047 2464 de
1065 2430 1299 2465 Hostovino:
1329 2430 1376 2466 de
1399 2429 1672 2465 Astensi.—6.
1697 2429 1983 2465 Instructiones

396 2484 558 2520 Natalis
570 2485 809 2532 probantur.
861 2494 901 2531 7.
926 2488 985 2523 De
1011 2489 1268 2536 PVolfgango,
1286 2489 1470 2536 simenez
1486 2492 1523 2525 et
1548 2488 1857 2525 Schoritio.-8.
1888 2488 1982 2524 Dis-

391 2546 575 2592 pensatio
588 2548 664 2592 pro
679 2546 866 2592 pluribus
883 2547 1078 2595 beneficiis
1094 2550 1218 2584 simul
1240 2549 1429 2585 habendis
1445 2550 1553 2585 dura
1569 2550 1748 2585 videtur.

446 2630 483 2660 1.
543 2619 677 2675 Jhus.
705 2618 843 2661 Molto
867 2620 977 2662 Rdo.
1004 2620 1049 2663 in
1072 2623 1190 2677 Xpo.
1221 2622 1380 2664 Padre.
1409 2623 1505 2665 Pax
1526 2621 1657 2677 Xpi.,
1683 2629 1771 2665 etc.
1798 2621 1846 2666 Si
1868 2636 1982 2665 sono

354 2693 557 2737 riceuute
580 2694 768 2738 insieme
789 2707 817 2747 4
839 2696 995 2739 lettere
1018 2697 1063 2738 di
1086 2699 1141 2741 V.
1170 2699 1243 2751 R.,
1269 2698 1313 2741 di
1337 2709 1392 2752 27
1415 2699 1460 2740 d’
1480 2699 1674 2754 Agosto,
1697 2708 1738 2752 5,
1759 2699 1786 2741 6
1803 2705 1849 2742 et
1866 2709 1892 2753 7
1910 2699 1983 2742 del

354 2778 580 2826 presente,
605 2778 650 2815 et
672 2772 712 2814 ci
734 2771 874 2814 siamo
902 2775 1041 2816 molto
1069 2775 1290 2818 consolati
1320 2776 1366 2817 in
1390 2776 1608 2827 Domino,
1634 2774 1910 2818 intendendo
1941 2776 1985 2819 la

429 2916 437 2934 ¹
490 2915 546 2948 Ex
566 2914 793 2960 archetypo,
812 2925 833 2948 a
852 2914 1076 2951 Fernandez
1095 2922 1267 2960 exarato,
1294 2923 1335 2953 et
1359 2917 1523 2964 Borgiae
1549 2929 1665 2953 manu
1689 2917 1924 2964 subscripto,
1943 2917 1983 2954 in

358 2970 450 3006 Cod⁴
488 2982 548 3017 34,
580 2972 724 3019 duplici
748 2972 839 3017 fol.‚
870 2973 934 3017 187
958 2975 1034 3020 (74,
1060 2979 1137 3021 75).
1173 2977 1456 3024 Postscriptum
1481 2978 1530 3013 ab
1555 2977 1630 3013 illis
1655 2977 1801 3013 verbis:
1829 2978 1979 3019 Padre,

355 3033 508 3073 muclzo,
529 3037 653 3067 totum
671 3037 730 3067 est
744 3033 908 3077 Borgiae
933 3037 1233 3082 autographum.
1262 3036 1363 3072 Vide
1381 3036 1496 3083 epist.
1521 3045 1606 3082 424,
1629 3036 1700 3083 432
1724 3042 1763 3072 et
1789 3035 1874 3083 433,
1897 3037 1981 3084 qui-

358 3090 430 3125 bus
446 3090 543 3125 haec
561 3090 786 3137 respondet.
