2228 3548
372 305 442 341 754
952 294 1089 328 EPIST.
1118 291 1162 327 Ρ.
1190 291 1342 327 NADAL

324 395 477 439 mandi
502 395 578 450 piu
601 393 840 438 uolentieri
864 409 890 438 e
912 407 998 436 con
1021 391 1233 448 maggior
1254 391 1469 435 baldezza
1490 392 1564 434 ch'
1587 391 1645 435 ad
1666 390 1800 434 alcun
1827 391 1962 446 altro,

324 470 402 511 per
424 455 466 497 le
489 467 626 496 cause
649 452 752 496 dell’
755 452 943 508 antiquo
965 450 1191 507 desiderio
1213 449 1285 494 ch'
1310 465 1338 494 o
1359 450 1405 493 di
1426 450 1630 502 seruirla,
1650 464 1676 493 e
1697 451 1862 506 perche
1880 464 1964 494 co-

324 528 463 556 nosco
491 513 522 554 il
551 513 724 568 grande
753 526 836 554 suo
865 512 1037 565 ualore,
1067 516 1114 554 et
1143 524 1294 553 amore
1322 510 1398 553 ch'
1427 510 1514 553 ella
1550 509 1610 552 mi
1642 510 1701 551 ha
1733 508 1808 565 gia
1845 509 1959 554 tanti

323 572 427 616 anni
450 578 643 628 portato.
671 573 728 614 D.
756 572 814 615 V
840 571 888 615 S.
915 571 1056 613 Illma
1082 571 1211 613 Rma.
1238 568 1476 613 humilimo
1498 568 1738 623 seruitore‚

1247 643 1295 672 IL
1327 634 1467 673 CARD.
1503 629 1718 671 AMUmo.

414 690 660 745 Inscriptio
703 690 754 731 in
790 692 956 745 quarta
987 688 1186 745 pagina:
1228 688 1290 732 Al
1331 688 1472 731 Illmo.
1514 694 1560 730 et
1597 688 1727 731 Rmo.
1759 686 1830 731 Sr.
1865 686 1961 731 mio

326 756 494 801 oss.m0,
509 749 538 791 il
556 749 627 793 Sr.
650 748 849 792 cardinal
861 748 1220 799 Commendone‚
1250 747 1403 804 legato
1419 747 1505 790 alla
1521 746 1642 789 dieta
1659 745 1702 789 in
1724 746 1956 802 Augusta.

324 809 432 851 Alia
450 823 607 850 manu:
636 808 762 862 1566.
789 809 948 851 Roma.
977 819 1001 850 2
1032 806 1271 851 Febbraio.
1304 807 1391 850 Dal
1420 806 1620 850 cardinal
1649 804 1850 848 Amulio.
1882 805 1958 848 Si-

318 868 428 925 gilli
450 868 712 924 vestigium.
774 917 779 923 ⁴
1987 862 1992 866 ¹

1124 1010 1163 1052 II

800 1104 841 1141 S.
869 1103 1202 1140 FRANCISCUS
1229 1104 1299 1139 DE
1325 1101 1495 1149 BORJA

649 1201 854 1242 JOANNI
895 1200 1210 1231 FRANCISCO
1250 1200 1637 1231 COMMENDONO

781 1284 974 1335 Romae,
1009 1293 1034 1335 7
1063 1281 1299 1325 Februarii
1332 1282 1444 1336 1566
1477 1283 1503 1325 ¹.

863 1376 1037 1412 Litterae
1055 1375 1417 1412 commendatitiae.

414 1461 556 1504 Illmo.
583 1467 629 1505 et
651 1461 782 1503 Rmo.
810 1461 957 1503 Mons.
983 1459 1026 1501 in
1058 1460 1176 1515 Xpo.
1209 1466 1361 1502 oss.¹¹¹⁰
1383 1459 1657 1503 Hauendoci
1688 1459 1963 1503 comandato

329 1522 423 1565 Sua
445 1522 540 1565 Sta.
566 1518 872 1564 mandassimo
900 1518 1050 1562 alcuni
1078 1532 1159 1575 per
1186 1518 1357 1562 seruire
1389 1519 1431 1562 al
1462 1519 1552 1562 ben
1584 1533 1823 1562 commune
1855 1526 1901 1563 et
1932 1533 1964 1562 av

255 1614 257 1616 -
325 1581 383 1624 V.
410 1581 458 1625 S.
485 1580 626 1623 Illma.
653 1579 771 1622 nella
792 1578 913 1622 dieta
935 1579 992 1622 de
1016 1579 1245 1634 Augusta,
1271 1577 1309 1621 si
1332 1578 1355 1621 ὲ
1379 1578 1492 1621 satta
1513 1578 1727 1622 elettione
1743 1577 1850 1622 delli
1868 1579 1959 1622 Pa-

324 1639 393 1682 dri
416 1641 519 1682 D.⁰r
546 1639 681 1682 Natal
703 1645 748 1681 et
771 1640 873 1681 D.⁰r
899 1638 1122 1681 Ledesma
1143 1651 1230 1680 con
1253 1637 1448 1693 qualche
1475 1651 1746 1694 compagno,
1771 1638 1856 1682 che
1883 1651 1957 1681 se-

323 1699 471 1742 condo
493 1705 647 1742 nostre
669 1698 829 1741 debole
853 1697 976 1740 forze
998 1711 1075 1739 era
1097 1697 1170 1740 del
1197 1696 1366 1753 meglio
1394 1698 1479 1740 che
1508 1704 1750 1753 poteuamo
1779 1697 1875 1750 dar;
1911 1702 1962 1740 et

324 1772 492 1801 ancora
519 1758 604 1800 che
632 1755 674 1800 ci
703 1756 769 1799 sia
798 1756 938 1798 molto
970 1769 1077 1799 caro
1106 1769 1285 1811 sempre
1313 1755 1343 1798 il
1380 1755 1524 1798 seruir
1561 1757 1646 1799 alla
1680 1762 1811 1799 santa
1847 1754 1960 1799 sede

324 1815 586 1873 apostolica,
612 1822 658 1860 et
680 1815 752 1858 alli
776 1814 1011 1871 principali
1034 1813 1227 1858 ministri
1248 1814 1294 1857 di
1311 1829 1427 1866 essa,
1446 1814 1768 1870 specialmente
1785 1814 1826 1858 ci
1843 1828 1955 1858 con-

325 1877 496 1919 solamo
516 1877 602 1919 che
638 1874 670 1917 li
691 1874 805 1918 detti
827 1874 863 1917 si
887 1874 1115 1917 habbiano
1137 1874 1195 1917 ad
1216 1874 1460 1930 adoperare
1481 1873 1529 1917 in
1544 1874 1733 1918 seruitio
1751 1874 1809 1918 de
1826 1875 1882 1918 V.
1901 1874 1954 1918 S..

326 1937 464 1979 Illma.
492 1949 571 1991 per
593 1934 623 1976 1’
654 1933 820 1990 special
850 1932 1096 1977 deuotione
1123 1939 1168 1978 et
1196 1933 1451 1977 reuerentia
1478 1935 1563 1976 che
1593 1933 1836 1976 habbiamo
1867 1932 1958 1976 alla

325 2009 521 2051 persona
543 2007 640 2046 sua;
664 1999 710 2036 et
731 1993 896 2048 perche
919 1992 949 2034 li
971 1991 1172 2036 mandati
1189 2006 1304 2035 sono
1320 1993 1481 2036 lettere
1497 1993 1621 2044 uiue,
1641 2007 1733 2036 non
1751 1991 1812 2035 mi
1828 1998 1957 2036 sten-

325 2055 435 2099 dero
458 2054 504 2096 in
527 2053 641 2096 altro
663 2066 742 2108 per
764 2060 938 2106 questa,
965 2051 1342 2107 persuadendomi
1365 2053 1452 2096 che
1474 2054 1531 2096 V.
1558 2053 1606 2097 S
1628 2053 1767 2095 Illma.
1789 2051 1854 2108 gli
1869 2052 1959 2094 ha-

327 2115 437 2158 uera
459 2127 539 2169 per
558 2111 893 2155 raccomendati
916 2110 1016 2153 anzi
1038 2125 1118 2167 per
1140 2124 1245 2153 cosa
1269 2125 1367 2160 sua,
1393 2125 1521 2155 come
1539 2111 1645 2154 tutti
1662 2111 1820 2155 siamo.
1843 2112 1955 2154 Pre-

328 2174 422 2229 gho
443 2173 534 2215 ben
554 2172 598 2214 la
619 2170 774 2213 diuina
796 2177 842 2212 et
863 2185 1040 2213 summa
1061 2170 1218 2223 bonta,
1251 2171 1337 2213 che
1359 2171 1420 2213 ha
1444 2171 1554 2214 satta
1575 2170 1729 2226 grazia
1759 2185 1786 2213 a
1813 2170 1869 2214 V.
1902 2170 1955 2214 S.

327 2232 469 2274 lllma.
496 2231 553 2274 de
575 2228 737 2286 poterli
758 2228 929 2272 seruire
951 2244 1037 2272 con
1061 2235 1185 2272 tante
1209 2229 1374 2273 fatiche
1402 2229 1449 2272 in
1480 2229 1604 2272 aiuto
1635 2229 1681 2272 di
1713 2244 1796 2273 sua
1826 2235 1961 2272 santa

326 2290 493 2342 chiesa
519 2289 557 2332 si
579 2287 718 2345 degni
740 2295 975 2332 aumentar
997 2288 1044 2330 in
1066 2287 1124 2332 lei
1146 2289 1190 2331 la
1217 2288 1454 2362 sapientia,
1489 2296 1535 2332 et
1565 2288 1739 2344 spirito,
1771 2295 1817 2331 et
1845 2287 1955 2344 ogni

325 2349 478 2406 grazia
499 2363 598 2402 sua,
623 2347 749 2391 accio
779 2347 904 2389 siano
936 2348 1022 2390 alla
1049 2347 1258 2401 giornata
1289 2347 1364 2404 piu
1398 2347 1611 2391 fruttuosi
1641 2347 1672 2390 li
1704 2346 1839 2390 officii
1869 2348 1959 2390 che

326 2409 419 2452 fara
442 2423 521 2464 per
541 2409 571 2450 l'
597 2407 720 2450 aiuto
741 2407 799 2450 de
821 2406 958 2450 molte
981 2406 1129 2450 anime
1151 2413 1196 2449 et
1218 2407 1363 2463 gloria
1385 2422 1482 2450 sua.
1510 2409 1578 2450 De
1601 2409 1760 2459 Roma,
1792 2405 1823 2448 li
1852 2417 1877 2460 7
1906 2405 1955 2449 di

324 2469 523 2513 Febraro
550 2467 677 2521 1566.

393 2598 402 2618 ¹
454 2598 513 2633 Ex
531 2597 719 2643 Regesto,
741 2593 838 2630 Cod.
863 2605 906 2640 33
918 2595 976 2642 f),
999 2595 1039 2633 ff.
1058 2596 1118 2640 65,
1143 2594 1203 2632 66.
1229 2596 1274 2631 In
1298 2595 1486 2642 margine:
1514 2596 1715 2643 Augusta.
1747 2574 1966 2631 Car-denuc*

322 2656 566 2693 Comendon.
586 2652 687 2691 Vide
705 2665 793 2701 pag.
815 2663 850 2700 2,
870 2659 909 2690 et
927 2666 1035 2702 seqq.
