2228 3548
395 283 442 329 96
906 281 1045 316 Emsr.
1072 278 1116 314 P.
1145 275 1419 323 NADAL-384

346 383 479 429 luerit
511 397 717 428 summus
747 381 975 439 pontifex,
1008 380 1143 422 modo
1181 378 1362 422 interim
1385 385 1565 423 constet
1586 393 1676 423 non
1700 379 1988 425 consensisse

345 463 507 505 Ill.¹¹¹um
530 460 762 504 dominum
787 460 1006 516 legatum,
1028 464 1116 500 etc.

434 540 560 582 Haec
578 553 604 581 a
621 536 752 580 nobis
768 536 889 579 dicta
905 534 1011 587 sint,
1026 540 1071 577 et
1088 532 1295 577 subiecta
1310 539 1575 578 reuerenter
1588 533 1756 578 iudicio
1769 535 1818 580 S.
1838 537 1896 579 D.
1918 536 1976 580 N.

344 623 390 661 et
410 622 594 659 sanctae
615 613 734 657 sedis
756 611 1051 669 apostolicae,
1071 610 1366 667 omniumque
1388 610 1558 655 rectius
1578 611 1885 656 sentientium.

344 695 671 737 HIERONYMUS
688 692 922 734 NATALIS.
976 690 1173 733 PETRUS
1197 688 1445 732 CANISms.
1486 689 1703 746 JAcoBus
1726 690 1974 734 LEDESMA.

425 823 572 863 2271·
1125 821 1172 860 ΙΙ

435 937 470 968 1.
530 924 646 981 Jhus
667 924 694 965 ¹.
717 922 859 966 Molto
877 922 989 966 Rev.
1003 919 1045 948 ‘¹⁰
1065 922 1141 964 P.e
1163 921 1247 965 Ν.0
1264 919 1311 963 in
1329 920 1529 964 Christo.
1550 922 1648 965 Pax
1665 921 1836 965 Christi
1853 929 1942 967 etc.
1959 928 1981 950 ὃ

340 1004 428 1047 Per
450 1003 526 1044 un’
552 1001 666 1044 altra
688 998 889 1043 scriuero
912 998 956 1040 d’
981 998 1095 1042 altre
1116 1011 1223 1042 cose
1244 1005 1291 1041 et
1312 998 1589 1054 respondero
1611 1013 1638 1042 a
1658 999 1809 1054 quella
1830 999 1935 1044 delli
1954 1009 1978 1055 5

406 1109 427 1130 a
465 1103 560 1143 Bo.,
579 1099 734 1136 omissis
753 1099 949 1142 omnibus,
965 1109 1065 1146 quae
1085 1098 1338 1146 praecedunt,
1353 1098 1450 1134 haec
1470 1098 1689 1135 substituit:
1706 1099 1759 1135 Al
1777 1100 1900 1136 molto
1917 1112 1980 1137 re-

337 1162 508 1198 verendo
527 1161 662 1196 Padre
680 1160 898 1195 Francesco
916 1159 963 1194 de
981 1159 1140 1207 Borgia
1157 1159 1366 1207 Preposito
1384 1157 1584 1195 Generale
1597 1159 1706 1195 della
1723 1157 1978 1208 Compagm'a

339 1222 383 1257 di
404 1220 510 1257 Geszi
520 1247 528 1256 .

415 1314 423 1332 ¹
477 1310 653 1356 Sequens
678 1308 843 1356 epistola
867 1307 972 1343 edita
995 1307 1070 1344 fuit
1087 1319 1109 1343 a
1135 1308 1184 1343 P.
1213 1307 1385 1355 Josepho
1407 1309 1549 1354 Boero,
1568 1308 1608 1345 in
1640 1309 1732 1344 Vita
1761 1309 1826 1345 del
1849 1309 1976 1346 Beato

341 1371 478 1406 Pietro
513 1368 690 1414 Canisio,
724 1379 844 1415 pagg.
881 1365 1056 1403 300-302.
1092 1366 1181 1403 Non
1210 1372 1343 1403 tamen
1372 1367 1511 1403 inutile
1544 1367 1627 1404 fore
1656 1368 1840 1405 duximus
1870 1368 1975 1405 illam

339 1429 467 1465 denuo
484 1428 546 1464 hic
564 1427 766 1473 recudere,
786 1426 902 1474 idque
922 1425 1065 1473 triplici
1083 1425 1330 1473 potissimum
1348 1426 1397 1462 de
1415 1438 1551 1463 causa.
1580 1427 1710 1463 Primo
1734 1427 1908 1476 quidem,
1933 1433 1977 1464 ut

337 1489 536 1535 exemplar
553 1488 822 1534 archetypum,
841 1498 864 1522 a
881 1486 929 1521 P.
954 1487 1079 1522 Boero
1098 1485 1318 1522 mutilatum
1337 1491 1379 1521 et
1396 1486 1726 1530 transformatum,
1754 1487 1907 1534 integre
1931 1498 1976 1524 ac

335 1547 516 1591 fideliter,
541 1547 580 1582 in
604 1547 677 1582 hoc
702 1546 855 1593 proprio
882 1545 985 1582 illius
1010 1546 1110 1592 loco,
1134 1544 1298 1592 editum,
1317 1545 1503 1582 historiae
1521 1547 1692 1582 cultores
1711 1547 1884 1594 reperire
1910 1558 1975 1583 va-

335 1608 454 1652 leant3
473 1606 602 1652 agitur
620 1605 724 1641 enim
742 1605 791 1641 de
817 1610 1070 1640 monumento
1095 1604 1256 1641 minime
1280 1604 1515 1652 spernendo,
1534 1611 1589 1652 et,
1613 1605 1662 1641 ad
1685 1606 1886 1642 historiam
1914 1617 1976 1643 re-

334 1678 469 1702 cessus
488 1665 694 1711 augustani
707 1664 1025 1711 collustrandam,
1040 1663 1269 1711 peridoneo.
1290 1664 1472 1700 Secundo
1485 1670 1631 1712 autem,
1646 1670 1689 1701 ut
1707 1677 1824 1701 verus
1839 1671 1974 1702 auctor

332 1725 446 1772 hujus
465 1725 653 1772 epistolae
672 1736 720 1760 ex
739 1724 837 1771 ipsa,
856 1729 897 1760 et
914 1723 1142 1760 nominatim
1161 1735 1210 1759 ex
1228 1723 1323 1760 locis
1341 1735 1363 1759 a
1387 1725 1512 1760 Boero
1530 1724 1735 1771 truncatis,
1754 1726 1973 1761 luculenter

332 1790 531 1832 appareat.
556 1784 691 1820 Tertio
710 1783 882 1829 tandem,
901 1788 943 1819 ut
962 1784 1147 1820 nonnulla
1164 1788 1308 1830 puncta
1326 1784 1581 1829 subobscura,
1600 1785 1650 1820 ab
1668 1790 1828 1820 auctore
1846 1796 1895 1820 ex
1914 1785 1971 1820 in—

333 1844 481 1880 dustria
503 1854 642 1879 arcano
665 1854 845 1879 sermone
870 1844 1014 1889 velata,
1040 1848 1080 1878 et
1106 1854 1128 1878 a
1151 1843 1196 1878 P.
1222 1843 1347 1879 Boero
1371 1843 1661 1891 praetermissa,
1680 1843 1878 1880 declarare
1901 1853 1970 1892 pro

333 1908 466 1940 nostra
482 1903 668 1939 facultate
686 1908 927 1949 satagamus.

404 1964 650 2011 Inquiramus
667 1973 761 2009 ergo
779 1968 869 1998 ante
895 1962 1024 1999 omnia
1047 1962 1225 2010 quisnam
1250 1961 1368 1999 fuerit
1391 1968 1527 2000 auctor
1549 1962 1665 2010 hujus
1688 1963 1895 2011 epistolae.
1925 1963 1968 1999 Si

331 2023 486 2059 Patrem
504 2024 629 2058 Boero
648 2022 948 2069 interrogemus,
967 2023 1064 2058 haec
1082 2023 1194 2058 nobis
1212 2023 1437 2070 respondet,
1453 2023 1533 2059 100.
1552 2023 1620 2059 cit.
1640 2034 1730 2070 pag.
1749 2022 1835 2059 300:
1857 2023 1912 2058 «E
1929 2022 1969 2059 di

329 2081 390 2118 cio
408 2083 483 2129 [sc.
506 2081 554 2117 de
574 2093 666 2117 vera
682 2081 843 2117 historia
862 2093 1041 2117 recessus
1059 2082 1281 2130 augustani]
1301 2082 1481 2118 abbiamo
1505 2082 1545 2118 in
1569 2082 1658 2118 fede
1682 2083 1719 2119 la
1743 2082 1969 2118 narrazione

329 2142 392 2177 del
411 2141 591 2188 Calegari
608 2140 758 2176 riferita
775 2140 837 2176 dal
856 2140 1061 2187 Laderchi,
1080 2153 1101 2177 e
1121 2141 1187 2188 piu
1205 2142 1346 2178 lettere
1364 2141 1427 2178 del
1442 2141 1614 2189 Canisio,
1632 2153 1654 2178 e
1672 2146 1969 2188 segnatamente

329 2212 405 2236 una
422 2201 487 2236 dei
502 2205 657 2247 quattro
677 2199 847 2246 Maggio,
867 2201 1110 2236 sottoscritta
1129 2212 1225 2248 pure
1243 2200 1349 2248 dagli
1367 2201 1455 2237 altri
1472 2200 1549 2237 due
1572 2201 1793 2249 compagni,
1818 2201 1855 2236 la
1877 2211 1970 2248 qua-

327 2261 377 2302 le,
397 2259 671 2305 avvegnacche
696 2258 831 2294 scritta
855 2258 895 2294 in
920 2271 1052 2295 mezza
1077 2259 1187 2305 cisra,
1214 2261 1345 2307 voglio
1367 2260 1434 2308 qui
1456 2261 1645 2308 riportare
1669 2261 1709 2296 in
1735 2270 1882 2308 pruova
1904 2259 1967 2296 del

328 2330 467 2354 vero.»
486 2319 687 2354 Hactenus
705 2319 846 2364 Boero,
863 2318 930 2365 qui
949 2319 1081 2355 statim
1101 2319 1325 2356 transcribit
1342 2320 1562 2367 epistolam,
1580 2319 1630 2355 de
1647 2331 1723 2367 qua
1741 2330 1868 2355 sermo
1887 2323 1963 2355 est.

330 2379 388 2413 Ex
405 2378 512 2414 hisce
530 2377 661 2414 verbis
680 2377 802 2425 liquet
820 2383 1018 2414 auctorem
1036 2378 1226 2425 epistolae
1243 2378 1366 2415 fuisse
1384 2379 1599 2416 canisium:
1619 2379 1799 2415 Natalem
1817 2389 1910 2414 vero
1925 2382 1965 2413 et

329 2436 573 2481 Ledesmam,
597 2441 749 2472 tantum
774 2446 915 2472 nornen
940 2438 1183 2484 apposuisse.
1210 2439 1255 2474 In
1278 2439 1352 2474 hoc
1376 2443 1507 2475 autem
1526 2439 1782 2474 vehementer
1811 2448 1963 2473 errasse

328 2496 483 2531 Patrem
501 2497 624 2531 Boero
642 2495 774 2530 statim
793 2495 1058 2532 ostendemus.
1078 2498 1190 2533 Prius
1203 2508 1362 2533 causam
1376 2497 1517 2534 erroris
1534 2497 1833 2543 investigemus.
1847 2497 1962 2532 Illum

328 2554 428 2590 forte
446 2554 587 2590 fefellit
604 2555 741 2590 titulus
759 2554 870 2590 initio
889 2556 1090 2603 archetypi
1109 2556 1148 2592 in
1167 2557 1342 2604 margine
1360 2557 1494 2604 ignota
1508 2568 1623 2592 manu
1636 2556 1806 2602 additus,
1824 2555 1890 2603 qui
1908 2555 1962 2592 ita

326 2614 457 2649 habet:
480 2614 638 2649 Lettera
655 2614 719 2649 del
738 2614 786 2648 P.
816 2612 979 2650 Canisio
1003 2627 1022 2651 e
1046 2617 1111 2652 del
1131 2617 1180 2655 P.
1203 2617 1392 2653 Ledesma
1415 2620 1537 2663 sopra
1561 2616 1596 2652 le
1621 2627 1704 2652 cose
1728 2615 1836 2651 della
1853 2616 1963 2651 dieta

327 2673 575 2719 d’Augusta.
614 2673 707 2717 [556
725 2671 811 2718 [sie,
831 2684 899 2719 pro
924 2674 1053 2721 1566].
1079 2674 1160 2711 Cur
1190 2675 1356 2723 scriptor
1380 2675 1496 2722 hujus
1520 2674 1623 2710 tituli
1647 2686 1789 2710 nomen
1813 2673 1964 2710 Natalis

326 2731 474 2775 omisit,
499 2743 587 2767 cum
611 2731 651 2767 in
675 2731 760 2778 ipso
785 2733 998 2779 archetypo
1022 2734 1192 2782 primus,
1219 2746 1297 2771 non
1323 2735 1450 2771 solum
1475 2745 1640 2780 nornen,
1659 2733 1730 2769 sed
1754 2733 1820 2770 illa
1843 2734 1965 2769 verba

323 2789 385 2825 De
412 2791 454 2825 V.
483 2791 580 2825 Paci
605 2791 716 2826 serui
734 2792 778 2826 in
800 2790 973 2834 Christo,
998 2794 1152 2840 propria
1172 2806 1287 2830 manu
1306 2791 1600 2840 subscripserit?
1617 2792 1869 2840 Suspicamur
1886 2792 1963 2829 Na-

323 2847 412 2883 talis
435 2859 577 2884 nomen
602 2848 690 2884 ideo
715 2851 1052 2897 praetermissum,
1078 2853 1169 2900 quia
1194 2858 1399 2889 annotator
1430 2852 1526 2888 illud
1552 2854 1685 2899 legere
1709 2863 1786 2888 non
1810 2852 1956 2899 potuit.

321 2905 401 2941 Sed
419 2907 466 2941 P.
496 2908 636 2954 Boero,
653 2907 718 2954 qui
738 2907 887 2943 Natalis
913 2910 1076 2957 litteras,
1102 2911 1205 2947 haud
1228 2911 1387 2959 quidem
1411 2912 1515 2947 lectu
1538 2911 1690 2958 faciles,
1710 2923 1827 2958 saepe
1845 2910 1958 2956 vidit,

321 2965 423 3001 illius
442 2976 583 3001 nomen
601 2972 707 3002 recte
726 2977 796 3001 suo
815 2967 899 3002 loco
918 2969 1108 3015 restituit;
1136 2975 1176 3006 et
1193 2969 1444 3006 nihilominus
1468 2970 1660 3018 epistolae
1684 2970 1959 3017 paternitatem

322 3026 400 3067 (res
417 3024 574 3071 quidem
592 3025 703 3068 mira)
721 3025 879 3061 Canisio
894 3026 1147 3073 adjudicavit.

395 3084 522 3119 Verus
540 3089 670 3119 tamen
687 3090 821 3120 auctor
839 3092 899 3120 est
919 3087 1083 3135 Natalis,
1101 3100 1174 3126 nec
1192 3090 1330 3125 umbra
1346 3088 1456 3125 dubii
1474 3100 1562 3125 esse
1586 3087 1730 3137 poterit
1753 3087 1794 3124 in
1816 3088 1888 3123 hac
1911 3097 1954 3122 re
