2228 3548
423 287 493 332 652
941 287 1080 323 Emsr.
1107 287 1153 322 P.
1181 286 1454 334 NADAL—544

373 396 467 443 tus,
495 395 540 432 et
562 387 830 431 charissimo
852 386 978 431 Patri
1001 401 1094 430 non
1116 401 1305 443 possum
1327 402 1420 431 non
1441 389 1676 445 gratulari,
1697 389 1819 446 quod
1836 404 2019 446 sperem

377 467 465 508 hac
487 463 751 507 occassione
774 464 885 517 fore,
913 470 963 507 ut
990 470 1173 508 nostrae
1198 463 1469 520 provintiae,
1494 464 1614 508 sicut
1643 472 1689 510 et
1715 465 1871 510 multis
1894 466 2012 521 aliis,

376 542 607 598 praeclare
629 541 911 585 consulatur.

467 620 538 663 De
559 633 632 662 me
653 617 764 661 nihil
787 618 934 662 dicam
956 617 1095 672 aliud,
1121 632 1256 674 quam
1279 619 1401 674 quod
1423 633 1479 662 ex
1507 618 1658 663 animo
1685 614 1864 676 cupiam
1895 622 2015 665 novo'

379 695 598 752 superiori
621 710 701 752 per
722 694 874 738 omnia
890 693 1097 752 obsequi,
1117 701 1163 738 et
1180 694 1401 752 singulari
1419 695 1704 740 obedientiae
1721 696 1873 740 studio
1889 711 2017 740 com-

379 786 573 830 pensare
595 772 657 825 id,
690 772 812 829 quod
833 771 928 815 scio
955 778 1002 816 et
1023 772 1154 825 doleo
1182 786 1318 829 saepe
1340 787 1366 816 a
1388 787 1460 816 me
1481 772 1848 829 praetermissum
1879 780 2019 831 atque

381 850 645 907 neglectum
672 864 789 903 esse,
821 848 1085 907 praesertim
1114 863 1204 905 quo
1233 856 1437 906 tempore
1469 849 1751 895 visitatorem
1783 850 1905 907 apud
1936 865 2021 895 nos

382 926 479 984 egit
507 929 561 971 R.
596 928 671 980 T.,
707 926 782 970 cui
808 940 898 984 ego
925 927 1119 970 multum
1150 941 1287 983 saepe
1315 926 1489 984 negotii
1521 934 1567 972 et
1599 926 1835 972 molestiae
1869 927 2020 974 attuli.

385 990 619 1061 Propitius
641 1003 752 1047 mihi
774 1003 833 1048 sit
854 1002 1077 1048 Dominus
1104 1004 1167 1047 ¹...

1143 1133 1261 1174 54⁴1

830 1221 883 1263 Ρ.
919 1220 1334 1265 HIERONYMUS
1366 1219 1586 1264 NADAL

661 1308 844 1344 PATRI
881 1307 1360 1346 CHRISTOPHORO
1392 1307 1754 1346 RODRIGUEZ

1027 1390 1068 1421 et
1085 1384 1257 1433 quinque
1275 1385 1394 1422 sociis

916 1471 1076 1505 ROMAE,
1101 1471 1139 1498 11
1160 1471 1346 1500 AUGUSTI
1366 1471 1453 1510 1571
1473 1463 1502 1500 ².

540 1540 716 1576 Litterae
731 1542 915 1587 patentes
931 1540 986 1575 ad
1004 1540 1151 1576 bellum
1170 1539 1370 1577 turcicum
1383 1540 1728 1589 proficiscentibus
1745 1540 1883 1577 datae.

475 1624 574 1682 Jhs.
597 1618 1118 1685 HieronymusNatalis,
1136 1623 1334 1667 vicarius
1352 1624 1594 1670 Societatis
1609 1626 1739 1683 Jesu.
1760 1624 1966 1669 Salutem
1981 1623 2030 1675 in

391 1700 606 1753 Domino,
631 1707 718 1744 etc.
746 1701 863 1743 Cum
885 1699 1012 1744 iussu
1035 1700 1310 1744 sanctissimi
1332 1701 1504 1745 domini
1526 1701 1669 1746 nostri
1695 1701 1763 1745 Pii
1790 1700 1952 1756 quinti,
1983 1707 2030 1744 et

391 1793 448 1822 ex
465 1784 619 1821 nostra
637 1777 910 1830 obedientia,
930 1778 986 1821 ad
1005 1778 1194 1821 classem
1212 1778 1481 1823 Catholicae
1498 1778 1765 1832 Maiestatis,
1783 1792 1900 1834 quae
1917 1791 2029 1821 con-

393 1861 464 1898 tra
486 1862 639 1898 turcas
661 1853 930 1908 destinatur,
955 1855 1144 1899 dilectos
1166 1855 1211 1898 in
1234 1855 1416 1899 Christo
1444 1856 1606 1901 fratres
1634 1858 1693 1900 D.
1725 1854 2030 1911 Christopho-

397 1946 499 1975 rum
518 1931 794 1988 Rodriguez,
820 1939 864 1974 et
887 1931 997 1975 alios
1019 1931 1220 1988 quinque
1242 1933 1300 1978 de
1321 1940 1476 1976 nostra
1498 1932 1743 1987 Societate,
1769 1932 1826 1975 ad
1855 1932 2031 1976 anima-
2089 1918 2092 1922 ⁴

397 2024 498 2053 rum
522 2008 741 2052 auxilium
763 2015 808 2052 et
829 2009 1061 2052 charitatis
1082 2024 1220 2066 opera
1236 2010 1506 2064 exercenda,
1526 2009 1778 2064 mittamus,
1798 2009 1934 2053 fidem
1953 2023 2034 2065 per

397 2092 664 2143 praesentes
686 2084 840 2128 literas
863 2086 1013 2129 facere
1037 2085 1280 2140 uoluimus,
1306 2087 1431 2142 quod
1452 2087 1712 2144 praedictus
1735 2088 1788 2130 P.
1821 2085 2034 2130 Christo-

400 2153 572 2220 phorus
595 2161 854 2219 Rodriguez
885 2162 931 2206 in
960 2165 1044 2206 hac
1074 2162 1287 2208 missione
1314 2170 1360 2208 et
1393 2163 1650 2209 obedientia
1681 2163 1887 2220 superior
1918 2162 2037 2206 inter

399 2253 480 2285 eos
503 2246 589 2294 est,
613 2246 658 2283 et
682 2251 772 2282 tam
795 2238 891 2295 ipse
914 2255 1050 2296 quam
1073 2239 1147 2283 alii
1168 2241 1261 2284 duo
1283 2242 1558 2295 sacerdotes,
1584 2241 1662 2297 qui
1684 2255 1789 2286 eum
1812 2237 2038 2283 cOmitan—

403 2323 492 2369 tur,
520 2316 782 2360 facultatem
804 2317 974 2359 habent
997 2317 1150 2360 omnia
1171 2317 1411 2362 Societatis
1433 2326 1618 2361 nostrae
1639 2316 1886 2361 ministeria
1905 2329 2038 2360 exer-

402 2393 555 2438 cendi.
582 2394 697 2437 Nam
721 2393 879 2437 missas
902 2395 1148 2447 celebrare,
1174 2401 1219 2438 et
1240 2396 1432 2438 uerbum
1454 2395 1541 2440 Dei
1563 2394 1838 2452 praedicare,
1864 2399 1910 2438 et
1926 2406 2037 2436 con-

405 2470 626 2514 fessiones
648 2470 848 2515 fidelium
872 2472 1044 2525 audire,
1071 2479 1116 2516 et
1132 2479 1416 2517 sacramenta
1432 2472 1702 2524 ministrare,
1722 2478 1768 2515 et
1785 2469 2037 2514 doctrinam

404 2547 698 2591 christianam
729 2547 895 2602 ubique
918 2550 1082 2593 docere
1108 2548 1312 2605 legitime
1333 2556 1541 2605 possunt,
1566 2555 1654 2592 etc.
1685 2547 1900 2591 Diuinam
1932 2559 2038 2603 pre-

478 2684 488 2704 ¹
541 2685 649 2720 Haec
667 2688 758 2719 sunt
776 2685 896 2719 verba
914 2684 1098 2731 egregiae
1116 2683 1235 2720 animi
1252 2684 1501 2720 demissionis
1520 2689 1559 2720 et
1585 2683 1813 2730 modestiae,
1833 2693 1934 2730 quae
1959 2679 2042 2717 exi-

407 2742 523 2778 miam
542 2742 691 2779 Canisii
709 2742 895 2778 virtutem
913 2743 1094 2790 produnt.
1123 2743 1308 2791 Alioquin
1332 2743 1459 2790 ipsum
1485 2743 1665 2778 Natalem
1685 2747 1828 2778 testem
1852 2742 2043 2777 habemus

406 2801 654 2838 obedientiae
672 2801 995 2848 perfectissimae,
1014 2814 1090 2850 qua
1108 2802 1189 2838 suis
1208 2802 1518 2838 moderatoribus
1534 2801 1716 2839 Canisius
1730 2800 2044 2848 obtemperabat,

406 2866 448 2896 et
462 2861 722 2906 reverentiae,
736 2872 811 2908 qua
823 2861 910 2896 illos
925 2873 1079 2909 semper
1094 2863 1367 2898 venerabatur.
1383 2861 1445 2898 Cf.
1461 2862 1592 2909 Epist.
1612 2861 1768 2903 Natal„
1779 2861 1831 2909 ΙΙ,
1850 2869 1933 2907 140,
1947 2864 2043 2902 etc.;

411 2925 451 2956 et
469 2921 826 2965 BRAUNSBERGER,
851 2920 1010 2957 Canisii
1033 2922 1163 2968 epist„
1182 2921 1341 2968 passim.

481 2982 494 3001 ²
546 2980 603 3014 Ex
622 2980 848 3026 archetypo,
867 2991 889 3014 a
907 2979 1037 3016 Natali
1056 2980 1292 3027 subscripto,
1311 2980 1351 3016 in
1368 2980 1517 3023 codiee,
1538 2980 1602 3017 cui
1620 2980 1757 3016 titulus
1782 2979 1958 3015 Litterae
1971 2979 2047 3024 pa·

408 3041 533 3074 tentes
563 3047 796 3084 1545-1599‚
827 3038 972 3086 duplici
998 3038 1083 3081 fol„
1108 3051 1149 3075 n.
1181 3047 1226 3085 45
1251 3040 1327 3085 (15,
1350 3042 1446 3086 195).
1475 3039 1536 3076 Cf.
1563 3039 1830 3082 SAccmNtm,
1862 3038 1937 3074 loc.
1956 3035 2046 3079 cit„

409 3096 479 3133 lib.
500 3097 646 3143 V11,n.
671 3105 727 3142 15.
