2228 3548
384 281 454 328 486
896 277 1035 312 Ems‘r.
1064 274 1109 310 P.
1138 272 1411 318 NAnAL—486

335 384 374 427 si
391 385 482 440 pub
500 382 623 435 dare,
643 394 734 423 non
756 377 979 423 conuiene
995 375 1226 434 obligarsi,
1247 390 1327 432 per
1347 389 1471 420 esser
1488 373 1732 430 theologia.
1753 371 1974 416 Tuttauia

337 466 506 517 quanto
527 471 688 500 manco
711 454 884 513 oblighi
906 455 948 498 ci
969 467 1179 506 saranno,
1205 452 1340 496 etiam
1362 451 1408 495 di
1430 451 1567 507 quelli
1588 453 1672 495 che
1699 449 1737 494 si
1767 463 1970 509 possono

336 536 541 594 pigliare,
567 534 603 577 si
627 539 787 590 reputa
807 531 990 589 meglio.
1049 548 1051 551 ’

425 624 466 656 2.
533 613 716 655 Intorno
738 609 813 654 alli
836 607 1013 666 collegij
1033 607 1079 651 di
1101 606 1232 664 Spira
1252 612 1297 651 et
1315 604 1567 661 Herbipoli,
1586 605 1809 649 domanda
1825 606 1883 650 V.
1904 606 1960 649 R.

335 705 383 734 se
406 689 443 733 si
465 696 690 746 potranno
713 701 850 732 senza
871 684 1149 743 obligatione
1165 682 1453 736 cominciare‚
1473 697 1602 726 come
1618 682 1656 726 si
1672 685 1769 728 fece
1787 682 1833 725 in
1850 684 1963 727 Tre-

337 780 444 811 uere
460 773 506 809 et
524 764 779 822 Moguntia,
800 770 885 807 etc.
905 765 981 807 Ma
996 762 1162 819 perche
1179 760 1255 818 gia
1271 775 1364 804 non
1381 761 1571 804 sarebbe
1592 775 1618 803 a
1640 767 1789 816 tempo
1805 766 1970 816 questa

334 843 543 900 risposta,
591 841 783 887 essendo
821 839 988 897 partito
1031 839 1062 882 il
1105 840 1157 882 P.
1205 837 1390 882 Canisio
1431 850 1511 893 per
1553 836 1805 893 Herbipoli‚
1849 844 1895 881 et
1936 836 1967 879 il

336 923 387 965 P.
409 919 560 964 Vinch
578 933 658 975 per
675 918 821 975 spira,
843 917 998 962 auanti
1020 915 1065 960 di
1087 914 1168 960 far’
1191 914 1385 972 risposta
1406 929 1433 958 a
1454 921 1614 970 questo
1637 920 1797 970 punto,
1817 921 1967 971 aspet-

333 1004 506 1043 taremo
527 996 766 1041 intendere
788 995 893 1051 quel
916 996 1001 1038 che
1022 994 1052 1036 l’
1078 1008 1170 1037 uno
1192 999 1238 1036 et
1258 993 1288 1036 l’
1320 993 1434 1036 altro
1461 993 1724 1035 haueranno
1754 992 1883 1046 fatto,
1923 998 1974 1036 et

333 1089 461 1118 come
483 1073 686 1131 pigliano
710 1073 740 1115 il
763 1072 964 1129 capitulo
987 1070 1033 1114 di
1055 1070 1188 1128 Spira
1216 1077 1262 1115 et
1287 1083 1485 1114 vescouo
1506 1069 1563 1113 de
1586 1067 1823 1126 Herbipoli
1844 1069 1886 1112 la
1906 1068 1969 1112 ri—

333 1159 488 1209 sposta
509 1153 595 1195 che
616 1150 647 1193 li
670 1151 695 1194 e
718 1156 835 1193 stata
856 1150 1085 1193 mandata.

424 1242 465 1284 3.
531 1229 580 1273 S’
611 1228 635 1272 ὲ
658 1227 777 1270 uista
797 1228 841 1270 la
862 1226 992 1283 copia
1020 1225 1065 1269 di
1094 1226 1245 1282 quello
1274 1227 1358 1269 che
1384 1224 1422 1269 si
1450 1227 1588 1268 tratto
1617 1225 1687 1268 col
1715 1225 1769 1268 P.
1807 1223 1968 1269 Oliue-

333 1305 399 1349 rio
425 1307 455 1358 ¹,
480 1312 526 1350 et
548 1305 623 1362 gia
645 1320 694 1349 se
714 1303 745 1346 li
767 1305 792 1347 e
814 1304 1027 1347 mandato
1049 1318 1111 1346 un
1132 1303 1258 1346 buon
1279 1309 1448 1346 mastro
1475 1316 1554 1359 per
1581 1301 1613 1344 il
1641 1315 1786 1355 corso,
1821 1307 1867 1345 et
1894 1307 1967 1345 'un

332 1384 461 1426 buon
483 1383 730 1427 sacerdote.
754 1383 858 1426 Non
881 1396 931 1424 so
958 1395 1007 1425 se
1034 1382 1216 1425 bastara
1237 1382 1336 1437 pur’
1362 1380 1512 1436 quello
1534 1394 1614 1436 per
1635 1386 1775 1422 rettor
1791 1378 1838 1422 di
1867 1381 1967 1423 Mo-

335 1459 478 1514 riach;
503 1466 549 1503 et
571 1475 620 1504 se
642 1460 755 1502 altro
779 1458 902 1502 aiuto
925 1474 974 1503 se
1005 1458 1035 1501 li
1057 1458 1185 1515 potra
1207 1458 1316 1502 dare
1344 1471 1479 1501 uerso
1506 1457 1537 1500 il
1559 1457 1832 1509 Settembre,
1858 1470 1907 1500 se
1937 1456 1969 1499 li

336 1537 460 1580 dara.
486 1538 522 1580 F
524 1536 570 1579 in
593 1551 619 1579 a
641 1550 715 1579 mo
738 1538 774 1579 s’
799 1537 825 1580 e
847 1536 951 1579 data
973 1537 1126 1579 buona
1147 1534 1363 1579 relatione
1384 1534 1503 1578 dello
1525 1535 1661 1579 eletto
1678 1534 1972 1578 arciuescouo

337 1613 383 1657 di
407 1615 608 1658 Treuere
630 1614 662 1665 ²,
688 1620 733 1656 et
755 1612 792 1655 si
815 1613 923 1656 dara
946 1612 991 1656 di
1013 1626 1185 1666 nuouo,
1209 1619 1255 1656 et
1276 1611 1315 1656 si
1337 1611 1431 1655 fara
1454 1612 1559 1668 quel
1580 1613 1703 1654 buon
1724 1610 1869 1654 uffitio
1886 1613 1972 1654 che

335 1691 373 1736 si
396 1690 633 1734 conuiene.
659 1691 712 1734 L’
737 1689 1021 1746 indulgentie
1043 1692 1129 1735 che
1149 1692 1208 1734 ha
1236 1689 1438 1733 riuocato
1465 1689 1498 1732 il
1533 1704 1647 1745 papa
1682 1703 1794 1732 sono
1822 1689 1972 1743 quelle

336 1771 423 1814 che
444 1768 676 1813 ricercano
698 1782 864 1811 manus
886 1768 1134 1811 adiutrices
1156 1769 1190 1822 ⁵,
1214 1774 1260 1812 et
1282 1767 1376 1811 cosi
1397 1781 1488 1810 non
1509 1768 1568 1810 ha
1589 1766 1791 1810 riuocato
1821 1766 1970 1822 quelle

336 1845 382 1889 di
399 1852 554 1890 nostre
576 1844 800 1888 auemarie
817 1845 1076 1898 benedette,
1096 1846 1182 1888 che
1198 1844 1413 1901 sapiamo.
1436 1845 1494 1887 Et
1510 1844 1618 1900 pero
1634 1858 1723 1886 non
1740 1857 1848 1900 pare
1864 1857 1968 1900 spe-

336 1922 490 1968 diente
516 1921 795 1965 domandarli
818 1921 1176 1966 confirmatione.
1201 1921 1290 1966 Gia
1311 1922 1446 1966 credo
1467 1923 1637 1966 hauera
1658 1921 1804 1964 inteso
1826 1922 1883 1965 V.
1910 1922 1966 1964 R.

338 2014 468 2043 come
490 2013 703 2042 concesse
726 1999 820 2043 Sua
842 1999 1017 2043 Santita
1039 2000 1126 2044 che
1146 1999 1178 2042 li
1199 1998 1358 2054 nostri,
1383 1997 1456 2042 alli
1480 1998 1600 2055 quali
1621 2000 1800 2041 haueua
1816 1997 1971 2055 prohi-

337 2076 434 2120 bito
456 2077 692 2120 absoluere
714 2076 745 2118 li
767 2076 945 2132 relapsi,
971 2076 1014 2120 10
1036 2091 1230 2133 possano
1253 2077 1348 2121 fare
1377 2090 1505 2120 come
1526 2075 1684 2132 prima,
1710 2090 1759 2120 se
1781 2074 1857 2132 gia
1878 2089 1970 2118 non

341 2153 515 2197 fussino
537 2152 705 2210 publici
727 2153 914 2196 heretici
936 2153 967 2195 li
989 2153 1065 2197 tali
1088 2153 1266 2210 relapsi3
1298 2154 1464 2210 perche
1490 2152 1537 2195 in
1566 2154 1627 2196 tal
1662 2167 1768 2196 caso
1800 2153 1903 2196 uole
1934 2152 1972 2196 si

340 2230 553 2274 mandino
576 2231 648 2273 all’
674 2229 916 2274 ordinario.
941 2230 989 2275 Si
1011 2231 1119 2274 dara
1147 2230 1455 2283 instruttione,
1480 2244 1608 2274 come
1630 2231 1686 2274 V.
1720 2231 1774 2273 R.
1806 2229 1971 2282 scriue,

341 2309 383 2351 al
405 2307 655 2365 prouincial
677 2307 749 2351 del
771 2308 931 2350 Rheno
958 2308 974 2328 ‘²
997 2307 1043 2350 di
1070 2322 1202 2352 come
1222 2305 1282 2351 ha
1302 2307 1348 2350 di
1375 2306 1593 2364 negociar
1618 2307 1662 2350 la
1688 2306 1970 2351 fundatione.

342 2386 399 2428 Et
421 2386 464 2428 13
486 2399 662 2428 summa
683 2385 724 2436 e,
750 2385 834 2427 che
855 2399 905 2428 se
921 2384 958 2428 si
979 2385 1107 2441 potra
1131 2386 1211 2428 far'
1231 2385 1275 2428 la
1297 2384 1561 2429 fundatione
1582 2399 1718 2428 senza
1740 2383 1909 2440 obligo,
1934 2383 1972 2427 si

342 2461 500 2516 faccia3
525 2468 570 2505 et
592 2462 640 2505 se
662 2475 747 2517 pur
766 2460 1007 2517 bisognera
1030 2462 1191 2519 pigliar
1219 2463 1397 2515 alcuno,
1422 2463 1506 2506 che
1527 2476 1621 2505 non
1643 2461 1709 2505 sia
1739 2461 1785 2504 di
1814 2460 1968 2516 quelli,

341 2541 426 2583 che
448 2539 645 2582 secondo
666 2545 818 2582 nostre
840 2539 1151 2583 constitutioni
1173 2554 1262 2583 non
1286 2539 1526 2596 possiamo,
1547 2546 1592 2584 et
1614 2554 1692 2596 par
1713 2538 1846 2592 bene,
1866 2552 1972 2595 pro-

415 2675 424 2695 1
478 2675 698 2720 Manareus,
717 2674 939 2721 provinciae
960 2676 1147 2712 Franciae
1164 2675 1426 2724 praepositus.
1449 2663 1451 2666 V

413 2737 426 2756 ²
482 2735 654 2780 Jacobus
672 2735 721 2769 ab
740 2734 820 2769 Els.

414 2794 429 2814 ³
479 2793 546 2829 Cf.
586 2794 823 2837 Bulhrum,
854 2794 1124 2840 diplomatum
1153 2797 1190 2832 et
1214 2795 1533 2842 privilegiorum
1566 2794 1806 2831 Sanctorum
1835 2795 1978 2830 Roma-

343 2863 492 2887 norum
526 2853 773 2901 Pontificum
814 2852 1076 2890 Taurinensis
1109 2855 1253 2902 editio,
1282 2860 1316 2890 t.
1354 2854 1448 2897 VII,
1484 2854 1687 2900 Augustae
1720 2853 1977 2890 Taurinorum

344 2911 631 2958 MDCCCLXI,
651 2924 738 2959 pag.
758 2911 842 2959 535,
861 2911 1010 2949 litteras
1029 2914 1261 2961 apostolicas
1280 2913 1388 2950 «Etsi
1405 2913 1590 2949 dominici
1607 2913 1762 2960 gregis»
1787 2913 1850 2949 die
1868 2913 1889 2948 8
1907 2913 1977 2948 Fe·

345 2970 489 3006 bruarii
520 2971 643 3013 datas,
675 2971 744 3007 ubi
773 2976 1005 3008 revocantur
1035 2966 1303 3019 indulgentiae
1332 2972 1624 3020 quomodolibet
1652 2983 1877 3019 concessae,
1907 2983 1980 3019 pro

343 3027 486 3074 quibus
504 3030 789 3077 consequendis
807 3030 1063 3077 porrigendae
1082 3038 1174 3068 sunt
1191 3044 1327 3068 manus
1345 3031 1572 3079 adjutrices.

417 3086 433 3107 ⁴
481 3089 524 3124 P.
548 3090 741 3126 Antonius
760 3089 905 3126 Vinck.
