2228 3548
386 288 454 334 248
898 285 1037 320 EPIST.
1065 272 1119 318 P.'
1139 279 1412 327 Naum-434

319 390 552 445 ·Signore‚
578 388 637 431 ne
658 387 716 432 de
735 386 854 439 libri,
882 386 939 429 ne
961 385 1020 428 de
1041 382 1202 428 scritti.
1228 383 1263 427 11
1284 382 1480 439 Signore
1507 381 1570 426 mi
1603 382 1678 426 dia
1712 381 1859 440 gratia
1888 383 1975 428 che

336 464 461 522 possi
489 463 678 520 eompir'
709 478 795 507 eon
824 463 853 505 l'
889 461 1139 506 obedienza
1174 459 1558 516 impostamjetc.
1599 461 1707 504 Non
1742 461 1857 504 altro
1892 474 1974 516 per

338 549 512 597 questa.
540 541 573 582 Il
596 540 791 597 Signore
815 539 881 582 sia
905 553 991 582 con
1014 537 1105 581 noi.
1137 537 1238 580 Ora
1258 542 1348 593 pro
1375 536 1516 590 nobis,
1543 538 1703 581 Pater.
1735 537 1841 581 Alle
1867 551 1972 581 ora-

336 618 450 662 tioni
471 619 527 662 de
548 616 654 660 tutti
675 616 706 659 li
735 615 871 660 Padri
893 622 940 659 et
962 614 1126 658 fratelli
1149 613 1210 657 mi
1239 614 1541 658 raccomando
1563 614 1638 659 nel
1659 613 1855 671 Signore
1885 628 1970 657 no-

336 702 443 738 stro.
485 697 555 737 Da
593 695 830 750 Insprueh‚
872 692 946 736 alli
987 693 1015 734 6
1051 692 1118 735 dev
1146 692 1342 736 Ottobre
1384 691 1512 746 1566.
1551 692 1611 736 D.
1652 692 1710 736 V.
1750 693 1804 735 P.
1835 705 1971 736 seruo

335 786 393 814 en
417 773 555 828 Xp0.,
1811 805 1815 809 -

1421 850 1451 908 -1-
1483 852 1669 896 NADAL.
1704 851 1734 909 †

1090 999 1208 1041 1134

768 1075 821 1116 Ρ.
858 1072 1279 1117 HIERONYMUS
1312 1072 1531 1116 NADAL

655 1149 900 1187 SANCTO
945 1147 1296 1186 FRANCISCO
1338 1149 1416 1185 DE
1449 1147 1646 1196 BORJA

794 1223 1053 1260 ossmpoxrss,
1075 1223 1118 1260 14
1136 1222 1344 1250 ocrossms
1366 1213 1457 1259 1566
1476 1216 1500 1250 ¹.

330 1289 364 1315 Ι.
400 1280 491 1316 Octo
523 1281 620 1316 socii
653 1281 824 1316 Romam
854 1282 1181 1316 minantum—2.
1221 1279 1538 1328 Informationes
1569 1281 1617 1316 de
1644 1280 1779 1317 sodale
1817 1281 1970 1318 Vita..—

382 1349 420 1385 3.
443 1339 503 1375 De
522 1339 688 1375 Nicolao
707 1340 937 1384 Salio.——4.
963 1340 1022 1375 De
1042 1339 1188 1382 Paulo,
1206 1339 1383 1386 Joanne,
1402 1342 1440 1375 et
1456 1340 1504 1376 de
1521 1342 1697 1386 quatuor
1713 1340 1878 1376 novitiis
1891 1351 1971 1376 mo-

380 1399 614 1434 nacensibus
631 1400 801 1446 aliisque
818 1400 1041 1436 mittendis,

429 1476 466 1507 Ι.
525 1466 656 1522 jhus.
684 1466 824 1508 Molto
854 1466 971 1509 Rdo.
1000 1465 1147 1508 Padre
1175 1471 1332 1508 nostro
1363 1464 1410 1507 in
1448 1466 1567 1521 Xp0.
1603 1467 1700 1508 Pax
1721 1464 1853 1521 Xpi.‚
1879 1472 1967 1510 etc.

336 1542 518 1584 Benche
549 1556 628 1597 per
659 1542 771 1585 altra
793 1544 962 1587 hauera
999 1541 1120 1585 uisto
1157 1542 1200 1585 la
1235 1543 1286 1585 P.
1314 1542 1371 1585 V.
1397 1542 1548 1597 quello
1586 1543 1671 1585 che
1703 1541 1853 1585 scriuo
1890 1556 1971 1598 per

335 1625 511 1672 questa,
536 1618 809 1662 nondimeno
831 1621 890 1662 ho
915 1620 1072 1663 uoluto
1094 1620 1174 1662 dar
1197 1626 1358 1675 questa
1378 1619 1540 1663 lettera
1561 1619 1603 1662 al
1625 1619 1801 1663 fratello
1823 1618 1930 1664 Vito
1952 1620 1967 1641 ²

334 1709 415 1750 per
435 1697 826 1752 accompagnarlo,
847 1704 891 1740 et
910 1696 982 1740 alli
999 1696 1099 1740 suoi
1119 1695 1376 1752 compagni.
1399 1697 1563 1741 Vanno
1580 1697 1652 1740 col
1668 1697 1843 1741 fratello
1861 1696 1969 1741 Vito

332 1777 450 1814 sette
473 1772 651 1824 fratelli,
677 1772 749 1815 doi
773 1774 828 1816 de
853 1775 1017 1830 Praga,
1039 1775 1124 1818 che
1145 1775 1205 1817 ho
1226 1780 1408 1818 menato
1429 1772 1488 1826 io,
1509 1776 1644 1818 Mtro.
1670 1773 1861 1818 Nicolao
1881 1775 1967 1820 Sa—

333 1846 394 1890 lio
410 1848 424 1868 ⁵
449 1854 494 1891 et
517 1849 656 1892 Paolo
677 1850 864 1894 nouitio.
893 1853 961 1894 Da
983 1851 1162 1895 Vienna
1183 1851 1208 1894 e
1225 1857 1398 1899 uenuto
1414 1851 1486 1894 col
1509 1852 1557 1894 Ρ.
1581 1852 1741 1907 Lanoy
1757 1850 1966 1895 Giouan-
2019 1841 2022 1845 ’

333 1923 380 1966 ni
401 1924 590 1977 nouitio,
617 1932 662 1969 et
684 1938 712 1979 4
733 1926 893 1983 nouitij
917 1929 974 1971 da
992 1927 1249 1972 Monachio:
1269 1926 1521 1981 Ludouico‚
1542 1928 1730 1981 Matteo,
1751 1927 1965 1972 Hieroni-

334 2014 410 2044 mo
423 2007 444 2028 ἢ
465 2002 499 2044 F
503 2001 765 2046 erdinando.
980 1997 983 2000 ¹

423 2091 464 2121 2.
530 2078 636 2122 Vito
657 2080 716 2122 ha
738 2079 813 2136 gia
835 2089 1013 2135 quattro
1037 2082 1144 2125 anni
1166 2089 1212 2127 et
1233 2082 1311 2138 piu
1333 2084 1417 2126 che
1445 2089 1515 2126 sta
1542 2081 1589 2125 in
1610 2083 1654 2126 la
1684 2083 1969 2140 Compagnia
2029 2104 2032 2108 ·

273 2162 277 2165 ’
332 2154 379 2197 in
402 2155 660 2210 Monaehio,
685 2163 732 2200 et
751 2159 810 2200 ha
832 2158 938 2201 dato
970 2174 1148 2216 sempre
1169 2161 1310 2203 molto
1341 2161 1495 2203 buona
1527 2159 1812 2206 edificatione
1842 2160 1888 2204 di
1919 2176 1970 2206 se

403 2286 423 2306 a
464 2278 591 2327 Supra
609 2291 752 2316 nomen
771 2282 810 2316 H
817 2282 1024 2325 ieronimo,
1045 2296 1159 2320 manu
1178 2284 1323 2320 librarii
1342 2284 1528 2332 scripturn
1552 2289 1613 2321 est
1631 2285 1783 2328 Marco,
1807 2285 1874 2322 illo
1891 2297 1970 2322 non

335 2337 483 2374 deleto,
508 2339 675 2375 Causam
689 2344 819 2375 autem
837 2341 950 2387 hujus
968 2343 1175 2379 additionis
1193 2344 1433 2390 ignoramus.

405 2441 415 2461 ¹
467 2440 524 2474 Ex
541 2441 768 2488 archetypo,
788 2440 827 2477 in
846 2442 979 2489 Epist.
1001 2444 1144 2481 Natal.
1157 2473 1166 2490 ,
1185 2445 1236 2488 ΙΙ,
1255 2444 1402 2492 duplici
1419 2444 1509 2492 fol„
1529 2454 1596 2491 149
1615 2445 1733 2492 (160).
1755 2445 1865 2481 Haec
1882 2445 1962 2493 epi-

330 2498 431 2533 stola
448 2498 591 2545 scripta
610 2504 670 2535 est
688 2510 765 2535 non
783 2511 805 2535 a
823 2501 1012 2549 Jimenez,
1034 2509 1076 2539 ut
1095 2504 1328 2551 superiores,
1349 2503 1418 2539 sed
1435 2515 1457 2539 a
1471 2505 1619 2550 Jacobo
1635 2504 1844 2551 genuensi,
1857 2515 1961 2540 novo

330 2556 487 2592 librario
506 2557 670 2604 Natalis,
689 2558 800 2605 cujus
819 2559 1010 2597 adventus
1029 2562 1068 2598 in
1086 2563 1336 2599 Germaniam
1354 2563 1554 2600 nuntiatur
1571 2563 1611 2599 in
1634 2563 1755 2610 epist.
1782 2570 1870 2609 425.
1900 2564 1962 2600 In-

328 2614 444 2651 terim
463 2616 640 2662 Jimenez
658 2629 817 2655 munere
835 2620 1010 2665 magistri
1028 2622 1262 2659 novitiorum
1279 2622 1473 2659 Monachii
1490 2621 1744 2668 fungebatur.

401 2677 415 2696 ²
466 2675 580 2712 Vitus
600 2676 731 2712 Liner.
769 2677 895 2724 Hujus
923 2691 1086 2716 examen
1111 2681 1201 2717 vide
1231 2682 1272 2717 in
1300 2682 1434 2730 Epist.
1465 2681 1630 2728 Natat„
1654 2682 1706 2729 11,
1732 2681 1819 2727 589.
1848 2683 1964 2718 Illum

330 2733 461 2769 laudat
479 2734 690 2770 Canisius
679 2747 718 2771 m
736 2735 901 2782 epistola
918 2738 980 2774 die
1003 2748 1045 2784 14
1063 2739 1248 2777 Octobris
1270 2741 1360 2785 1566
1378 2740 1543 2787 Borgiae
1560 2740 1664 2786 data,
1683 2741 1792 2776 hisce
1815 2741 1962 2777 verbis:

386 2793 509 2838 ..Ego
528 2793 677 2840 Vitum,
696 2794 976 2841 brixinensem,
996 2799 1062 2844 qui
1079 2799 1220 2836 ducem
1243 2800 1326 2847 agit
1350 2799 1521 2838 omnium
1543 2799 1626 2847 [qui
1649 2800 1810 2837 Romam
1834 2800 1965 2836 mitte-

327 2851 480 2898 bantur]
496 2864 573 2889 non
587 2864 745 2899 possum
759 2865 837 2890 non
851 2858 1140 2894 commendare.
1162 2859 1282 2895 Inviti
1297 2858 1577 2906 propemodum
1592 2858 1696 2895 illius
1710 2858 1840 2896 fratris
1857 2871 1964 2895 care·

328 2920 413 2945 mus
432 2912 664 2960 praesentia,
684 2912 787 2959 quod
804 2914 905 2960 apud
928 2916 1096 2952 novitios
1121 2922 1161 2953 et
1184 2917 1324 2954 fratres
1347 2917 1445 2954 alios
1469 2917 1666 2964 singulare
1691 2923 1774 2954 tum
1798 2918 1959 2966 pietate,

326 2972 409 3003 tum
428 2970 645 3015 prudentia,
665 2972 829 3009 multum
854 2975 1018 3012 valeret.
1033 3003 1041 3012 .
1058 2989 1094 3011 .»
1120 2977 1178 3012 Ex
1202 2978 1457 3024 autographo,
1483 2977 1523 3013 in
1542 2978 1679 3025 Epist.
1711 2977 1884 3024 Canisii,
1906 2978 1959 3024 11,

326 3037 371 3061 n.
398 3035 412 3061 1
474 3055 480 3062 .

395 3035 552 3132 ³79Ejus
571 3099 735 3125 examen
753 3088 900 3126 editum
920 3097 979 3127 est
997 3093 1037 3128 in
1056 3094 1187 3141 Epist.
1212 3095 1378 3142 Natal.,
1397 3097 1449 3144 11,
1468 3095 1554 3142 576.
