2228 3548
866 300 915 338 3ο
939 301 1095 337 MAu'ru
1122 301 1214 347 1566
1760 314 1807 350 49

211 405 360 459 segfin
380 406 600 459 parescia‚
624 403 931 460 desaparecffi,
956 418 987 460 y
1008 404 1139 447 hasta
1159 417 1301 461 agora
1322 419 1385 448 no
1406 405 1450 448 1θ
1471 419 1658 449 auemos
1686 405 1855 463 podido

212 479 365 524 hallar.
387 481 477 524 Por
497 481 682 524 haberle
702 481 882 524 hallado
903 480 1059 537 quieto
1073 495 1104 537 y
1118 480 1378 525 edificatiuo
1395 496 1453 527 en
1470 483 1577 525 todo
1594 482 1636 526 el
1658 482 1854 536 camino,

213 571 244 613 y
264 556 532 602 auiendorne
553 559 809 615 asegurado
829 558 904 602 del
920 573 978 603 en
1001 559 1159 612 Roma,
1185 558 1228 604 le
1250 562 1354 603 auia
1374 558 1588 604 detenido
1616 563 1722 617 aqui
1750 574 1859 618 por-

215 648 305 690 que
325 649 410 678 nos
430 635 632 691 ayudase
652 649 711 679 θη
737 649 858 688 casa,
883 631 1079 679 auiendo
1099 635 1367 679 necessidad
1387 637 1518 680 harta
1543 637 1678 682 dello:
1705 638 1748 681 el
1771 638 1858 683 Se—

218 717 302 755 fior
323 712 367 757 le
388 712 551 768 ayude.

305 801 346 833 2.
411 789 465 832 El
486 789 666 846 legado‚
692 804 822 834 como
853 791 913 833 he
943 789 1096 843 dicho,
1127 803 1187 833 no
1216 789 1454 834 comunica
1491 791 1718 835 uada-con
1749 806 1859 835 nos-

135 876 137 878 ·
215 873 354 919 otros,
374 865 421 909 ni
437 881 529 910 aun
545 871 571 910 a
590 869 723 911 Mtro.
746 866 947 921 Canisio;
966 882 998 923 y
1013 881 1096 910 nos
1113 867 1368 924 alegramos
1385 869 1519 912 todos
1531 869 1666 922 dello,
1685 883 1859 926 porque

213 957 274 986 no
295 945 554 989 tratandose
575 945 628 987 de
650 945 889 1001 religione,
911 944 1065 989 donde
1087 944 1307 1000 podemos
1328 959 1382 1001 yr
1403 959 1613 1002 seguros,
1641 946 1773 990 todos
1790 946 1860 989 los

214 1027 338 1064 otros
359 1021 577 1078 negocios
603 1037 634 1078 y
656 1022 880 1078 consejos,
913 1025 1063 1079 segun
1085 1035 1245 1065 uemos
1267 1035 1358 1078 que
1385 1021 1452 1065 las
1480 1035 1613 1066 cosas
1638 1037 1744 1076 uan,
1776 1038 1860 1067 son

218 1112 327 1155 muy
362 1098 568 1142 difficiles
594 1114 625 1155 y
652 1099 919 1156 peligrosos,
955 1099 1134 1143 allende
1161 1112 1250 1154 que
1282 1106 1491 1143 nosotros
1521 1107 1724 1144 tenemos
1746 1115 1861 1157 poca

220 1175 498 1232 esperiencia
518 1191 577 1221 en
600 1177 713 1221 tales
740 1174 959 1233 negocios
986 1182 1076 1221 etc.
1101 1177 1241 1220 Mtro.
1266 1175 1468 1230 Canisio,
1493 1191 1582 1232 que
1605 1191 1790 1234 paresce
1812 1192 1862 1222 se

221 1252 264 1297 1θ
284 1252 498 1298 entiende
513 1256 610 1296 mas
631 1267 690 1297 en
711 1253 840 1306 ellos,
865 1251 966 1296 dize
988 1253 1032 1296 lo
1054 1252 1233 1296 mismo.

315 1342 372 1384 30
393 1329 450 1373 de
472 1331 632 1374 Mars¹
663 1329 790 1384 1566.

666 1473 719 1515 P
756 1471 1171 1516 HIERONYMUS
1208 1471 1428 1515 NADAL

553 1541 798 1580 SANCTO
839 1540 1187 1579 FRANCISCO
1218 1541 1297 1578 DE
1338 1541 1532 1589 BORJA

725 1609 968 1644 Auous‘rAE,
986 1600 1034 1637 30
1051 1609 1198 1636 miz-ru
1218 1601 1311 1646 1566
1326 1603 1357 1637 ¹.

291 1667 458 1703 Summo
491 1666 678 1714 Pontifici
699 1667 954 1703 suadendum
978 1669 1126 1712 censet,
1150 1670 1216 1708 ut,
1230 1666 1429 1703 <subsidiis
1445 1670 1525 1715 pro
1547 1666 1647 1703 bello
1669 1669 1821 1705 turcico

364 1726 604 1773 imperatori
621 1725 794 1768 collatis,
812 1725 900 1772 ejus
916 1726 993 1761 sibi
1010 1725 1325 1761 benevolentiam
1343 1726 1544 1762 demereri
1561 1727 1735 1763 studeat.

322 1804 359 1835 1.
423 1790 453 1849 †
470 1791 633 1836 Padre:
659 1793 828 1836 Mestre
850 1790 1035 1835 Canisio
1062 1805 1092 1847 y
1121 1790 1166 1833 io
1193 1791 1359 1836 hauem
1375 1799 1542 1848 pensat
1558 1806 1618 1835 no
1646 1792 1787 1837 dexar
1807 1793 1866 1838 de

227 1867 399 1913 scriure
420 1871 446 1912 a
467 1869 524 1912 V.
568 1869 618 1912 P.
645 1868 690 1911 lo
711 1882 799 1924 que
827 1882 1012 1924 pensam
1034 1881 1159 1912 esser
1189 1867 1247 1911 de
1268 1881 1445 1912 summa
1466 1867 1757 1925 importantia
1784 1885 1865 1927 per

226 1947 346 1990 bona
365 1944 632 1990 conclusion
658 1945 812 1990 destas
839 1951 960 1988 corts
985 1951 1022 1997 ⁸,
1048 1944 1128 1987 hoc
1154 1948 1232 1998 est,
1260 1958 1367 1989 sens
1387 1944 1528 1989 maior
1550 1945 1693 1990 lesion
1716 1960 1806 2002 que
1822 1945 1866 1990 ia

226 2037 275 2068 es
295 2037 354 2067 en
370 2022 607 2074 Alemafia,
627 2036 657 2078 y
678 2020 1000 2078 specialmente
1016 2036 1097 2078 per
1118 2027 1297 2078 guafiar
1316 2036 1348 2078 y
1368 2020 1526 2065 aiudar
1543 2037 1602 2067 en
1625 2030 1691 2066 tot
1707 2023 1751 2066 lo
1774 2037 1864 2080 que

225 2116 276 2146 se
290 2102 350 2144 ha
365 2100 525 2156 duptat
545 2106 675 2144 antes
691 2099 710 2127 ¹²
737 2098 812 2142 del
827 2099 1108 2155 emperador,
1132 2112 1163 2154 y
1181 2098 1291 2141 ferlo
1309 2099 1548 2143 totalment
1565 2099 1768 2144 declarat
1785 2115 1866 2157 per

227 2185 294 2222 tot
309 2180 407 2233 aco,
431 2191 461 2232 y
477 2190 556 2232 per
578 2175 767 2232 principi
788 2175 847 2220 de
864 2174 1016 2218 reduit
1036 2175 1104 2218 los
1121 2174 1335 2231 heretjes,
1359 2179 1478 2221 seria
1498 2176 1556 2221 de
1578 2191 1755 2221 summa
1777 2177 1865 2220 im-

192 2301 201 2308 „
229 2252 455 2311 portantia
476 2267 565 2308 que
587 2253 653 2297 Su
682 2253 750 2296 S.t
784 2251 994 2296 aiudasse
1021 2252 1282 2308 plenament
1309 2255 1336 2295 a
1363 2259 1461 2297 esta
1489 2267 1657 2310 guerra
1685 2254 1742 2298 de
1766 2255 1866 2299 Un-

232 2330 346 2388 gria,
375 2345 406 2387 y
434 2332 671 2373 contentas
698 2344 755 2373 en
778 2332 860 2383 aco
888 2328 931 2372 el
958 2329 1239 2384 emperador3
1268 2342 1373 2384 que,
1398 2343 1569 2386 segons
1602 2331 1785 2385 scabem
1808 2331 1866 2375 de

233 2406 480 2451 bonissima
509 2413 625 2462 part,
655 2407 751 2450 fent
778 2408 861 2460 aco
892 2405 935 2448 el
963 2404 1113 2462 p[apa]
1139 2419 1170 2460 y
1205 2392 1460 2448 monstrant
1487 2420 1603 2462 gran
1631 2407 1868 2463 confianca

182 2504 187 2510 ·
235 2484 340 2538 dell,
364 2485 459 2527 fara
481 2490 549 2527 tot
569 2483 614 2526 10
637 2496 725 2537 que
746 2481 776 2524 li
799 2485 899 2526 sera
926 2481 992 2524 dit
1014 2495 1093 2538 per
1115 2481 1176 2526 Sa
1197 2482 1288 2534 S.t‚
1320 2496 1408 2526 con
1429 2496 1544 2539 gran
1575 2490 1868 2527 contentessa

236 2562 294 2607 de
315 2568 405 2605 tots
425 2561 470 2604 10
496 2558 729 2611 catholics,
755 2558 1041 2618 ylfinalment
1069 2572 1152 2602 son
1169 2558 1337 2611 diners,
1362 2573 1392 2615 y
1413 2573 1502 2615 que
1534 2574 1594 2602 no
1629 2574 1677 2603 se
1698 2562 1788 2603 han
1810 2562 1869 2604 de

237 2639 317 2682 dar
339 2644 357 2666 c
384 2644 475 2681 tots
496 2636 621 2680 iunts
646 2635 683 2689 d,
708 2635 808 2679 sino
828 2649 908 2691 per
929 2648 1094 2688 mesos;
1114 2649 1145 2691 y
1166 2638 1287 2678 stara
1307 2639 1334 2678 a
1348 2650 1490 2680 veure
1506 2637 1548 2680 el
1569 2635 1683 2679 amic
1701 2637 1758 2682 de
1775 2639 1869 2681 Ro-

306 2745 327 2767 2
358 2738 444 2773 Hoc
467 2737 579 2773 verb.
611 2735 785 2771 additum
810 2739 870 2770 est
894 2746 1011 2781 supra
1034 2746 1138 2770 vers.
1163 2735 1213 2770 ab
1237 2733 1322 2782 ipso
1346 2735 1469 2771 N.—b
1501 2735 1689 2772 Additum
1713 2742 1774 2773 est
1796 2738 1871 2774 hoc

235 2798 348 2834 verb.
373 2808 489 2844 supra
506 2807 614 2831 vers.
637 2796 686 2831 ab
705 2794 843 2830 eodem
861 2794 988 2829 N.-e
1021 2793 1211 2829 Additum
1229 2798 1291 2830 est
1308 2794 1399 2830 hoc.
1423 2796 1538 2830 verb.
1563 2806 1680 2842 supra
1698 2807 1801 2832 vers.
1820 2798 1871 2833 ab

235 2856 391 2893 eodem.
400 2856 467 2884 —d
493 2855 515 2891 3
532 2855 654 2890 verba
672 2866 781 2901 seqq.
800 2853 945 2900 scripta
964 2864 1080 2900 supra
1099 2864 1202 2889 vers.
1221 2853 1270 2888 ab
1289 2852 1446 2889 eodem.

313 2936 322 2956 ¹
373 2932 453 2979 Sic,
470 2930 711 2968 catalaunice
732 2932 793 2966 vel
811 2929 954 2977 gallice
973 2929 1181 2976 scriptum.

310 2995 324 3015 ³
373 2992 433 3028 Ex
458 2991 714 3038 autographo,
733 2990 772 3026 in
792 2990 924 3037 Epist.
948 2988 1088 3024 Natat.
1096 2989 1177 3035 ,11,
1196 2988 1311 3026 unico
1327 2988 1396 3025 fol.
1403 2988 1499 3036 ,135
1518 2991 1617 3035 (549,
1637 2994 1738 3036 512).
1763 2992 1872 3029 Haec

240 3051 420 3099 epistola,
440 3049 583 3087 secreti
595 3049 735 3096 gratia,
751 3054 832 3085 tota
845 3047 1102 3084 lemovicensi
1120 3059 1192 3084 seu
1204 3048 1446 3085 catalaunica
1465 3049 1599 3095 lingua
1621 3051 1766 3097 scripta
1783 3050 1872 3087 fuit.

244 3110 346 3147 Vide
364 3109 497 3146 dicta
486 3120 527 3145 in
544 3108 795 3144 annotatione
814 3108 929 3155 epist.
950 3106 1034 3153 360,
1054 3119 1094 3144 n.
1112 3107 1153 3143 6.

389 3174 507 3204 Eris-r.
530 3174 566 3203 P.
587 3173 721 3209 NADAL,
741 3180 819 3202 rou.
843 3172 908 3201 111.
1710 3174 1729 3202 4
