2228 3548
945 254 992 291 ²8
1020 256 1136 303 Jmm
1165 257 1256 303 ¹567
1576 258 1580 263 ’
1803 261 1874 307 485

1029 355 1156 398 486

723 427 770 464 S.
812 428 1144 467 FRANCISCUS
1182 431 1253 468 DE
1290 430 1462 480 BORJA

623 495 834 539 PATRI
865 496 1294 542 HIERONYMO
1327 499 1572 544 NADAL

820 580 982 615 ROMAE,
1011 572 1056 608 28
1081 581 1190 618 Junn
1219 573 1310 620 1567
1336 574 1366 611 ¹.

273 645 307 672 ι.
327 636 389 673 De
407 636 563 673 ratione
580 636 778 673 scribendi
793 638 848 673 ad
858 637 1140 684 praepositum
1154 639 1390 687 generalem
1415 643 1601 677 monetur
1618 641 1797 678 Natalis:
1822 643 1918 679 obli-

313 696 500 744 gationes
528 709 554 732 a
586 697 778 733 Societate
807 697 852 733 in
873 697 1125 745 fundatione
1150 698 1415 746 collegiorum
1443 701 1735 747 suscipiendae.
1745 711 1824 738 02.
1851 702 1915 739 De

318 755 463 802 Spirae
480 759 518 792 et
534 757 763 803 Herbipolis
780 757 1062 804 collegiis—3.
1082 757 1279 794 Manareo
1295 759 1376 795 duo
1392 760 1490 795 socii
1508 760 1748 796 mittuntur:
1772 762 1820 798 de
1846 773 1915 798 ar—

314 815 553 863 chiepiscopo
571 817 800 853 trevirensi:
819 818 867 853 de
884 817 1172 865 indulgentiis:
1181 817 1368 864 facultas
1395 819 1625 856 absolvendi
1651 820 1830 868 relapsos
1853 833 1913 858 re-

313 879 478 912 novata:
497 877 544 912 de
562 876 720 912 ratione
736 875 955 924 fundandi
978 876 1254 925 collegia.—4.
1290 878 1416 914 Varia
1440 880 1495 914 ad
1518 880 1703 915 ordinem
1729 881 1912 917 domesti-

312 947 404 971 cum
416 935 768 983 pertinentia—5.
789 937 850 973 De
869 936 1031 973 Simone
1048 936 1257 973 leodiensi.-
1273 937 1320 973 de
1338 938 1515 974 Henrico
1532 939 1778 986 Dionysio.-
1791 939 1828 976 ὁ.
1843 941 1910 977 An

312 995 491 1038 domum,
504 996 566 1031 vel
579 995 808 1044 collegium,
819 995 1065 1043 Antverpiae
1078 996 1316 1032 constituere
1331 997 1465 1044 magis
1477 998 1677 1044 expediat:
1688 999 1736 1035 de
1750 999 1909 1036 ratione

310 1054 482 1103 collegia
495 1055 834 1101 instituendi.—7.
849 1055 911 1092 De
924 1055 1078 1092 casibus
1087 1056 1318 1092 reservatis:
1332 1057 1380 1092 de
1394 1057 1581 1093 Adriano
1595 1059 1904 1096 Adriaenssens.

363 1145 399 1176 1.
459 1135 590 1191 Jhus.
626 1134 770 1178 Molto
797 1133 911 1178 Rdo.
943 1132 991 1177 in
1021 1134 1138 1190 Xpo.
1173 1134 1336 1179 Padre.
1374 1135 1470 1178 Pax
1506 1135 1693 1194 Christi,
1727 1144 1816 1181 ete.
1851 1137 1904 1183 Si

267 1223 379 1253 sono
401 1209 606 1255 riceuute
627 1211 776 1266 quelle
796 1210 842 1254 di
864 1211 922 1255 V.
947 1211 1017 1264 R.,
1042 1209 1088 1254 di
1106 1211 1161 1255 28
1183 1211 1230 1254 d'
1254 1210 1429 1267 Aprile,
1451 1212 1494 1265 6,
1517 1213 1542 1255 8
1561 1219 1607 1257 et
1630 1225 1681 1257 21
1707 1213 1753 1256 di
1770 1216 1905 1272 Mag-

263 1286 358 1343 gio,
383 1287 429 1330 di
453 1288 652 1333 Treuere
673 1294 720 1331 et
743 1288 956 1333 Bruselas
978 1288 1012 1331 ²:
1036 1302 1150 1331 sono
1177 1289 1323 1333 anche
1349 1288 1544 1334 riceuuti
1572 1289 1603 1332 li
1621 1290 1765 1334 scritti
1786 1292 1904 1337 della

266 1364 414 1418 visita,
439 1364 545 1410 nelli
567 1365 704 1421 quali,
730 1371 1030 1421 quantunque
1050 1364 1089 1410 si
1111 1365 1228 1411 uede
1249 1366 1292 1410 la
1319 1366 1459 1410 molta
1480 1366 1707 1424 diligenza
1729 1375 1775 1412 et
1797 1368 1902 1412 fati-

258 1443 346 1486 che
370 1441 415 1485 di
439 1443 496 1486 V.
523 1443 597 1495 R.,
629 1456 722 1486 non
753 1441 903 1487 uorrei
931 1441 1135 1500 pigliassi
1164 1449 1288 1487 tanta
1315 1458 1396 1500 per
1427 1444 1458 1486 l’
1481 1444 1681 1489 auenire.
1719 1446 1776 1488 Et
1808 1447 1902 1490 cosi

261 1519 379 1564 nelle
401 1533 507 1563 cose
528 1519 601 1563 del
623 1533 828 1576 gouerno
850 1526 896 1564 et
917 1520 975 1563 de
1002 1518 1274 1576 particolari,
1299 1533 1391 1563 non
1412 1521 1629 1564 accadera
1657 1520 1718 1565 mi
1745 1522 1898 1566 mandi

258 1610 349 1652 qua
370 1596 500 1653 eopia
520 1596 566 1640 di
588 1597 739 1652 quello
761 1598 846 1640 che
867 1597 927 1640 ha
954 1595 1178 1650 ordinato,
1203 1611 1254 1641 se
1274 1611 1366 1640 non
1387 1596 1418 1640 li
1440 1598 1609 1653 paressi
1641 1598 1899 1643 altrimente

258 1671 307 1716 in
328 1674 518 1729 qualche
541 1687 662 1717 caso.
690 1675 826 1718 Basta
847 1687 937 1729 que
958 1674 1016 1718 V.
1037 1674 1092 1717 R.
1113 1672 1291 1731 ritenga
1311 1687 1470 1730 apreso
1487 1674 1532 1717 di
1549 1675 1658 1719 sela
1679 1676 1895 1720 memoria

259 1749 306 1793 di
326 1764 433 1795 cose
453 1750 604 1803 simili,
628 1765 656 1794 o
677 1765 788 1795 uero
810 1750 841 1793 il
862 1749 1111 1807 prouincial
1132 1764 1160 1793 o
1181 1757 1322 1794 rettor
1341 1765 1368 1794 a
1384 1751 1456 1794 chi
1475 1758 1618 1796 tocca.
1639 1753 1770 1797 Delle
1786 1766 1894 1798 cose
1946 1777 1950 1780 ·

257 1826 334 1883 piu
358 1826 602 1872 uniuersali
625 1835 671 1872 et
691 1827 952 1884 importanti
975 1826 1036 1870 mi
1058 1828 1188 1883 potra
1208 1827 1303 1871 dar'
1327 1827 1455 1872 auiso
1477 1827 1612 1871 etiarn
1639 1828 1688 1872 in
1714 1829 1888 1873 scritto.

254 1903 292 1947 F
294 1917 394 1947 orse
415 1906 560 1949 anche
582 1903 620 1948 si
642 1905 857 1948 mandata
880 1904 957 1959 qui
979 1904 1010 1946 l’
1036 1903 1195 1949 ordine
1215 1904 1322 1948 dato
1349 1905 1691 1961 generalmente
1718 1905 1794 1949 alli
1820 1906 1891 1949 vi-

251 1979 440 2034 sitatori,
467 1995 595 2026 come
617 1983 653 2024 s'
679 1982 704 2025 ὲ
727 1981 949 2038 aggionto
976 1981 1051 2023 all'
1077 1980 1234 2024 uffitio.
1260 1981 1322 2026 Se
1342 1981 1524 2025 intorno
1546 1981 1619 2025 alli
1647 1982 1791 2026 scritti
1813 1983 1891 2040 gia

249 2057 361 2101 detti
382 2060 619 2103 occorrera
640 2058 749 2103 dare
771 2057 898 2101 auiso
927 2058 1106 2110 alcuno‚
1131 2057 1170 2101 si
1191 2058 1315 2102 dara.
1339 2059 1427 2103 Del
1449 2059 1586 2102 modo
1607 2073 1634 2102 o
1666 2059 1814 2103 forma
1844 2061 1890 2103 di

248 2134 330 2177 far'
355 2135 548 2178 contrati
572 2134 648 2191 gia
672 2137 709 2178 s’
733 2136 759 2178 e
781 2134 940 2178 scritto
965 2136 1041 2177 un'
1065 2134 1180 2178 altra
1203 2135 1338 2179 uolta.
1364 2136 1425 2180 Se
1443 2135 1624 2191 quando
1640 2135 1678 2179 si
1701 2139 1888 2181 trattara

249 2211 365 2255 delle
385 2212 545 2256 lettere
566 2213 765 2256 humane
786 2218 831 2255 et
853 2210 1153 2268 philosophia,
1173 2211 1211 2255 si
1231 2211 1453 2256 ricercara
1470 2211 1640 2269 obligo,
1661 2220 1706 2257 et
1727 2216 1885 2269 patera

249 2287 498 2343 spediente,
519 2287 556 2331 si
573 2290 704 2344 potra
725 2290 836 2341 fare,
857 2289 898 2331 al
920 2288 1056 2332 modo
1077 2289 1162 2332 che
1182 2287 1230 2332 in
1247 2289 1434 2334 Cuenca
1455 2296 1501 2332 et
1522 2289 1594 2332 col
1614 2288 1814 2332 cardinal
1835 2289 1882 2332 di

251 2365 466 2420 Augusta
488 2364 525 2408 si
549 2365 662 2418 fece,
687 2379 714 2408 ο
736 2379 846 2409 uero
868 2379 955 2409 con
982 2372 1140 2409 mutua
1163 2364 1456 2423 obligatione3
1482 2366 1658 2411 benche
1679 2365 1711 2408 il
1738 2365 1883 2422 primo

249 2442 383 2485 modo
405 2456 512 2498 pare
534 2441 610 2498 piu
632 2441 948 2486 conueniente.
975 2442 1032 2485 Et
1059 2441 1180 2486 circa
1205 2443 1249 2486 la
1275 2442 1480 2500 quantita
1503 2442 1608 2486 delli
1639 2441 1807 2495 lettori,
1842 2443 1880 2486 si

247 2520 376 2574 potra
397 2520 537 2563 tener’
558 2517 746 2575 rispetto
763 2519 850 2562 alla
866 2517 1073 2575 quantita
1087 2519 1204 2563 della
1220 2519 1499 2572 fundatione,
1525 2527 1571 2563 et
1587 2533 1776 2563 numero
1793 2521 1878 2564 che

240 2594 281 2638 si
317 2597 445 2651 potra
482 2602 754 2648 sustentare,
795 2596 992 2639 secondo
1028 2595 1059 2638 il
1095 2594 1285 2653 disegno
1319 2596 1366 2639 di
1394 2603 1552 2639 nostro
1588 2597 1641 2639 Ρ.
1673 2597 1872 2652 Laynez,

238 2672 489 2728 approbato
509 2687 589 2729 per
610 2673 652 2716 la
673 2672 1032 2729 congregatione
1053 2673 1086 2726 3;
1110 2673 1286 2718 benche
1308 2674 1394 2717 alla
1415 2672 1574 2716 lettion
1596 2673 1653 2716 de
1675 2671 1768 2715 casi
1788 2674 1874 2717 che

310 2771 320 2791 ¹
371 2772 430 2806 Ex
446 2773 673 2820 archetypo,
697 2784 719 2808 a
742 2771 968 2808 Fernandez
992 2777 1163 2814 exarato,
1190 2777 1230 2808 et
1246 2773 1412 2819 Borgiae
1439 2783 1556 2807 manu
1570 2770 1809 2818 subscripto,
1828 2771 1870 2808 in

241 2827 341 2864 Cod.
365 2839 428 2877 34,
446 2830 591 2878 duplici
608 2831 691 2880 fol„
711 2832 782 2867 206
803 2833 880 2877 (42,
898 2830 978 2876 43).
1002 2830 1102 2867 Vide
1125 2830 1245 2879 epist.
1266 2831 1350 2877 478,
1368 2830 1543 2876 480-482,
1561 2829 1703 2877 quibus
1722 2829 1786 2866 hic
1809 2841 1869 2866 re·

239 2887 635 2993 spo?d}-tlld:·1itteras,
653 2958 694 2985 21
714 2948 807 2996 Maji
823 2948 950 2995 datas,
967 2948 1104 2985 nullibi
1122 2948 1310 2985 hactenus
1328 2948 1500 2996 reperire
1524 2947 1639 2983 nobis
1656 2946 1785 2985 licuit.

311 3006 326 3027 ³
375 3006 475 3042 Vide
491 3007 728 3044 Institutum
747 3008 955 3045 societatis
967 3007 1084 3055 Jesu,
1108 3012 1138 3043 t.
1163 3008 1214 3051 11,
1238 3019 1360 3056 pagg.
1389 3016 1472 3053 214,
1498 3011 1538 3042 et
1562 3005 1646 3052 536;
1671 3011 1712 3043 et
1734 3011 1867 3044 nostra

242 3064 501 3102 Monumenta
513 3068 807 3116 paedagogica,
824 3078 918 3115 pag.
940 3077 1005 3113 49.
