2228 3548
0 2079 19 2690 -vvv-l-g-WVWA-vvvw-u
0 2028 5 2056 -ν
0 1998 2 2006 -
0 1904 8 1957 νιν
0 1878 2 1889 e
0 1821 5 1850 -v

14 2540 19 2545 .
18 2519 21 2522 .
18 2235 27 2237 j

950 303 1171 340 APPEme
1394 315 1398 327 ¹
1751 305 1822 351 785

245 405 449 463 quidem,
484 419 589 450 cum
626 411 754 450 certo
790 404 946 458 sciam,
971 404 1186 461 quicquid
1221 404 1321 449 eius
1357 405 1631 450 Reuerentia
1666 406 1872 463 promisit

245 464 373 518 mihi,
397 465 443 508 id
478 466 747 509 mutandum
777 478 871 508 non
906 478 1038 508 esse:
1075 464 1166 508 imo
1197 464 1377 508 confido
1413 465 1713 510 Reuerentiae
1749 465 1871 511 illius

246 525 388 568 verba
402 524 601 582 =certiora
621 538 737 577 esse,
763 538 898 580 quam
919 523 956 567 si
977 523 1129 568 literas
1151 523 1302 581 sigillo
1324 524 1524 569 firmatas
1544 540 1572 568 a
1587 525 1700 569 meis
1715 525 1873 570 amicis

247 585 478 629 haberem.
505 585 616 629 Sum
636 583 816 627 interim
837 583 884 626 in
905 583 1026 626 bona
1046 597 1126 639 spe
1146 584 1259 636 fore,
1278 597 1383 627 cum
1400 598 1526 627 soror
1542 585 1801 641 Margareta
1816 599 1874 629 ex

250 657 306 688 eo
326 643 425 699 ipso
445 643 714 688 intellexerit
734 642 971 699 negotium
991 644 1079 686 hoc
1099 642 1164 686 sic
1186 658 1286 688 esse
1306 643 1594 696 conclusum,
1619 645 1741 699 quod
1764 651 1874 688 tunc

251 709 298 746 et
333 702 431 758 ipsa
466 702 551 747 erit
581 704 667 745 hac
697 701 1002 746 transactione
1033 708 1262 746 contenta.
1298 703 1356 746 Et
1385 702 1547 747 merito
1577 717 1701 748 sane.
1739 705 1875 761 Rogo

251 762 450 814 demum,
469 768 520 804 vt
535 776 609 806 me
626 775 809 817 prorsus
825 767 872 804 et
892 760 1114 804 submisse
1131 761 1256 805 Patri
1277 762 1582 815 commendes,
1609 763 1734 807 uelut
1754 762 1877 806 indi-

251 835 390 878 gnam
413 820 550 864 filiam
572 827 756 865 sanctae
777 819 1031 865 Societatis.
1058 821 1115 862 Et
1146 820 1258 864 sciat
1289 821 1377 864 hoc
1404 828 1550 874 certo,
1581 821 1797 877 quicquid
1824 821 1876 866 in

251 881 467 924 facultate
487 895 587 924 mea
609 879 766 932 fuerit,
795 879 841 922 id
862 894 934 922 me
955 879 1115 922 diebus
1146 879 1323 922 cunctis
1355 879 1478 924 uitae
1507 895 1635 924 meae
1665 881 1878 926 lubenter

250 939 551 985 exhibituram
573 938 789 983 Societati
810 938 933 991 huic,
952 938 1087 982 etiam
1105 939 1226 994 apud
1242 938 1487 994 principem
1505 939 1741 993 Bauariae,
1761 947 1807 984 et
1829 940 1875 984 in

250 998 373 1042 omni
405 999 557 1051 modo,
582 997 661 1040 ubi
693 1004 738 1042 et
769 998 949 1053 quando
980 996 1204 1053 indigebit
1240 997 1444 1043 Societas
1475 1012 1611 1054 opera
1642 1014 1756 1043 mea.
1782 1001 1877 1043 Imo

250 1057 550 1101 substantiam
577 1071 756 1101 omnem
784 1063 829 1101 et
851 1056 990 1099 vitam
1017 1070 1099 1112 pro
1122 1056 1352 1101 Societate
1379 1057 1475 1114 ipsa
1495 1058 1656 1102 vellem
1685 1059 1876 1114 profun-

251 1118 374 1169 dere,
399 1115 437 1160 si
459 1116 544 1173 ipsi
561 1115 797 1159 commodo
823 1129 923 1160 esse
944 1121 1111 1171 posset.

340 1177 382 1219 A
404 1179 546 1234 tergo,
568 1189 710 1218 manu
730 1175 940 1232 Jimenez
955 1189 968 1216 .·
990 1175 1021 1232 -ζ-
1055 1174 1324 1231 Exemplum
1345 1173 1562 1231 epistolae
1582 1175 1752 1232 primae
1772 1191 1878 1233 per-

201 1290 208 1298 ·
254 1249 393 1279 sonae
413 1236 472 1278 ad
491 1233 744 1292 D[irsium].

971 1347 1170 1390 XXXVI
1212 1398 1218 1405 Δ

836 1433 1109 1472 ANTONIUS
1135 1433 1300 1470 VINCK

621 1526 835 1558 SANCTO
876 1526 1078 1557 FRANCI
1090 1526 1188 1557 Sco
1229 1526 1298 1556 DE
1340 1526 1515 1567 BORJA

685 1601 968 1660 Moguntiae,
989 1614 1045 1645 20
1061 1601 1265 1660 Januarii
1292 1614 1308 1645 1
1317 1602 1401 1657 567
1422 1603 1451 1646 ¹.

578 1690 751 1740 Collegit·
763 1691 998 1738 moguntini
1014 1702 1078 1726 res
1094 1702 1120 1725 a
1138 1689 1281 1726 Natali
1297 1691 1558 1727 ordinantur.

350 1768 465 1813 Dalli
493 1780 543 1823 17
561 1770 633 1813 del
654 1783 777 1812 mese
798 1775 980 1825 passato
1002 1769 1063 1811 fin
1086 1782 1176 1823 qua
1196 1769 1224 1811 e
1243 1774 1361 1812 stato
1377 1767 1409 1811 il
1426 1769 1539 1812 Rdo.
1563 1771 1612 1812 P.
1638 1771 1770 1813 Mtro.
1792 1771 1879 1814 Na-

259 1829 332 1872 dal
354 1828 401 1871 in
423 1835 585 1884 questo
606 1828 799 1885 collegio
821 1828 1108 1884 moguntino,
1133 1828 1409 1872 attendendo
1426 1829 1482 1870 ad
1498 1828 1707 1885 adgiutar
1727 1844 1754 1872 a
1775 1829 1880 1872 tutti

260 1888 351 1931 noi.
377 1889 582 1932 Domane
603 1902 744 1944 penso
765 1889 1008 1931 andaremo
1025 1888 1066 1930 al
1089 1889 1217 1930 Rmo.
1243 1887 1512 1944 moguntino
1530 1889 1544 1908 ²
1568 1888 1625 1930 ad
1648 1889 1880 1932 Asschen-

259 1948 425 2004 burgO,
438 1947 556 1990 doue
573 1961 705 2003 spero
722 1946 759 1990 si
776 1948 962 1990 trattara
978 1947 1094 1989 della
1112 1945 1375 1990 fundatione
1387 1946 1433 1989 di
1451 1954 1610 2002 questo
1628 1947 1857 2003 collegio..
1868 1981 1877 1989 .

261 2007 349 2050 Del
376 2007 518 2049 frutto
546 2013 591 2050 et
618 2006 763 2049 vtilita
790 2006 907 2049 della
938 2005 1194 2049 visitatione
1221 2005 1295 2050 del
1322 2006 1436 2050 Rdo.
1470 2007 1522 2049 Ρ.
1549 2007 1693 2049 Nadal
1719 2007 1880 2049 adesso

259 2079 351 2108 non
371 2065 574 2109 scriuero
596 2065 764 2117 niente,
790 2067 876 2108 che
891 2064 1031 2108 sarria
1048 2071 1208 2120 troppo
1225 2064 1428 2120 prolisso.
1453 2067 1539 2108 Per
1555 2066 1666 2109 altre
1682 2064 1882 2108 scriuero

258 2125 408 2167 dando
428 2123 557 2167 auiso
578 2124 650 2167 del
672 2131 806 2167 tutto.
831 2124 1090 2168 Solamente
1111 2123 1209 2167 diro
1227 2131 1405 2179 questo:
1427 2125 1510 2167 che
1527 2124 1558 2167 il
1576 2126 1688 2167 Rdo.
1712 2126 1764 2166 P.
1786 2125 1880 2167 Na-

259 2184 332 2226 dal
353 2197 442 2225 non
474 2182 513 2227 si
540 2190 675 2226 tratta
702 2182 818 2226 assai
845 2183 984 2234 bene,
1011 2184 1068 2226 ne
1098 2189 1317 2239 permette
1347 2184 1434 2228 che
1463 2183 1539 2226 noi
1570 2184 1613 2226 lo
1646 2183 1877 2235 facciamo,

259 2241 470 2286 hauendo
501 2249 702 2297 respetto
731 2242 805 2284 alli
833 2241 932 2284 suoi
962 2242 1155 2298 trauagli
1186 2249 1231 2286 et
1257 2244 1347 2286 eta.
1372 2243 1419 2286 Io
1447 2242 1650 2298 pensaria
1678 2244 1764 2286 che
1789 2256 1879 2284 non

261 2300 400 2357 sarria
420 2301 537 2345 male
558 2302 643 2345 che
665 2302 721 2345 V.
747 2302 801 2344 R.
830 2303 882 2344 P.
907 2300 937 2342 li
959 2301 1300 2345 commendasse
1320 2303 1405 2345 che
1421 2303 1494 2345 nel
1511 2315 1715 2357 gouerno
1737 2301 1782 2343 di
1798 2315 1883 2343 sua

261 2374 455 2417 persona
475 2359 512 2402 si
532 2360 725 2403 lassasse
745 2374 972 2416 gouernar
993 2359 1099 2403 dalli
1120 2359 1387 2416 prouinciali
1409 2368 1454 2404 et
1477 2360 1642 2405 rettori.

968 2473 1187 2516 XXXVII

834 2553 1148 2608 LAMBERTJJS
1176 2554 1318 2591 AUER

635 2638 847 2669 SANCTO
889 2639 1199 2670 FRANCISCO
1241 2641 1309 2671 DE
1350 2609 1523 2679 BoRJA

734 2707 1016 2764 Moguntiae,
1039 2721 1063 2762 3
1082 2707 1229 2752 Martii
1252 2710 1361 2764 1567
1379 2711 1411 2752 ³.

690 2790 752 2826 De
780 2790 940 2838 collegii
968 2791 1161 2837 spirensis
1180 2791 1443 2838 fundatione.

351 2860 585 2914 Maximas,
610 2867 656 2905 et
678 2876 765 2918 qua
783 2862 912 2906 decet
929 2844 1232 2917 obseruantia,
1251 2864 1420 2922 gratias
1437 2878 1525 2920 ago
1541 2865 1595 2907 R.
1622 2865 1672 2906 P.
1695 2863 1773 2914 V.,
1793 2860 1885 2918 pri-

335 2961 344 2982 ¹
394 2962 454 2997 Ex
472 2961 725 3008 autographo,
747 2960 787 2996 in
807 2960 902 2997 Cod.
921 2971 972 3007 29
985 2962 1046 3010 g),
1068 2961 1138 2998 303
1155 2964 1274 3009 (517).
1298 2963 1399 3000 Vide
1417 2975 1509 3011 pag.
1533 2962 1621 2998 382.

334 3023 348 3043 ‘-‘
398 3020 539 3056 Daniel
559 3020 725 3056 Brendel
745 3021 794 3056 ab
811 3021 1032 3068 Homburg.

336 3079 351 3100 ²⁵
402 3080 461 3115 Ex
478 3080 729 3126 autographo,
750 3079 790 3115 in
810 3079 905 3116 Cod.
925 3090 976 3126 29
990 3081 1055 3129 g),
1074 3080 1143 3116 313
1159 3079 1279 3127 (530).
1301 3082 1402 3118 Vide
1420 3093 1513 3128 pag.
1536 3079 1619 3124 3683
1638 3079 1722 3124 3823
1741 3084 1781 3115 et
1794 3086 1880 3124 405.

449 3161 562 3191 Emsr.
582 3161 618 3191 P.
639 3161 772 3197 NADAL,
793 3169 870 3190 rou.
892 3162 957 3191 111.
1681 3161 1718 3190 50
