2228 3548
915 235 939 272 3
964 236 1233 273 Sum-numus
1262 236 1353 282 1566
1839 244 1910 282 229

305 336 370 380 de
391 351 538 380 veras.
565 336 698 381 Circa
725 338 767 381 16
795 352 928 395 spese
956 338 1078 382 delle
1107 337 1310 382 missioni
1338 339 1451 383 fatte
1477 336 1524 381 in
1551 337 1758 391 Francia,
1793 339 1850 383 V.
1878 340 1954 393 R„

307 412 389 456 dia
409 413 568 458 ordine
590 413 628 457 si
650 415 946 459 accomodino
969 416 1012 461 le
1043 416 1133 459 due
1164 415 1393 472 prouintie
1419 429 1549 460 come
1574 417 1732 472 parera
1753 415 1831 473 piu
1852 431 1956 473 spe—

311 489 470 535 diente
491 497 537 534 et
564 491 732 548 giusto.

407 567 442 610 Il
462 575 689 612 contratto
711 571 825 613 fatto
847 571 919 613 col
940 569 1167 614 cardinale
1195 571 1203 591 ¹
1229 571 1359 625 quasi
1381 567 1499 612 tutto
1522 584 1628 626 pare
1649 570 1735 615 stia
1755 570 1888 623 bene,
1907 577 1953 614 et

316 658 409 686 non
432 644 625 700 importa
647 653 808 703 troppo
836 648 922 691 che
953 661 1045 691 non
1068 647 1115 690 ui
1136 647 1202 691 sia
1223 647 1384 692 liberta
1413 646 1459 689 di
1480 653 1629 690 mutar
1649 647 1679 689 l’
1703 646 1953 692 uniuersita

307 727 360 766 et
381 722 575 779 collegio
597 723 637 776 ²3·
656 723 853 767 tuttauia
874 723 1054 768 auisaro
1075 725 1119 767 d’
1144 731 1298 781 aparte
1319 724 1365 767 di
1387 725 1493 780 quel
1514 726 1599 768 che
1615 724 1657 768 ci
1679 738 1881 778 occorre,
1905 732 1952 768 et

304 799 356 841 fa
384 800 575 854 qualche
597 801 816 845 difficulta
841 808 878 845 ¹².
905 803 1116 846 Acabese
1143 816 1201 857 ya
1222 808 1338 854 esto,
1364 817 1478 858 pues
1498 816 1548 846 se
1569 816 1596 845 a
1618 801 1850 858 trabajado
1872 809 1950 845 tan

306 875 415 920 bien
437 891 467 932 y
489 891 538 920 se
560 878 729 922 defiere
749 877 842 923 casi
865 894 921 923 en
944 879 1078 923 nada.

394 954 449 997 Ci
477 955 502 997 e
531 969 662 1011 parso
690 956 807 1001 bene
836 958 979 1001 hauer
1005 957 1157 1001 leuato
1186 957 1231 1000 lo
1260 957 1401 999 altare
1433 956 1548 999 della
1585 956 1862 1008 cathedrale,
1902 962 1948 999 et

301 1038 478 1086 quanto
505 1031 543 1074 si
566 1034 656 1088 puo
678 1039 898 1078 trattener
919 1034 961 1076 la
985 1034 1138 1077 buona
1162 1034 1347 1076 uolonta
1364 1032 1437 1076 dei
1458 1032 1682 1085 canonici,
1703 1039 1748 1077 et
1770 1034 1922 1077 hauen
1937 1059 1948 1066 ·
1987 1084 1993 1088 Α

304 1108 366 1150 do
388 1108 542 1152 chiesa
563 1116 608 1154 et
630 1124 750 1162 casa,
774 1117 821 1154 et
842 1111 872 1152 l’
896 1109 1062 1155 intrata
1090 1110 1207 1153 della
1229 1110 1362 1165 quale
1384 1110 1441 1153 V.
1468 1110 1522 1152 R.
1548 1108 1713 1161 scriue,
1738 1110 1811 1153 all’
1836 1111 1947 1153 hora

304 1184 346 1228 si
369 1184 632 1241 rispondera
648 1187 722 1230 all’
741 1194 929 1231 assunto
945 1187 991 1230 di
1008 1194 1136 1232 tener
1151 1186 1308 1230 mastri
1324 1186 1371 1229 in
1388 1187 1618 1242 Augusta,
1643 1193 1731 1229 etc.
1758 1187 1844 1230 Del
1865 1187 1947 1230 dar

306 1276 462 1305 mezzo
483 1263 676 1320 collegio
696 1277 778 1320 per
793 1265 1014 1317 Lanzuta‚
1035 1277 1164 1308 come
1186 1264 1229 1307 lo
1251 1263 1421 1307 ricerca
1443 1262 1473 1305 il
1495 1262 1765 1307 cancellario
1784 1263 1941 1316 Echio,

302 1339 362 1382 V.
390 1341 443 1382 R.
470 1341 562 1396 puo
598 1341 688 1386 ben
718 1342 885 1386 uedere
912 1356 962 1386 se
994 1341 1032 1385 si
1060 1341 1151 1397 puo
1172 1341 1193 1368 ¹²
1212 1341 1300 1384 dar
1322 1355 1349 1383 o
1371 1354 1462 1383 non
1485 1341 1516 1384 ⁵.
1543 1342 1613 1384 De
1634 1339 1896 1397 rispondere
1918 1355 1945 1384 a

301 1416 530 1460 Kemnitio
553 1425 598 1462 et
626 1418 727 1461 altri
756 1418 903 1462 autori
932 1418 1135 1471 heretici,
1169 1418 1245 1475 gia
1271 1417 1311 1461 si
1339 1418 1464 1474 parlo
1492 1431 1518 1460 a
1549 1417 1644 1462 Sua
1672 1417 1866 1470 Santita,
1897 1425 1943 1461 et

293 1492 442 1536 auisai
463 1496 547 1538 che
570 1494 599 1537 li
622 1509 754 1551 parse
774 1496 909 1550 bene,
935 1496 1118 1552 quando
1142 1494 1315 1539 fussino
1337 1494 1482 1538 autori
1503 1494 1549 1537 di
1571 1495 1764 1551 qualche
1786 1509 1937 1547 nome,

294 1576 344 1614 et
360 1585 452 1614 non
468 1572 619 1615 alcuni
637 1573 757 1616 bassi
773 1575 858 1618 che
875 1573 913 1617 si
931 1573 1150 1630 uogliono
1167 1572 1376 1617 nobilitat
1392 1587 1472 1629 per
1490 1579 1651 1628 questa
1675 1571 1764 1625 uia,
1787 1579 1833 1615 et
1854 1573 1939 1616 che

292 1646 335 1690 si
357 1647 510 1691 leuino
539 1650 581 1693 le
618 1649 832 1710 ingiurie,
863 1657 951 1696 etc.
983 1651 1115 1694 Della
1152 1648 1434 1706 promotione
1460 1649 1534 1692 del
1564 1650 1617 1692 P.
1649 1649 1827 1706 Gaspar
1855 1663 1937 1692 an-

295 1725 376 1781 glo
398 1726 430 1778 ⁴,
456 1725 516 1769 mi
539 1713 718 1770 rimetto
745 1742 772 1771 a
802 1728 860 1771 V.
887 1729 962 1780 R„
989 1727 1115 1770 udito
1136 1726 1168 1769 il
1189 1741 1346 1783 parere
1367 1727 1441 1771 del
1470 1728 1519 1770 P.
1545 1725 1744 1770 Canisio.
1771 1726 1937 1782 Quella

297 1802 591 1858 permissione
607 1818 635 1847 o
651 1804 987 1861 dispensatione
1003 1819 1083 1861 per
1106 1811 1234 1848 tener
1255 1804 1332 1861 piu
1353 1803 1607 1848 canonicati
1630 1817 1721 1847 non
1745 1804 1935 1848 facendo

294 1878 558 1935 residentia,
583 1895 678 1925 non
700 1883 726 1925 e
750 1889 902 1937 tempo
925 1882 1089 1926 adesso
1113 1880 1158 1924 di
1180 1881 1490 1935 domandarla,
1516 1895 1588 1924 ma
1609 1879 1647 1922 si
1670 1882 1831 1924 notata
1852 1895 1934 1936 per

294 1970 379 2000 suo
402 1964 571 2014 tempo.
591 1958 680 2002 Gia
704 1958 902 2002 teniamo
924 1959 1066 2003 breue
1084 1959 1168 2002 che
1186 1957 1216 2000 li
1238 1957 1378 2002 nostri
1396 1957 1492 2001 uoti
1510 1956 1700 2014 simplici
1717 1971 1808 1999 non
1825 1971 1929 2013 pos-

286 2032 391 2076 sino
412 2048 562 2078 essere
584 2035 850 2091 dispensati,
877 2049 926 2078 se
948 2049 1040 2078 non
1063 2034 1196 2091 peril
1217 2049 1349 2092 papa,
1374 2042 1482 2086 etc.,
1502 2041 1548 2077 et
1570 2034 1764 2078 essendo
1786 2033 1930 2089 prima

291 2109 417 2153 udita
434 2111 474 2152 la
498 2111 798 2168 Compagnia.
826 2113 1002 2155 Perche
1025 2110 1321 2168 Sigismundo
1342 2112 1540 2156 bohemo
1565 2113 1579 2133 ³
1602 2112 1626 2154 e
1649 2117 1767 2153 stato
1788 2108 1930 2154 infer—

286 2200 364 2229 mo
385 2186 432 2229 in
460 2188 619 2240 Roma,
644 2202 693 2231 se
711 2189 769 2232 V.
796 2189 850 2232 R.
877 2189 921 2231 lo
944 2188 1126 2232 hauessi
1148 2203 1175 2232 a
1195 2189 1400 2241 mandar,
1425 2187 1492 2231 sia
1514 2186 1813 2231 consultando
1834 2185 1928 2242 pri-

287 2277 363 2306 ma
383 2262 415 2305 il
436 2263 629 2317 medico,
653 2271 700 2307 et
721 2265 915 2309 dicendo
937 2265 1001 2309 lui
1025 2266 1111 2310 che
1128 2265 1218 2322 puo
1240 2265 1385 2310 uenit.
1405 2265 1441 2308 Il
1463 2266 1516 2308 P.
1542 2262 1726 2308 Canisio
1749 2263 1858 2307 resti
1880 2263 1928 2306 in

363 2369 384 2390 a
412 2370 454 2407 15
474 2364 593 2398 verba
611 2375 721 2411 seqq.
736 2364 903 2407 Borgiae
921 2376 1037 2400 manu
1055 2364 1096 2400 in
1114 2375 1236 2411 marg.
1255 2363 1386 2400 addita
1402 2364 1580 2400 sunt.—·b
1603 2362 1789 2410 Sequitur
1805 2365 1927 2407 accet—

286 2423 359 2457 ταν
375 2421 626 2458 obliteratum
644 2434 666 2458 a
683 2423 771 2460 libr.

362 2513 373 2533 ¹
424 2510 520 2549 Otto
537 2513 754 2549 Truchsess
772 2512 822 2548 de
840 2512 1074 2559 Waldburg,
1091 2512 1298 2549 cardinalis
1315 2518 1576 2560 augustanus,

359 2573 374 2593 ²
425 2570 562 2607 Sermo
595 2578 657 2608 est
689 2572 739 2608 de
772 2573 940 2619 collegio
972 2571 1204 2619 dilingensi.
1240 2571 1340 2608 Vide
1375 2572 1496 2620 epist.
1535 2579 1619 2617 415,
1651 2583 1691 2607 n.
1722 2581 1758 2617 93
1790 2576 1831 2606 et
1860 2582 1924 2618 ap-

284 2629 408 2675 pend.
432 2631 541 2667 XlII.

356 2689 370 2710 ³
420 2689 522 2726 Vide
540 2690 656 2738 epist.
675 2699 760 2736 414,
781 2703 826 2727 n.
854 2699 892 2726 11
906 2717 916 2727 .

353 2749 371 2770 ⁴
418 2748 569 2796 Gaspar
587 2749 831 2797 Haywodus,
848 2748 1071 2796 theologiae
1088 2751 1210 2786 lector
1227 2749 1428 2797 Dilingae.

354 2807 370 2828 ⁵
418 2808 464 2843 In
484 2810 669 2855 ,catalogo
696 2809 855 2856 collegii
881 2814 922 2845 et
954 2808 1164 2845 Seminarii
1194 2809 1456 2846 olomucensis
1487 2808 1579 2844 anni
1611 2806 1702 2853 1568
1730 2806 1924 2854 reperitur

277 2863 579 2911 «sigismundus
602 2868 866 2915 Dominatius‚
890 2869 1127 2915 pragensis„
1146 2877 1192 2904 22
1215 2879 1451 2906 annorum...
1474 2867 1592 2903 Venit
1615 2866 1664 2902 ad
1682 2865 1922 2902 Societatem

281 2923 431 2970 Pragae
454 2936 556 2961 anno
583 2926 670 2971 1561
697 2927 737 2963 in
759 2932 929 2963 aestate.
944 2953 977 2963 ..
1000 2927 1071 2963 Est
1094 2926 1292 2974 professor
1313 2928 1378 2964 hic
1401 2927 1632 2963 rhetorices.
1656 2924 1847 2972 Loquitur
1870 2925 1923 2959 la·

282 2982 382 3028 tine,
414 2985 603 3028 boemice,
633 2987 858 3032 germanice
888 2992 928 3022 et
952 2986 1098 3023 italice.
1129 2988 1199 3023 Est
1228 2988 1484 3023 scholasticus
1514 2986 1821 3034 approbatus...»
1846 2983 1924 3019 Hic

283 3039 560 3087 Sigismundus
578 3042 683 3080 idem
700 3055 789 3080 esse
806 3044 978 3092 videtur,
996 3045 1046 3081 de
1063 3057 1140 3093 quo
1158 3046 1300 3092 Borgia
1318 3045 1471 3099 scribit.
