<?xml version="1.0" encoding="UTF-8"?>
<!DOCTYPE html PUBLIC "-//W3C//DTD XHTML 1.0 Transitional//EN"
    "http://www.w3.org/TR/xhtml1/DTD/xhtml1-transitional.dtd">
<html xmlns="http://www.w3.org/1999/xhtml" xml:lang="en" lang="en">
 <head>
  <title>
</title>
<meta http-equiv="Content-Type" content="text/html;charset=utf-8" />
  <meta name='ocr-system' content='tesseract 3.04.00' />
  <meta name='ocr-capabilities' content='ocr_page ocr_carea ocr_par ocr_line ocrx_word'/>
</head>
<body>
  <div class='ocr_page' id='page_1' title='image "./epistolaephieron03nadauoft_0355.png"; bbox 0 0 2228 3548; ppageno 0'>
   <div class='ocr_carea' id='block_1_1' title="bbox 0 0 264 126">
    <p class='ocr_par' dir='ltr' id='par_1_1' title="bbox 0 0 264 126">
     <span class='ocr_line' id='line_1_1' title="bbox 0 0 264 126; baseline 0 3422"><span class='ocrx_word' id='word_1_1' title='bbox 0 0 264 126; x_wconf 95' lang='lat' dir='ltr'> </span> 
     </span>
    </p>
   </div>
   <div class='ocr_carea' id='block_1_2' title="bbox 0 2481 24 3033">
    <p class='ocr_par' dir='ltr' id='par_1_2' title="bbox 0 2481 24 3033">
     <span class='ocr_line' id='line_1_2' title="bbox 0 2481 24 3033; baseline 0 515"><span class='ocrx_word' id='word_1_2' title='bbox 0 2481 24 3033; x_wconf 95' lang='lat' dir='ltr'> </span> 
     </span>
    </p>
   </div>
   <div class='ocr_carea' id='block_1_3' title="bbox 895 267 1889 316">
    <p class='ocr_par' dir='ltr' id='par_1_3' title="bbox 895 267 1889 316">
     <span class='ocr_line' id='line_1_3' title="bbox 895 267 1889 316; baseline 0.002 -13"><span class='ocrx_word' id='word_1_3' title='bbox 895 278 898 280; x_wconf 48' lang='lat'>&gt;</span> <span class='ocrx_word' id='word_1_4' title='bbox 913 275 929 303; x_wconf 92' lang='lat'>1</span> <span class='ocrx_word' id='word_1_5' title='bbox 958 267 1206 304; x_wconf 73' lang='lat' dir='ltr'>Dsscmfflms</span> <span class='ocrx_word' id='word_1_6' title='bbox 1234 267 1326 313; x_wconf 86' lang='lat'><strong>1566</strong></span> <span class='ocrx_word' id='word_1_7' title='bbox 1818 268 1889 316; x_wconf 92' lang='lat'>317</span> 
     </span>
    </p>
   </div>
   <div class='ocr_carea' id='block_1_4' title="bbox 239 361 1941 2970">
    <p class='ocr_par' dir='ltr' id='par_1_4' title="bbox 254 361 1941 1584">
     <span class='ocr_line' id='line_1_4' title="bbox 299 361 1941 427; baseline 0.002 -14"><span class='ocrx_word' id='word_1_8' title='bbox 299 369 418 426; x_wconf 78' lang='lat' dir='ltr'>lapsi</span> <span class='ocrx_word' id='word_1_9' title='bbox 438 383 591 426; x_wconf 92' lang='lat' dir='ltr'>puono</span> <span class='ocrx_word' id='word_1_10' title='bbox 613 370 753 413; x_wconf 83' lang='lat' dir='ltr'>esser’</span> <span class='ocrx_word' id='word_1_11' title='bbox 778 369 932 413; x_wconf 89' lang='lat' dir='ltr'>assolti</span> <span class='ocrx_word' id='word_1_12' title='bbox 953 369 1012 412; x_wconf 90' lang='lat' dir='ltr'>da</span> <span class='ocrx_word' id='word_1_13' title='bbox 1033 368 1129 425; x_wconf 90' lang='lat' dir='ltr'>noi,</span> <span class='ocrx_word' id='word_1_14' title='bbox 1152 375 1199 413; x_wconf 92' lang='lat' dir='ltr'>et</span> <span class='ocrx_word' id='word_1_15' title='bbox 1220 369 1263 413; x_wconf 92' lang='lat' dir='ltr'>la</span> <span class='ocrx_word' id='word_1_16' title='bbox 1283 368 1478 427; x_wconf 89' lang='lat' dir='ltr'>risposta</span> <span class='ocrx_word' id='word_1_17' title='bbox 1506 371 1591 415; x_wconf 93' lang='lat' dir='ltr'>che</span> <span class='ocrx_word' id='word_1_18' title='bbox 1618 371 1678 414; x_wconf 91' lang='lat' dir='ltr'>ha</span> <span class='ocrx_word' id='word_1_19' title='bbox 1704 370 1810 414; x_wconf 88' lang='lat' dir='ltr'>dato</span> <span class='ocrx_word' id='word_1_20' title='bbox 1833 361 1941 416; x_wconf 51' lang='lat' dir='ltr'>‘Sua</span> 
     </span>
     <span class='ocr_line' id='line_1_5' title="bbox 298 446 1935 504; baseline -0.001 -11"><span class='ocrx_word' id='word_1_21' title='bbox 298 446 493 500; x_wconf 77' lang='lat' dir='ltr'>Santita‚</span> <span class='ocrx_word' id='word_1_22' title='bbox 517 446 560 490; x_wconf 88' lang='lat' dir='ltr'>la</span> <span class='ocrx_word' id='word_1_23' title='bbox 583 447 715 502; x_wconf 90' lang='lat' dir='ltr'>quale</span> <span class='ocrx_word' id='word_1_24' title='bbox 736 461 868 503; x_wconf 90' lang='lat' dir='ltr'>spero</span> <span class='ocrx_word' id='word_1_25' title='bbox 890 447 965 491; x_wconf 93' lang='lat' dir='ltr'>nel</span> <span class='ocrx_word' id='word_1_26' title='bbox 986 446 1182 503; x_wconf 87' lang='lat' dir='ltr'>Signore</span> <span class='ocrx_word' id='word_1_27' title='bbox 1210 447 1296 490; x_wconf 93' lang='lat' dir='ltr'>che</span> <span class='ocrx_word' id='word_1_28' title='bbox 1328 449 1581 504; x_wconf 63' lang='lat' dir='ltr'>temperarit</span> <span class='ocrx_word' id='word_1_29' title='bbox 1607 448 1701 492; x_wconf 87' lang='lat' dir='ltr'>Sua</span> <span class='ocrx_word' id='word_1_30' title='bbox 1728 447 1935 492; x_wconf 87' lang='lat' dir='ltr'>Beatitu-</span> 
     </span>
     <span class='ocr_line' id='line_1_6' title="bbox 297 523 1935 581; baseline 0.002 -14"><span class='ocrx_word' id='word_1_31' title='bbox 297 523 420 579; x_wconf 89' lang='lat' dir='ltr'>dine,</span> <span class='ocrx_word' id='word_1_32' title='bbox 444 531 491 571; x_wconf 85' lang='lat' dir='ltr'>et</span> <span class='ocrx_word' id='word_1_33' title='bbox 514 530 632 567; x_wconf 89' lang='lat' dir='ltr'>tutto</span> <span class='ocrx_word' id='word_1_34' title='bbox 650 530 814 579; x_wconf 90' lang='lat' dir='ltr'>questo</span> <span class='ocrx_word' id='word_1_35' title='bbox 835 524 969 567; x_wconf 90' lang='lat' dir='ltr'>modo</span> <span class='ocrx_word' id='word_1_36' title='bbox 990 523 1180 568; x_wconf 88' lang='lat' dir='ltr'>iuridico</span> <span class='ocrx_word' id='word_1_37' title='bbox 1202 523 1248 567; x_wconf 91' lang='lat' dir='ltr'>di</span> <span class='ocrx_word' id='word_1_38' title='bbox 1275 525 1508 581; x_wconf 88' lang='lat' dir='ltr'>proceder’</span> <span class='ocrx_word' id='word_1_39' title='bbox 1533 525 1653 569; x_wconf 90' lang='lat' dir='ltr'>nelle</span> <span class='ocrx_word' id='word_1_40' title='bbox 1679 525 1856 570; x_wconf 91' lang='lat' dir='ltr'>heresie</span> <span class='ocrx_word' id='word_1_41' title='bbox 1886 525 1935 571; x_wconf 87' lang='lat' dir='ltr'>in</span> 
     </span>
     <span class='ocr_line' id='line_1_7' title="bbox 298 599 1938 660; baseline 0 -14"><span class='ocrx_word' id='word_1_42' title='bbox 298 602 572 659; x_wconf 74' lang='lat' dir='ltr'>Alamagna.</span> <span class='ocrx_word' id='word_1_43' title='bbox 606 602 780 645; x_wconf 78' lang='lat' dir='ltr'>Perche</span> <span class='ocrx_word' id='word_1_44' title='bbox 809 602 1056 646; x_wconf 89' lang='lat' dir='ltr'>realmente</span> <span class='ocrx_word' id='word_1_45' title='bbox 1092 615 1142 644; x_wconf 90' lang='lat' dir='ltr'>se</span> <span class='ocrx_word' id='word_1_46' title='bbox 1172 599 1211 644; x_wconf 90' lang='lat' dir='ltr'>si</span> <span class='ocrx_word' id='word_1_47' title='bbox 1246 600 1459 646; x_wconf 89' lang='lat' dir='ltr'>dimanda</span> <span class='ocrx_word' id='word_1_48' title='bbox 1492 602 1542 644; x_wconf 89' lang='lat' dir='ltr'>in</span> <span class='ocrx_word' id='word_1_49' title='bbox 1565 603 1679 660; x_wconf 89' lang='lat' dir='ltr'>foro</span> <span class='ocrx_word' id='word_1_50' title='bbox 1710 603 1938 646; x_wconf 79' lang='lat' dir='ltr'><em>exteriori</em></span> 
     </span>
     <span class='ocr_line' id='line_1_8' title="bbox 254 677 1934 736; baseline 0.001 -13"><span class='ocrx_word' id='word_1_51' title='bbox 254 677 260 685; x_wconf 79' lang='grc'><em>“</em></span> <span class='ocrx_word' id='word_1_52' title='bbox 298 678 616 736; x_wconf 86' lang='lat' dir='ltr'>abgiuratione</span> <span class='ocrx_word' id='word_1_53' title='bbox 637 678 842 731; x_wconf 88' lang='lat' dir='ltr'>iuridica,</span> <span class='ocrx_word' id='word_1_54' title='bbox 867 685 914 722; x_wconf 87' lang='lat' dir='ltr'>et</span> <span class='ocrx_word' id='word_1_55' title='bbox 934 693 984 723; x_wconf 89' lang='lat' dir='ltr'>se</span> <span class='ocrx_word' id='word_1_56' title='bbox 1005 678 1176 734; x_wconf 81' lang='lat' dir='ltr'><em>relapsi</em></span> <span class='ocrx_word' id='word_1_57' title='bbox 1196 692 1288 721; x_wconf 91' lang='lat' dir='ltr'>non</span> <span class='ocrx_word' id='word_1_58' title='bbox 1318 677 1357 722; x_wconf 91' lang='lat' dir='ltr'>si</span> <span class='ocrx_word' id='word_1_59' title='bbox 1385 679 1641 731; x_wconf 88' lang='lat' dir='ltr'>assolueno‚</span> <span class='ocrx_word' id='word_1_60' title='bbox 1667 686 1828 735; x_wconf 91' lang='lat' dir='ltr'>questo</span> <span class='ocrx_word' id='word_1_61' title='bbox 1850 694 1934 724; x_wconf 91' lang='lat' dir='ltr'>ne-</span> 
     </span>
     <span class='ocr_line' id='line_1_9' title="bbox 297 754 1936 813; baseline 0.001 -12"><span class='ocrx_word' id='word_1_62' title='bbox 297 755 644 801; x_wconf 85' lang='lat' dir='ltr'>cessariamente</span> <span class='ocrx_word' id='word_1_63' title='bbox 666 758 702 799; x_wconf 87' lang='lat' dir='ltr'>s’</span> <span class='ocrx_word' id='word_1_64' title='bbox 727 757 786 799; x_wconf 91' lang='lat' dir='ltr'>ha</span> <span class='ocrx_word' id='word_1_65' title='bbox 807 756 865 800; x_wconf 92' lang='lat' dir='ltr'>de</span> <span class='ocrx_word' id='word_1_66' title='bbox 885 770 1058 813; x_wconf 81' lang='lat' dir='ltr'>sapere,</span> <span class='ocrx_word' id='word_1_67' title='bbox 1083 755 1249 812; x_wconf 81' lang='lat' dir='ltr'>perche</span> <span class='ocrx_word' id='word_1_68' title='bbox 1268 754 1300 798; x_wconf 89' lang='lat' dir='ltr'>li</span> <span class='ocrx_word' id='word_1_69' title='bbox 1322 755 1555 800; x_wconf 88' lang='lat' dir='ltr'>medesimi</span> <span class='ocrx_word' id='word_1_70' title='bbox 1577 770 1664 809; x_wconf 87' lang='lat' dir='ltr'>con</span> <span class='ocrx_word' id='word_1_71' title='bbox 1686 756 1759 800; x_wconf 93' lang='lat' dir='ltr'>chi</span> <span class='ocrx_word' id='word_1_72' title='bbox 1782 756 1820 799; x_wconf 92' lang='lat' dir='ltr'>si</span> <span class='ocrx_word' id='word_1_73' title='bbox 1838 757 1936 802; x_wconf 77' lang='lat' dir='ltr'>fara</span> 
     </span>
     <span class='ocr_line' id='line_1_10' title="bbox 295 832 1932 890; baseline 0 -13"><span class='ocrx_word' id='word_1_74' title='bbox 295 840 456 889; x_wconf 89' lang='lat' dir='ltr'>questa</span> <span class='ocrx_word' id='word_1_75' title='bbox 476 833 705 890; x_wconf 85' lang='lat' dir='ltr'>diligenza</span> <span class='ocrx_word' id='word_1_76' title='bbox 725 834 769 876; x_wconf 91' lang='lat' dir='ltr'>lo</span> <span class='ocrx_word' id='word_1_77' title='bbox 802 833 1111 890; x_wconf 89' lang='lat' dir='ltr'>publicarano‚</span> <span class='ocrx_word' id='word_1_78' title='bbox 1135 832 1167 875; x_wconf 91' lang='lat' dir='ltr'>il</span> <span class='ocrx_word' id='word_1_79' title='bbox 1195 834 1280 876; x_wconf 93' lang='lat' dir='ltr'>che</span> <span class='ocrx_word' id='word_1_80' title='bbox 1310 832 1628 878; x_wconf 89' lang='lat' dir='ltr'>intendendosi</span> <span class='ocrx_word' id='word_1_81' title='bbox 1659 834 1717 876; x_wconf 89' lang='lat' dir='ltr'>da</span> <span class='ocrx_word' id='word_1_82' title='bbox 1749 834 1932 877; x_wconf 89' lang='lat' dir='ltr'>alchuni</span> 
     </span>
     <span class='ocr_line' id='line_1_11' title="bbox 294 909 1936 967; baseline 0 -12"><span class='ocrx_word' id='word_1_83' title='bbox 294 909 545 955; x_wconf 85' lang='lat' dir='ltr'>essercitati</span> <span class='ocrx_word' id='word_1_84' title='bbox 567 911 617 952; x_wconf 89' lang='lat' dir='ltr'>in</span> <span class='ocrx_word' id='word_1_85' title='bbox 640 912 756 963; x_wconf 88' lang='lat' dir='ltr'>iure,</span> <span class='ocrx_word' id='word_1_86' title='bbox 781 925 973 955; x_wconf 87' lang='lat' dir='ltr'>uerrano</span> <span class='ocrx_word' id='word_1_87' title='bbox 995 926 1021 954; x_wconf 93' lang='lat' dir='ltr'>a</span> <span class='ocrx_word' id='word_1_88' title='bbox 1041 909 1138 953; x_wconf 89' lang='lat' dir='ltr'>dire</span> <span class='ocrx_word' id='word_1_89' title='bbox 1159 911 1245 953; x_wconf 90' lang='lat' dir='ltr'>che</span> <span class='ocrx_word' id='word_1_90' title='bbox 1271 909 1303 952; x_wconf 89' lang='lat' dir='ltr'>il</span> <span class='ocrx_word' id='word_1_91' title='bbox 1330 924 1447 967; x_wconf 87' lang='lat' dir='ltr'>papa</span> <span class='ocrx_word' id='word_1_92' title='bbox 1474 911 1533 954; x_wconf 89' lang='lat' dir='ltr'>ha</span> <span class='ocrx_word' id='word_1_93' title='bbox 1560 925 1777 966; x_wconf 76' lang='lat' dir='ltr'>speranza</span> <span class='ocrx_word' id='word_1_94' title='bbox 1809 918 1855 955; x_wconf 92' lang='lat' dir='ltr'>et</span> <span class='ocrx_word' id='word_1_95' title='bbox 1886 911 1936 956; x_wconf 91' lang='lat' dir='ltr'>fa</span> 
     </span>
     <span class='ocr_line' id='line_1_12' title="bbox 293 985 1931 1044; baseline 0.001 -14"><span class='ocrx_word' id='word_1_96' title='bbox 293 988 444 1044; x_wconf 91' lang='lat' dir='ltr'>quello</span> <span class='ocrx_word' id='word_1_97' title='bbox 466 989 550 1031; x_wconf 90' lang='lat' dir='ltr'>che</span> <span class='ocrx_word' id='word_1_98' title='bbox 570 988 663 1044; x_wconf 78' lang='lat' dir='ltr'>puo</span> <span class='ocrx_word' id='word_1_99' title='bbox 684 1002 765 1044; x_wconf 90' lang='lat' dir='ltr'>per</span> <span class='ocrx_word' id='word_1_100' title='bbox 787 986 1052 1034; x_wconf 86' lang='lat' dir='ltr'>essercitare</span> <span class='ocrx_word' id='word_1_101' title='bbox 1073 987 1101 1029; x_wconf 89' lang='lat' dir='ltr'>l’</span> <span class='ocrx_word' id='word_1_102' title='bbox 1124 985 1272 1030; x_wconf 88' lang='lat' dir='ltr'>officio</span> <span class='ocrx_word' id='word_1_103' title='bbox 1289 987 1407 1031; x_wconf 90' lang='lat' dir='ltr'>della</span> <span class='ocrx_word' id='word_1_104' title='bbox 1428 986 1720 1042; x_wconf 83' lang='lat' dir='ltr'>inquisitione</span> <span class='ocrx_word' id='word_1_105' title='bbox 1741 987 1787 1030; x_wconf 89' lang='lat' dir='ltr'>in</span> <span class='ocrx_word' id='word_1_106' title='bbox 1810 989 1931 1033; x_wconf 90' lang='lat' dir='ltr'>Ger-</span> 
     </span>
     <span class='ocr_line' id='line_1_13' title="bbox 294 1063 1935 1120; baseline 0.001 -12"><span class='ocrx_word' id='word_1_107' title='bbox 294 1064 459 1118; x_wconf 84' lang='lat' dir='ltr'>mania,</span> <span class='ocrx_word' id='word_1_108' title='bbox 480 1065 510 1107; x_wconf 91' lang='lat' dir='ltr'>il</span> <span class='ocrx_word' id='word_1_109' title='bbox 531 1066 617 1109; x_wconf 88' lang='lat' dir='ltr'>che</span> <span class='ocrx_word' id='word_1_110' title='bbox 639 1065 756 1110; x_wconf 89' lang='lat' dir='ltr'>uede</span> <span class='ocrx_word' id='word_1_111' title='bbox 777 1065 820 1108; x_wconf 90' lang='lat' dir='ltr'>la</span> <span class='ocrx_word' id='word_1_112' title='bbox 842 1066 895 1108; x_wconf 91' lang='lat' dir='ltr'>P.</span> <span class='ocrx_word' id='word_1_113' title='bbox 922 1065 980 1108; x_wconf 91' lang='lat' dir='ltr'>V.</span> <span class='ocrx_word' id='word_1_114' title='bbox 1006 1071 1175 1120; x_wconf 88' lang='lat' dir='ltr'>quanta</span> <span class='ocrx_word' id='word_1_115' title='bbox 1197 1063 1446 1108; x_wconf 87' lang='lat' dir='ltr'>offensione</span> <span class='ocrx_word' id='word_1_116' title='bbox 1468 1065 1720 1119; x_wconf 88' lang='lat' dir='ltr'>puotrebbe</span> <span class='ocrx_word' id='word_1_117' title='bbox 1742 1067 1882 1110; x_wconf 89' lang='lat' dir='ltr'>esser’</span> <span class='ocrx_word' id='word_1_118' title='bbox 1904 1081 1935 1110; x_wconf 87' lang='lat' dir='ltr'>a</span> 
     </span>
     <span class='ocr_line' id='line_1_14' title="bbox 296 1139 1931 1196; baseline 0.001 -11"><span class='ocrx_word' id='word_1_119' title='bbox 296 1141 401 1185; x_wconf 90' lang='lat' dir='ltr'>tutti</span> <span class='ocrx_word' id='word_1_120' title='bbox 423 1141 455 1184; x_wconf 92' lang='lat' dir='ltr'>li</span> <span class='ocrx_word' id='word_1_121' title='bbox 481 1141 713 1196; x_wconf 85' lang='lat' dir='ltr'>catholici,</span> <span class='ocrx_word' id='word_1_122' title='bbox 748 1156 839 1185; x_wconf 90' lang='lat' dir='ltr'>non</span> <span class='ocrx_word' id='word_1_123' title='bbox 871 1141 967 1185; x_wconf 90' lang='lat' dir='ltr'>solo</span> <span class='ocrx_word' id='word_1_124' title='bbox 1003 1155 1030 1184; x_wconf 88' lang='lat' dir='ltr'>a</span> <span class='ocrx_word' id='word_1_125' title='bbox 1060 1139 1283 1184; x_wconf 67' lang='lat' dir='ltr'>hereticia</span> <span class='ocrx_word' id='word_1_126' title='bbox 1311 1139 1634 1196; x_wconf 88' lang='lat' dir='ltr'>impedimento</span> <span class='ocrx_word' id='word_1_127' title='bbox 1666 1141 1711 1184; x_wconf 94' lang='lat' dir='ltr'>di</span> <span class='ocrx_word' id='word_1_128' title='bbox 1744 1157 1835 1186; x_wconf 93' lang='lat' dir='ltr'>non</span> <span class='ocrx_word' id='word_1_129' title='bbox 1868 1142 1931 1186; x_wconf 91' lang='lat' dir='ltr'>ri-</span> 
     </span>
     <span class='ocr_line' id='line_1_15' title="bbox 296 1217 1933 1270; baseline 0.001 -9"><span class='ocrx_word' id='word_1_130' title='bbox 296 1219 434 1262; x_wconf 92' lang='lat' dir='ltr'>dursi.</span> <span class='ocrx_word' id='word_1_131' title='bbox 470 1220 539 1262; x_wconf 84' lang='lat'>2.⁰</span> <span class='ocrx_word' id='word_1_132' title='bbox 562 1220 679 1263; x_wconf 90' lang='lat' dir='ltr'>Pare</span> <span class='ocrx_word' id='word_1_133' title='bbox 700 1219 839 1262; x_wconf 91' lang='lat' dir='ltr'>molto</span> <span class='ocrx_word' id='word_1_134' title='bbox 860 1217 1041 1261; x_wconf 89' lang='lat' dir='ltr'>difficile</span> <span class='ocrx_word' id='word_1_135' title='bbox 1069 1218 1155 1262; x_wconf 92' lang='lat' dir='ltr'>che</span> <span class='ocrx_word' id='word_1_136' title='bbox 1181 1231 1244 1260; x_wconf 93' lang='lat' dir='ltr'>un</span> <span class='ocrx_word' id='word_1_137' title='bbox 1273 1217 1549 1270; x_wconf 87' lang='lat' dir='ltr'>confessore,</span> <span class='ocrx_word' id='word_1_138' title='bbox 1574 1218 1616 1261; x_wconf 94' lang='grc'><strong>16</strong></span> <span class='ocrx_word' id='word_1_139' title='bbox 1638 1231 1743 1261; x_wconf 92' lang='lat' dir='ltr'>cose</span> <span class='ocrx_word' id='word_1_140' title='bbox 1765 1220 1850 1264; x_wconf 90' lang='lat' dir='ltr'>che</span> <span class='ocrx_word' id='word_1_141' title='bbox 1871 1221 1933 1263; x_wconf 90' lang='lat' dir='ltr'>ha</span> 
     </span>
     <span class='ocr_line' id='line_1_16' title="bbox 296 1293 1932 1348; baseline 0.002 -10"><span class='ocrx_word' id='word_1_142' title='bbox 296 1295 465 1339; x_wconf 88' lang='lat' dir='ltr'>sentito</span> <span class='ocrx_word' id='word_1_143' title='bbox 498 1295 545 1339; x_wconf 93' lang='lat' dir='ltr'>in</span> <span class='ocrx_word' id='word_1_144' title='bbox 580 1295 865 1341; x_wconf 89' lang='lat' dir='ltr'>confessione</span> <span class='ocrx_word' id='word_1_145' title='bbox 892 1294 1234 1348; x_wconf 85' lang='lat' dir='ltr'>sacramentale,</span> <span class='ocrx_word' id='word_1_146' title='bbox 1264 1293 1307 1339; x_wconf 95' lang='grc'><strong>16</strong></span> <span class='ocrx_word' id='word_1_147' title='bbox 1337 1300 1478 1338; x_wconf 87' lang='lat' dir='ltr'>metta</span> <span class='ocrx_word' id='word_1_148' title='bbox 1504 1308 1531 1337; x_wconf 97' lang='lat' dir='ltr'>o</span> <span class='ocrx_word' id='word_1_149' title='bbox 1560 1295 1673 1338; x_wconf 86' lang='lat' dir='ltr'>faeci</span> <span class='ocrx_word' id='word_1_150' title='bbox 1703 1299 1859 1340; x_wconf 87' lang='lat' dir='ltr'>meter’</span> <span class='ocrx_word' id='word_1_151' title='bbox 1884 1297 1932 1341; x_wconf 87' lang='lat' dir='ltr'>in</span> 
     </span>
     <span class='ocr_line' id='line_1_17' title="bbox 294 1371 1931 1428; baseline 0.002 -13"><span class='ocrx_word' id='word_1_152' title='bbox 294 1373 409 1416; x_wconf 89' lang='lat' dir='ltr'>altro</span> <span class='ocrx_word' id='word_1_153' title='bbox 431 1375 547 1426; x_wconf 89' lang='lat' dir='ltr'>foro,</span> <span class='ocrx_word' id='word_1_154' title='bbox 582 1374 787 1417; x_wconf 90' lang='lat' dir='ltr'>almanco</span> <span class='ocrx_word' id='word_1_155' title='bbox 814 1387 950 1417; x_wconf 89' lang='lat' dir='ltr'>senza</span> <span class='ocrx_word' id='word_1_156' title='bbox 978 1385 1200 1416; x_wconf 90' lang='lat' dir='ltr'>consenso</span> <span class='ocrx_word' id='word_1_157' title='bbox 1227 1371 1300 1415; x_wconf 88' lang='lat' dir='ltr'>del</span> <span class='ocrx_word' id='word_1_158' title='bbox 1327 1371 1595 1425; x_wconf 82' lang='lat' dir='ltr'>confitente,</span> <span class='ocrx_word' id='word_1_159' title='bbox 1621 1372 1651 1415; x_wconf 92' lang='lat' dir='ltr'>il</span> <span class='ocrx_word' id='word_1_160' title='bbox 1674 1374 1806 1428; x_wconf 87' lang='lat' dir='ltr'>quale</span> <span class='ocrx_word' id='word_1_161' title='bbox 1837 1389 1931 1418; x_wconf 91' lang='lat' dir='ltr'>non</span> 
     </span>
     <span class='ocr_line' id='line_1_18' title="bbox 258 1449 1931 1506; baseline 0.001 -12"><span class='ocrx_word' id='word_1_162' title='bbox 258 1483 263 1489; x_wconf 91' lang='lat'>.</span> <span class='ocrx_word' id='word_1_163' title='bbox 293 1449 332 1494; x_wconf 90' lang='lat' dir='ltr'>si</span> <span class='ocrx_word' id='word_1_164' title='bbox 354 1451 470 1495; x_wconf 92' lang='lat' dir='ltr'>deue</span> <span class='ocrx_word' id='word_1_165' title='bbox 488 1451 675 1494; x_wconf 85' lang='lat' dir='ltr'>sforzar&#39;</span> <span class='ocrx_word' id='word_1_166' title='bbox 694 1465 720 1494; x_wconf 90' lang='lat' dir='ltr'>a</span> <span class='ocrx_word' id='word_1_167' title='bbox 742 1458 920 1506; x_wconf 89' lang='lat' dir='ltr'>questo,</span> <span class='ocrx_word' id='word_1_168' title='bbox 945 1451 1030 1493; x_wconf 92' lang='lat' dir='ltr'>che</span> <span class='ocrx_word' id='word_1_169' title='bbox 1049 1449 1122 1494; x_wconf 86' lang='lat' dir='ltr'>del</span> <span class='ocrx_word' id='word_1_170' title='bbox 1145 1449 1242 1492; x_wconf 88' lang='lat' dir='ltr'>foro</span> <span class='ocrx_word' id='word_1_171' title='bbox 1263 1449 1381 1492; x_wconf 89' lang='lat' dir='ltr'>della</span> <span class='ocrx_word' id='word_1_172' title='bbox 1401 1449 1704 1503; x_wconf 87' lang='lat' dir='ltr'>confessione,</span> <span class='ocrx_word' id='word_1_173' title='bbox 1725 1465 1816 1494; x_wconf 92' lang='lat' dir='ltr'>non</span> <span class='ocrx_word' id='word_1_174' title='bbox 1833 1452 1931 1495; x_wconf 89' lang='lat' dir='ltr'>solo</span> 
     </span>
     <span class='ocr_line' id='line_1_19' title="bbox 291 1525 1930 1584; baseline 0.002 -14"><span class='ocrx_word' id='word_1_175' title='bbox 291 1527 329 1571; x_wconf 88' lang='lat' dir='ltr'>si</span> <span class='ocrx_word' id='word_1_176' title='bbox 360 1527 517 1571; x_wconf 90' lang='lat' dir='ltr'>riduca</span> <span class='ocrx_word' id='word_1_177' title='bbox 550 1527 580 1570; x_wconf 94' lang='lat' dir='ltr'>il</span> <span class='ocrx_word' id='word_1_178' title='bbox 611 1542 695 1572; x_wconf 88' lang='lat' dir='ltr'>suo</span> <span class='ocrx_word' id='word_1_179' title='bbox 716 1534 904 1584; x_wconf 89' lang='lat' dir='ltr'>peccato</span> <span class='ocrx_word' id='word_1_180' title='bbox 934 1527 975 1571; x_wconf 89' lang='lat' dir='ltr'>al</span> <span class='ocrx_word' id='word_1_181' title='bbox 1005 1527 1100 1570; x_wconf 85' lang='lat' dir='ltr'>foro</span> <span class='ocrx_word' id='word_1_182' title='bbox 1128 1525 1372 1579; x_wconf 87' lang='lat' dir='ltr'>exteriore,</span> <span class='ocrx_word' id='word_1_183' title='bbox 1402 1541 1476 1570; x_wconf 88' lang='lat' dir='ltr'>ma</span> <span class='ocrx_word' id='word_1_184' title='bbox 1508 1526 1722 1571; x_wconf 91' lang='lat' dir='ltr'>etiamdio</span> <span class='ocrx_word' id='word_1_185' title='bbox 1759 1529 1800 1572; x_wconf 90' lang='lat' dir='ltr'>al</span> <span class='ocrx_word' id='word_1_186' title='bbox 1832 1529 1930 1573; x_wconf 89' lang='lat' dir='ltr'>foro</span> 
     </span>
    </p>

    <p class='ocr_par' dir='ltr' id='par_1_5' title="bbox 239 1602 1932 2970">
     <span class='ocr_line' id='line_1_20' title="bbox 292 1602 1929 1663; baseline 0.001 -15"><span class='ocrx_word' id='word_1_187' title='bbox 292 1604 515 1650; x_wconf 87' lang='lat' dir='ltr'>exteriore</span> <span class='ocrx_word' id='word_1_188' title='bbox 537 1604 767 1650; x_wconf 89' lang='lat' dir='ltr'>criminale</span> <span class='ocrx_word' id='word_1_189' title='bbox 794 1605 848 1648; x_wconf 85' lang='lat' dir='ltr'>de</span> <span class='ocrx_word' id='word_1_190' title='bbox 870 1605 1012 1661; x_wconf 77' lang='lat' dir='ltr'>capite</span> <span class='ocrx_word' id='word_1_191' title='bbox 1033 1611 1194 1647; x_wconf 90' lang='lat' dir='ltr'>contra</span> <span class='ocrx_word' id='word_1_192' title='bbox 1214 1602 1260 1646; x_wconf 93' lang='lat' dir='ltr'>di</span> <span class='ocrx_word' id='word_1_193' title='bbox 1287 1602 1366 1647; x_wconf 90' lang='lat' dir='ltr'>lui.</span> <span class='ocrx_word' id='word_1_194' title='bbox 1394 1602 1462 1659; x_wconf 91' lang='lat'>3.⁰</span> <span class='ocrx_word' id='word_1_195' title='bbox 1484 1603 1543 1647; x_wconf 93' lang='lat' dir='ltr'>Di</span> <span class='ocrx_word' id='word_1_196' title='bbox 1573 1611 1734 1660; x_wconf 89' lang='lat' dir='ltr'>questa</span> <span class='ocrx_word' id='word_1_197' title='bbox 1763 1605 1929 1663; x_wconf 69' lang='lat' dir='ltr'>athu—</span> 
     </span>
     <span class='ocr_line' id='line_1_21' title="bbox 239 1666 1928 1739; baseline 0.002 -15"><span class='ocrx_word' id='word_1_198' title='bbox 239 1666 246 1668; x_wconf 59' lang='lat'>‚</span> <span class='ocrx_word' id='word_1_199' title='bbox 292 1681 466 1727; x_wconf 90' lang='lat' dir='ltr'>ratione</span> <span class='ocrx_word' id='word_1_200' title='bbox 493 1682 707 1726; x_wconf 89' lang='lat' dir='ltr'>esteriore</span> <span class='ocrx_word' id='word_1_201' title='bbox 735 1682 882 1739; x_wconf 90' lang='lat' dir='ltr'>pende</span> <span class='ocrx_word' id='word_1_202' title='bbox 909 1683 1047 1726; x_wconf 86' lang='lat' dir='ltr'>esser’</span> <span class='ocrx_word' id='word_1_203' title='bbox 1080 1681 1256 1738; x_wconf 89' lang='lat' dir='ltr'>relapso</span> <span class='ocrx_word' id='word_1_204' title='bbox 1285 1681 1335 1723; x_wconf 80' lang='lat' dir='ltr'>in</span> <span class='ocrx_word' id='word_1_205' title='bbox 1364 1681 1480 1739; x_wconf 89' lang='lat' dir='ltr'>foro</span> <span class='ocrx_word' id='word_1_206' title='bbox 1506 1682 1749 1735; x_wconf 78' lang='lat' dir='ltr'>exteriore,</span> <span class='ocrx_word' id='word_1_207' title='bbox 1778 1697 1805 1726; x_wconf 95' lang='lat' dir='ltr'>o</span> <span class='ocrx_word' id='word_1_208' title='bbox 1834 1697 1928 1727; x_wconf 87' lang='lat' dir='ltr'>non</span> 
     </span>
     <span class='ocr_line' id='line_1_22' title="bbox 295 1757 1928 1816; baseline 0 -13"><span class='ocrx_word' id='word_1_209' title='bbox 295 1760 452 1803; x_wconf 87' lang='lat' dir='ltr'>esser&#39;.</span> <span class='ocrx_word' id='word_1_210' title='bbox 478 1760 706 1804; x_wconf 91' lang='lat' dir='ltr'>Adunche</span> <span class='ocrx_word' id='word_1_211' title='bbox 738 1774 786 1803; x_wconf 94' lang='lat' dir='ltr'>se</span> <span class='ocrx_word' id='word_1_212' title='bbox 818 1774 910 1802; x_wconf 92' lang='lat' dir='ltr'>non</span> <span class='ocrx_word' id='word_1_213' title='bbox 940 1757 1182 1803; x_wconf 91' lang='lat' dir='ltr'>habbiamo</span> <span class='ocrx_word' id='word_1_214' title='bbox 1213 1758 1264 1800; x_wconf 85' lang='lat' dir='ltr'>in</span> <span class='ocrx_word' id='word_1_215' title='bbox 1287 1758 1402 1816; x_wconf 90' lang='lat' dir='ltr'>foro</span> <span class='ocrx_word' id='word_1_216' title='bbox 1432 1758 1647 1801; x_wconf 86' lang='lat' dir='ltr'>interiori</span> <span class='ocrx_word' id='word_1_217' title='bbox 1677 1759 1819 1803; x_wconf 87' lang='lat' dir='ltr'>nostri</span> <span class='ocrx_word' id='word_1_218' title='bbox 1842 1760 1928 1803; x_wconf 90' lang='lat' dir='ltr'>mi-</span> 
     </span>
     <span class='ocr_line' id='line_1_23' title="bbox 293 1833 1929 1892; baseline 0.001 -14"><span class='ocrx_word' id='word_1_219' title='bbox 293 1835 482 1890; x_wconf 89' lang='lat' dir='ltr'>nisterii,</span> <span class='ocrx_word' id='word_1_220' title='bbox 514 1852 606 1881; x_wconf 91' lang='lat' dir='ltr'>non</span> <span class='ocrx_word' id='word_1_221' title='bbox 636 1838 661 1881; x_wconf 81' lang='grc'><strong>6</strong></span> <span class='ocrx_word' id='word_1_222' title='bbox 690 1835 820 1880; x_wconf 89' lang='lat' dir='ltr'>facile</span> <span class='ocrx_word' id='word_1_223' title='bbox 847 1835 943 1880; x_wconf 92' lang='lat' dir='ltr'>dire</span> <span class='ocrx_word' id='word_1_224' title='bbox 975 1837 1059 1879; x_wconf 91' lang='lat' dir='ltr'>che</span> <span class='ocrx_word' id='word_1_225' title='bbox 1099 1849 1190 1878; x_wconf 91' lang='lat' dir='ltr'>uno</span> <span class='ocrx_word' id='word_1_226' title='bbox 1217 1833 1284 1878; x_wconf 88' lang='lat' dir='ltr'>sia</span> <span class='ocrx_word' id='word_1_227' title='bbox 1310 1834 1508 1892; x_wconf 89' lang='lat' dir='ltr'>relapso,</span> <span class='ocrx_word' id='word_1_228' title='bbox 1539 1836 1721 1891; x_wconf 87' lang='lat' dir='ltr'>quando</span> <span class='ocrx_word' id='word_1_229' title='bbox 1758 1835 1804 1879; x_wconf 92' lang='lat' dir='ltr'>in</span> <span class='ocrx_word' id='word_1_230' title='bbox 1831 1837 1929 1881; x_wconf 90' lang='lat' dir='ltr'>sola</span> 
     </span>
     <span class='ocr_line' id='line_1_24' title="bbox 294 1910 1926 1968; baseline 0 -12"><span class='ocrx_word' id='word_1_231' title='bbox 294 1913 578 1959; x_wconf 88' lang='lat' dir='ltr'>confessione</span> <span class='ocrx_word' id='word_1_232' title='bbox 605 1914 643 1958; x_wconf 92' lang='lat' dir='ltr'>si</span> <span class='ocrx_word' id='word_1_233' title='bbox 674 1929 723 1957; x_wconf 91' lang='lat' dir='ltr'>sa</span> <span class='ocrx_word' id='word_1_234' title='bbox 753 1915 838 1958; x_wconf 91' lang='lat' dir='ltr'>che</span> <span class='ocrx_word' id='word_1_235' title='bbox 866 1914 891 1956; x_wconf 79' lang='lat' dir='ltr'>e</span> <span class='ocrx_word' id='word_1_236' title='bbox 920 1913 1119 1968; x_wconf 90' lang='lat' dir='ltr'>relapso,</span> <span class='ocrx_word' id='word_1_237' title='bbox 1159 1910 1205 1954; x_wconf 92' lang='lat' dir='ltr'>di</span> <span class='ocrx_word' id='word_1_238' title='bbox 1235 1911 1370 1954; x_wconf 90' lang='lat' dir='ltr'>modo</span> <span class='ocrx_word' id='word_1_239' title='bbox 1397 1913 1483 1956; x_wconf 92' lang='lat' dir='ltr'>che</span> <span class='ocrx_word' id='word_1_240' title='bbox 1515 1913 1588 1954; x_wconf 87' lang='lat' dir='ltr'>ille</span> <span class='ocrx_word' id='word_1_241' title='bbox 1615 1916 1822 1956; x_wconf 88' lang='lat' dir='ltr'>censetur</span> <span class='ocrx_word' id='word_1_242' title='bbox 1851 1927 1926 1956; x_wconf 91' lang='lat' dir='ltr'>re-</span> 
     </span>
     <span class='ocr_line' id='line_1_25' title="bbox 291 1987 1923 2046; baseline 0 -14"><span class='ocrx_word' id='word_1_243' title='bbox 291 1991 447 2046; x_wconf 83' lang='lat' dir='ltr'>lapsus</span> <span class='ocrx_word' id='word_1_244' title='bbox 463 2005 615 2034; x_wconf 86' lang='lat' dir='ltr'>coram</span> <span class='ocrx_word' id='word_1_245' title='bbox 637 1993 748 2043; x_wconf 90' lang='lat' dir='ltr'>Deo,</span> <span class='ocrx_word' id='word_1_246' title='bbox 766 2005 857 2033; x_wconf 81' lang='lat' dir='ltr'>non</span> <span class='ocrx_word' id='word_1_247' title='bbox 875 2004 1027 2033; x_wconf 87' lang='lat' dir='ltr'>coram</span> <span class='ocrx_word' id='word_1_248' title='bbox 1046 1988 1263 2031; x_wconf 82' lang='lat' dir='ltr'>Ecclesia.</span> <span class='ocrx_word' id='word_1_249' title='bbox 1284 1987 1333 2033; x_wconf 91' lang='lat' dir='ltr'>Si</span> <span class='ocrx_word' id='word_1_250' title='bbox 1349 1990 1434 2034; x_wconf 90' lang='lat' dir='ltr'>che</span> <span class='ocrx_word' id='word_1_251' title='bbox 1450 2003 1499 2034; x_wconf 91' lang='lat' dir='ltr'>se</span> <span class='ocrx_word' id='word_1_252' title='bbox 1521 1989 1559 2032; x_wconf 93' lang='lat' dir='ltr'>si</span> <span class='ocrx_word' id='word_1_253' title='bbox 1580 1989 1638 2033; x_wconf 82' lang='lat' dir='ltr'>da</span> <span class='ocrx_word' id='word_1_254' title='bbox 1660 1989 1855 2033; x_wconf 72' lang='lat' dir='ltr'>autor-ita</span> <span class='ocrx_word' id='word_1_255' title='bbox 1877 1991 1923 2033; x_wconf 89' lang='lat' dir='ltr'>d’</span> 
     </span>
     <span class='ocr_line' id='line_1_26' title="bbox 290 2064 1926 2123; baseline -0.001 -11"><span class='ocrx_word' id='word_1_256' title='bbox 290 2069 506 2113; x_wconf 87' lang='lat' dir='ltr'>assoluer’</span> <span class='ocrx_word' id='word_1_257' title='bbox 530 2068 717 2113; x_wconf 90' lang='lat' dir='ltr'>heretici</span> <span class='ocrx_word' id='word_1_258' title='bbox 744 2068 781 2120; x_wconf 74' lang='lat' dir='ltr'>b,</span> <span class='ocrx_word' id='word_1_259' title='bbox 801 2069 826 2111; x_wconf 82' lang='lat' dir='ltr'>e</span> <span class='ocrx_word' id='word_1_260' title='bbox 848 2066 1150 2111; x_wconf 90' lang='lat' dir='ltr'>conueniente</span> <span class='ocrx_word' id='word_1_261' title='bbox 1171 2066 1255 2109; x_wconf 91' lang='lat' dir='ltr'>che</span> <span class='ocrx_word' id='word_1_262' title='bbox 1282 2064 1320 2109; x_wconf 92' lang='lat' dir='ltr'>si</span> <span class='ocrx_word' id='word_1_263' title='bbox 1341 2065 1416 2110; x_wconf 90' lang='lat' dir='ltr'>dia</span> <span class='ocrx_word' id='word_1_264' title='bbox 1436 2067 1571 2109; x_wconf 86' lang='lat' dir='ltr'>etiam</span> <span class='ocrx_word' id='word_1_265' title='bbox 1596 2081 1675 2123; x_wconf 88' lang='lat' dir='ltr'>per</span> <span class='ocrx_word' id='word_1_266' title='bbox 1700 2067 1728 2110; x_wconf 92' lang='lat' dir='ltr'>li</span> <span class='ocrx_word' id='word_1_267' title='bbox 1761 2067 1926 2123; x_wconf 88' lang='lat' dir='ltr'>relapsi</span> 
     </span>
     <span class='ocr_line' id='line_1_27' title="bbox 290 2133 1924 2204; baseline -0.001 -17"><span class='ocrx_word' id='word_1_268' title='bbox 290 2146 340 2188; x_wconf 89' lang='lat' dir='ltr'>in</span> <span class='ocrx_word' id='word_1_269' title='bbox 357 2145 432 2188; x_wconf 89' lang='lat' dir='ltr'>illo</span> <span class='ocrx_word' id='word_1_270' title='bbox 440 2146 570 2204; x_wconf 90' lang='lat' dir='ltr'>foro.</span> <span class='ocrx_word' id='word_1_271' title='bbox 595 2133 675 2199; x_wconf 37' lang='lat'>4⁰⁴</span> <span class='ocrx_word' id='word_1_272' title='bbox 690 2147 759 2190; x_wconf 92' lang='lat' dir='ltr'>De</span> <span class='ocrx_word' id='word_1_273' title='bbox 781 2145 878 2188; x_wconf 90' lang='lat' dir='ltr'>iure</span> <span class='ocrx_word' id='word_1_274' title='bbox 906 2143 952 2186; x_wconf 91' lang='lat' dir='ltr'>in</span> <span class='ocrx_word' id='word_1_275' title='bbox 981 2142 1068 2195; x_wconf 86' lang='lat'>6.⁰‚</span> <span class='ocrx_word' id='word_1_276' title='bbox 1093 2142 1167 2185; x_wconf 89' lang='lat' dir='ltr'>del</span> <span class='ocrx_word' id='word_1_277' title='bbox 1193 2141 1390 2199; x_wconf 88' lang='lat' dir='ltr'>capitulo</span> <span class='ocrx_word' id='word_1_278' title='bbox 1417 2158 1507 2186; x_wconf 92' lang='lat' dir='ltr'>non</span> <span class='ocrx_word' id='word_1_279' title='bbox 1537 2143 1597 2186; x_wconf 91' lang='lat' dir='ltr'>mi</span> <span class='ocrx_word' id='word_1_280' title='bbox 1626 2143 1821 2197; x_wconf 89' lang='lat' dir='ltr'>ricordo,</span> <span class='ocrx_word' id='word_1_281' title='bbox 1847 2158 1924 2186; x_wconf 91' lang='lat' dir='ltr'>re-</span> 
     </span>
     <span class='ocr_line' id='line_1_28' title="bbox 243 2209 1924 2278; baseline -0.001 -14"><span class='ocrx_word' id='word_1_282' title='bbox 243 2209 245 2212; x_wconf 29' lang='lat'>·</span> <span class='ocrx_word' id='word_1_283' title='bbox 290 2222 443 2277; x_wconf 80' lang='lat' dir='ltr'>lapsis,</span> <span class='ocrx_word' id='word_1_284' title='bbox 456 2223 535 2278; x_wconf 83' lang='lat' dir='ltr'>qui</span> <span class='ocrx_word' id='word_1_285' title='bbox 543 2222 805 2278; x_wconf 84' lang='lat' dir='ltr'>plectuntur</span> <span class='ocrx_word' id='word_1_286' title='bbox 821 2221 978 2263; x_wconf 85' lang='lat' dir='ltr'>ultimo</span> <span class='ocrx_word' id='word_1_287' title='bbox 995 2219 1225 2276; x_wconf 77' lang='lat' dir='ltr'>supplicio,</span> <span class='ocrx_word' id='word_1_288' title='bbox 1237 2219 1352 2262; x_wconf 86' lang='lat' dir='ltr'>iubet</span> <span class='ocrx_word' id='word_1_289' title='bbox 1365 2220 1547 2263; x_wconf 86' lang='lat' dir='ltr'>ecclesia</span> <span class='ocrx_word' id='word_1_290' title='bbox 1562 2221 1830 2263; x_wconf 82' lang='lat' dir='ltr'>ministrari</span> <span class='ocrx_word' id='word_1_291' title='bbox 1845 2235 1924 2264; x_wconf 91' lang='lat' dir='ltr'>sa-</span> 
     </span>
     <span class='ocr_line' id='line_1_29' title="bbox 291 2295 1919 2354; baseline 0.001 -14"><span class='ocrx_word' id='word_1_292' title='bbox 291 2301 541 2341; x_wconf 88' lang='lat' dir='ltr'>cramenta.</span> <span class='ocrx_word' id='word_1_293' title='bbox 562 2298 691 2343; x_wconf 87' lang='lat' dir='ltr'>Saria</span> <span class='ocrx_word' id='word_1_294' title='bbox 708 2298 915 2341; x_wconf 90' lang='lat' dir='ltr'>adunche</span> <span class='ocrx_word' id='word_1_295' title='bbox 933 2295 1250 2348; x_wconf 89' lang='lat' dir='ltr'>conueniente,</span> <span class='ocrx_word' id='word_1_296' title='bbox 1269 2310 1319 2341; x_wconf 88' lang='lat' dir='ltr'>se</span> <span class='ocrx_word' id='word_1_297' title='bbox 1334 2310 1442 2354; x_wconf 91' lang='lat' dir='ltr'>pare</span> <span class='ocrx_word' id='word_1_298' title='bbox 1458 2312 1485 2340; x_wconf 87' lang='lat' dir='ltr'>a</span> <span class='ocrx_word' id='word_1_299' title='bbox 1502 2298 1596 2342; x_wconf 90' lang='lat' dir='ltr'>Sua</span> <span class='ocrx_word' id='word_1_300' title='bbox 1615 2296 1919 2351; x_wconf 86' lang='lat' dir='ltr'>Beatitudine,</span> 
     </span>
     <span class='ocr_line' id='line_1_30' title="bbox 291 2372 1927 2431; baseline -0.001 -13"><span class='ocrx_word' id='word_1_301' title='bbox 291 2376 376 2418; x_wconf 90' lang='lat' dir='ltr'>che</span> <span class='ocrx_word' id='word_1_302' title='bbox 404 2374 510 2418; x_wconf 90' lang='lat' dir='ltr'>tutti</span> <span class='ocrx_word' id='word_1_303' title='bbox 537 2375 568 2418; x_wconf 94' lang='lat' dir='ltr'>li</span> <span class='ocrx_word' id='word_1_304' title='bbox 596 2374 758 2431; x_wconf 89' lang='lat' dir='ltr'>relapsi</span> <span class='ocrx_word' id='word_1_305' title='bbox 779 2374 825 2416; x_wconf 87' lang='lat' dir='ltr'>d’</span> <span class='ocrx_word' id='word_1_306' title='bbox 855 2373 1112 2429; x_wconf 85' lang='lat' dir='ltr'>Alamagna</span> <span class='ocrx_word' id='word_1_307' title='bbox 1133 2373 1184 2415; x_wconf 87' lang='lat' dir='ltr'>in</span> <span class='ocrx_word' id='word_1_308' title='bbox 1207 2373 1321 2431; x_wconf 91' lang='lat' dir='ltr'>foro</span> <span class='ocrx_word' id='word_1_309' title='bbox 1351 2374 1647 2416; x_wconf 87' lang='lat' dir='ltr'>conscientiae</span> <span class='ocrx_word' id='word_1_310' title='bbox 1674 2372 1712 2416; x_wconf 88' lang='lat' dir='ltr'>si</span> <span class='ocrx_word' id='word_1_311' title='bbox 1740 2373 1927 2429; x_wconf 89' lang='lat' dir='ltr'>possino</span> 
     </span>
     <span class='ocr_line' id='line_1_31' title="bbox 291 2449 1924 2508; baseline -0.001 -13"><span class='ocrx_word' id='word_1_312' title='bbox 291 2452 527 2505; x_wconf 81' lang='lat' dir='ltr'>assoluer’3</span> <span class='ocrx_word' id='word_1_313' title='bbox 551 2452 733 2508; x_wconf 79' lang='lat' dir='ltr'>perche,</span> <span class='ocrx_word' id='word_1_314' title='bbox 758 2451 949 2495; x_wconf 86' lang='lat' dir='ltr'>essendo</span> <span class='ocrx_word' id='word_1_315' title='bbox 971 2451 1055 2494; x_wconf 93' lang='lat' dir='ltr'>che</span> <span class='ocrx_word' id='word_1_316' title='bbox 1089 2463 1200 2493; x_wconf 92' lang='lat' dir='ltr'>sono</span> <span class='ocrx_word' id='word_1_317' title='bbox 1221 2449 1399 2506; x_wconf 89' lang='lat' dir='ltr'>relapsi,</span> <span class='ocrx_word' id='word_1_318' title='bbox 1423 2453 1567 2506; x_wconf 80' lang='lat' dir='ltr'>potest</span> <span class='ocrx_word' id='word_1_319' title='bbox 1587 2455 1763 2506; x_wconf 82' lang='lat' dir='ltr'>semper</span> <span class='ocrx_word' id='word_1_320' title='bbox 1786 2451 1924 2494; x_wconf 85' lang='lat' dir='ltr'>iudex</span> 
     </span>
     <span class='ocr_line' id='line_1_32' title="bbox 290 2526 1920 2583; baseline -0.001 -11"><span class='ocrx_word' id='word_1_321' title='bbox 290 2529 489 2572; x_wconf 76' lang='lat' dir='ltr'>exterior</span> <span class='ocrx_word' id='word_1_322' title='bbox 504 2542 712 2572; x_wconf 87' lang='lat' dir='ltr'>exercere</span> <span class='ocrx_word' id='word_1_323' title='bbox 727 2542 860 2570; x_wconf 86' lang='lat' dir='ltr'>suam</span> <span class='ocrx_word' id='word_1_324' title='bbox 878 2527 1222 2569; x_wconf 83' lang='lat' dir='ltr'>iurisdictionen</span> <span class='ocrx_word' id='word_1_325' title='bbox 1242 2526 1290 2569; x_wconf 86' lang='lat' dir='ltr'>in</span> <span class='ocrx_word' id='word_1_326' title='bbox 1309 2527 1441 2582; x_wconf 85' lang='lat' dir='ltr'>ipsos,</span> <span class='ocrx_word' id='word_1_327' title='bbox 1459 2531 1499 2570; x_wconf 91' lang='lat' dir='ltr'>et</span> <span class='ocrx_word' id='word_1_328' title='bbox 1515 2541 1656 2583; x_wconf 85' lang='lat' dir='ltr'>neque</span> <span class='ocrx_word' id='word_1_329' title='bbox 1678 2528 1920 2583; x_wconf 84' lang='lat' dir='ltr'>quicquam</span> 
     </span>
     <span class='ocr_line' id='line_1_33' title="bbox 290 2603 1932 2662; baseline -0.001 -14"><span class='ocrx_word' id='word_1_330' title='bbox 290 2606 475 2662; x_wconf 80' lang='lat' dir='ltr'>impedit</span> <span class='ocrx_word' id='word_1_331' title='bbox 490 2606 718 2658; x_wconf 83' lang='lat' dir='ltr'>absolutio,</span> <span class='ocrx_word' id='word_1_332' title='bbox 730 2605 808 2647; x_wconf 87' lang='lat' dir='ltr'>sed</span> <span class='ocrx_word' id='word_1_333' title='bbox 824 2603 1076 2646; x_wconf 80' lang='lat' dir='ltr'>consulitur</span> <span class='ocrx_word' id='word_1_334' title='bbox 1093 2604 1266 2646; x_wconf 87' lang='lat' dir='ltr'>interea</span> <span class='ocrx_word' id='word_1_335' title='bbox 1283 2617 1439 2647; x_wconf 87' lang='lat' dir='ltr'>eorum</span> <span class='ocrx_word' id='word_1_336' title='bbox 1457 2605 1757 2648; x_wconf 79' lang='lat' dir='ltr'>conscientiis.</span> <span class='ocrx_word' id='word_1_337' title='bbox 1777 2604 1841 2659; x_wconf 72' lang='lat'>§.⁰</span> <span class='ocrx_word' id='word_1_338' title='bbox 1859 2606 1932 2650; x_wconf 76' lang='lat' dir='ltr'>Se.</span> 
     </span>
     <span class='ocr_line' id='line_1_34' title="bbox 288 2680 1922 2740; baseline -0.001 -13"><span class='ocrx_word' id='word_1_339' title='bbox 288 2697 375 2726; x_wconf 92' lang='lat' dir='ltr'>con</span> <span class='ocrx_word' id='word_1_340' title='bbox 412 2682 728 2740; x_wconf 87' lang='lat' dir='ltr'>abgiuratione</span> <span class='ocrx_word' id='word_1_341' title='bbox 763 2680 977 2725; x_wconf 87' lang='lat' dir='ltr'>esteriore</span> <span class='ocrx_word' id='word_1_342' title='bbox 1014 2682 1051 2723; x_wconf 87' lang='lat' dir='ltr'>s&#39;</span> <span class='ocrx_word' id='word_1_343' title='bbox 1081 2681 1140 2724; x_wconf 90' lang='lat' dir='ltr'>ha</span> <span class='ocrx_word' id='word_1_344' title='bbox 1168 2695 1194 2724; x_wconf 91' lang='grc'><strong>3</strong></span> <span class='ocrx_word' id='word_1_345' title='bbox 1225 2681 1319 2724; x_wconf 91' lang='lat' dir='ltr'>dar&#39;</span> <span class='ocrx_word' id='word_1_346' title='bbox 1344 2681 1374 2724; x_wconf 92' lang='lat' dir='ltr'>l&#39;</span> <span class='ocrx_word' id='word_1_347' title='bbox 1398 2681 1689 2733; x_wconf 90' lang='lat' dir='ltr'>assolutione,</span> <span class='ocrx_word' id='word_1_348' title='bbox 1727 2681 1860 2737; x_wconf 90' lang='lat' dir='ltr'>pochi</span> <span class='ocrx_word' id='word_1_349' title='bbox 1892 2697 1922 2725; x_wconf 94' lang='lat' dir='ltr'>o</span> 
     </span>
     <span class='ocr_line' id='line_1_35' title="bbox 285 2757 1920 2814; baseline -0.002 -11"><span class='ocrx_word' id='word_1_350' title='bbox 285 2759 398 2803; x_wconf 92' lang='lat' dir='ltr'>nulli</span> <span class='ocrx_word' id='word_1_351' title='bbox 413 2775 574 2804; x_wconf 85' lang='lat' dir='ltr'>sarano</span> <span class='ocrx_word' id='word_1_352' title='bbox 590 2762 675 2804; x_wconf 91' lang='lat' dir='ltr'>che</span> <span class='ocrx_word' id='word_1_353' title='bbox 692 2774 783 2802; x_wconf 93' lang='lat' dir='ltr'>non</span> <span class='ocrx_word' id='word_1_354' title='bbox 800 2758 838 2801; x_wconf 87' lang='lat' dir='ltr'>si</span> <span class='ocrx_word' id='word_1_355' title='bbox 857 2757 1029 2802; x_wconf 90' lang='lat' dir='ltr'>tentino</span> <span class='ocrx_word' id='word_1_356' title='bbox 1046 2764 1357 2814; x_wconf 86' lang='lat' dir='ltr'>grauemente‚</span> <span class='ocrx_word' id='word_1_357' title='bbox 1377 2762 1418 2801; x_wconf 90' lang='lat' dir='ltr'>et</span> <span class='ocrx_word' id='word_1_358' title='bbox 1430 2759 1751 2814; x_wconf 83' lang='lat' dir='ltr'>periclitentur</span> <span class='ocrx_word' id='word_1_359' title='bbox 1767 2760 1920 2812; x_wconf 84' lang='lat' dir='ltr'>etiam,</span> 
     </span>
     <span class='ocr_line' id='line_1_36' title="bbox 285 2832 1919 2895; baseline 0.001 -16"><span class='ocrx_word' id='word_1_360' title='bbox 285 2851 342 2880; x_wconf 90' lang='lat' dir='ltr'>ne</span> <span class='ocrx_word' id='word_1_361' title='bbox 362 2837 619 2879; x_wconf 41' lang='lat' dir='ltr'>arundines&gt;</span> <span class='ocrx_word' id='word_1_362' title='bbox 629 2837 927 2895; x_wconf 83' lang='lat' dir='ltr'>fumigantes</span> <span class='ocrx_word' id='word_1_363' title='bbox 948 2835 1254 2892; x_wconf 85' lang='lat' dir='ltr'>extingantur</span> <span class='ocrx_word' id='word_1_364' title='bbox 1274 2832 1387 2893; x_wconf 90' lang='lat' dir='ltr'>[sic],</span> <span class='ocrx_word' id='word_1_365' title='bbox 1408 2842 1496 2880; x_wconf 90' lang='lat' dir='ltr'>etc.</span> <span class='ocrx_word' id='word_1_366' title='bbox 1523 2836 1592 2878; x_wconf 84' lang='lat'>6.⁰</span> <span class='ocrx_word' id='word_1_367' title='bbox 1611 2836 1670 2880; x_wconf 89' lang='lat' dir='ltr'>Se</span> <span class='ocrx_word' id='word_1_368' title='bbox 1699 2834 1736 2878; x_wconf 90' lang='lat' dir='ltr'>si</span> <span class='ocrx_word' id='word_1_369' title='bbox 1759 2850 1809 2878; x_wconf 88' lang='lat' dir='ltr'>sa</span> <span class='ocrx_word' id='word_1_370' title='bbox 1831 2837 1919 2880; x_wconf 92' lang='lat' dir='ltr'>che</span> 
     </span>
     <span class='ocr_line' id='line_1_37' title="bbox 284 2911 1917 2970; baseline 0 -14"><span class='ocrx_word' id='word_1_371' title='bbox 284 2913 317 2956; x_wconf 91' lang='grc'>11</span> <span class='ocrx_word' id='word_1_372' title='bbox 346 2913 507 2970; x_wconf 88' lang='lat' dir='ltr'>relapsi</span> <span class='ocrx_word' id='word_1_373' title='bbox 535 2927 627 2956; x_wconf 86' lang='lat' dir='ltr'>non</span> <span class='ocrx_word' id='word_1_374' title='bbox 654 2913 968 2965; x_wconf 75' lang='lat' dir='ltr'>absoluantur,</span> <span class='ocrx_word' id='word_1_375' title='bbox 1005 2911 1140 2955; x_wconf 90' lang='lat' dir='ltr'>nisun</span> <span class='ocrx_word' id='word_1_376' title='bbox 1172 2911 1350 2968; x_wconf 88' lang='lat' dir='ltr'>relapso</span> <span class='ocrx_word' id='word_1_377' title='bbox 1383 2915 1483 2956; x_wconf 76' lang='lat' dir='ltr'>sara</span> <span class='ocrx_word' id='word_1_378' title='bbox 1505 2914 1591 2956; x_wconf 91' lang='lat' dir='ltr'>che</span> <span class='ocrx_word' id='word_1_379' title='bbox 1619 2926 1713 2955; x_wconf 92' lang='lat' dir='ltr'>non</span> <span class='ocrx_word' id='word_1_380' title='bbox 1743 2913 1917 2970; x_wconf 84' lang='lat' dir='ltr'>uenghi</span> 
     </span>
    </p>
   </div>
   <div class='ocr_carea' id='block_1_5' title="bbox 286 2989 551 2996">
    <p class='ocr_par' dir='ltr' id='par_1_6' title="bbox 286 2989 551 2996">
     <span class='ocr_line' id='line_1_38' title="bbox 286 2989 551 2996; baseline 0 0"><span class='ocrx_word' id='word_1_381' title='bbox 286 2989 551 2996; x_wconf 95' lang='lat' dir='ltr'> </span> 
     </span>
    </p>
   </div>
   <div class='ocr_carea' id='block_1_6' title="bbox 287 3017 1920 3116">
    <p class='ocr_par' dir='ltr' id='par_1_7' title="bbox 287 3017 1920 3116">
     <span class='ocr_line' id='line_1_39' title="bbox 362 3017 1920 3068; baseline -0.001 -13"><span class='ocrx_word' id='word_1_382' title='bbox 362 3027 384 3049; x_wconf 68' lang='lat' dir='ltr'><strong>a</strong></span> <span class='ocrx_word' id='word_1_383' title='bbox 421 3019 606 3068; x_wconf 89' lang='lat' dir='ltr'>Sequitur</span> <span class='ocrx_word' id='word_1_384' title='bbox 621 3022 659 3056; x_wconf 83' lang='lat' dir='ltr'>et</span> <span class='ocrx_word' id='word_1_385' title='bbox 676 3019 926 3056; x_wconf 87' lang='lat' dir='ltr'>obliteratum</span> <span class='ocrx_word' id='word_1_386' title='bbox 939 3029 962 3054; x_wconf 91' lang='lat' dir='ltr'>a</span> <span class='ocrx_word' id='word_1_387' title='bbox 979 3017 1067 3054; x_wconf 87' lang='lat' dir='ltr'>libr.</span> <span class='ocrx_word' id='word_1_388' title='bbox 1087 3039 1101 3043; x_wconf 91' lang='lat'>--</span> <span class='ocrx_word' id='word_1_389' title='bbox 1118 3019 1139 3046; x_wconf 70' lang='lat'>1¹</span> <span class='ocrx_word' id='word_1_390' title='bbox 1155 3017 1339 3066; x_wconf 87' lang='lat' dir='ltr'>Sequitur</span> <span class='ocrx_word' id='word_1_391' title='bbox 1361 3019 1602 3066; x_wconf 81' lang='lat' dir='ltr'>simpliciter</span> <span class='ocrx_word' id='word_1_392' title='bbox 1624 3018 1873 3055; x_wconf 81' lang='lat' dir='ltr'>obliteratum</span> <span class='ocrx_word' id='word_1_393' title='bbox 1897 3030 1920 3054; x_wconf 86' lang='lat' dir='ltr'>a</span> 
     </span>
     <span class='ocr_line' id='line_1_40' title="bbox 287 3079 377 3116; baseline 0 0"><span class='ocrx_word' id='word_1_394' title='bbox 287 3079 377 3116; x_wconf 87' lang='lat' dir='ltr'>libr.</span> 
     </span>
    </p>
   </div>
  </div>
 </body>
</html>
