2228 3548
449 301 515 352 146
955 295 1093 336 Emsr.
1121 291 1165 333 P.
1193 290 1466 344 NADAL-399

487 419 529 450 2.
595 406 771 462 Questa
794 401 1038 447 medesima
1059 415 1197 445 causa
1218 399 1279 443 mi
1309 399 1354 443 fa
1382 397 1539 444 uenire
1565 397 1612 442 in
1633 412 1724 442 una
1750 394 2027 456 cogitatione

399 486 483 528 che
514 482 671 540 uoglio
702 481 890 526 scriuer’
915 480 1001 522 alla
1030 481 1077 523 P.
1113 479 1186 530 V„
1210 477 1423 522 accioche
1453 478 1522 520 co’
1547 476 1576 519 l’
1602 475 1746 520 amico
1777 477 1834 522 de
1862 476 2025 520 Rodri-

398 574 517 618 guez
537 561 548 582 ¹
572 558 693 616 possi
716 559 797 602 far’
821 558 959 601 buon’
983 570 1119 613 opera
1140 570 1220 612 per
1241 555 1402 598 aiutar'
1426 569 1453 598 a
1473 553 1759 611 Alamagnia.
1785 554 1911 599 Sono
1932 554 2022 599 due

396 652 501 681 cose
523 638 606 680 che
629 635 782 693 uoglio
804 634 907 689 dir’,
934 635 1096 686 Padre,
1122 634 1207 676 che
1228 632 1288 675 mi
1310 646 1478 688 pareno
1509 646 1535 675 a
1565 646 1638 676 me
1668 631 1919 676 necessarie
1940 646 2021 689 per

395 715 655 759 conseruar'
689 712 720 756 li
751 711 962 756 catholici
992 710 1039 754 in
1062 709 1350 767 Alamagnia,
1380 709 1676 767 primamente
1706 708 1738 752 li
1766 708 1942 766 prelati,
1973 714 2020 754 et

395 796 855 847 consequentemente
878 788 984 832 tutti
1005 789 1035 832 l'
1060 787 1177 832 altri.
1203 788 1257 832 L'
1282 802 1373 831 una
1394 788 1442 842 6,
1467 788 1552 831 che
1573 787 1616 831 la
1641 787 1749 832 sede
1776 785 2021 843 apostolica

395 874 442 914 et
461 867 493 911 il
513 880 689 912 summo
709 866 924 925 pontifice
946 865 1016 909 usi
1033 865 1079 909 d’
1097 863 1207 922 ogni
1228 863 1479 922 benignita,
1499 862 1847 909 mansuetudine
1867 869 1913 907 et
1929 864 2024 907 ele—

393 945 562 991 mentia
583 959 671 990 con
692 950 851 1002 queste
873 943 1060 998 nationi,
1080 950 1126 988 et
1147 943 1190 986 16
1211 941 1370 1000 tenghi
1391 957 1567 1000 sempre
1587 940 1721 996 dolci,
1741 956 1833 986 non
1847 943 2024 986 hauen-

393 1024 452 1067 do
479 1022 664 1081 giudicij
697 1022 800 1066 forti
833 1029 990 1066 contra
1024 1020 1070 1065 di
1101 1021 1214 1074 loro,
1239 1020 1318 1077 piu
1349 1027 1468 1064 tosto
1494 1019 1767 1064 rimettendo
1793 1019 1933 1063 molto
1970 1019 2024 1062 de

393 1101 674 1144 districtione
697 1100 831 1153 iuris,
849 1098 1179 1144 considerando
1199 1098 1243 1143 16
1264 1096 1504 1151 afflittioni,
1525 1096 1736 1155 trauagli‚
1756 1102 1802 1141 et
1822 1103 2023 1142 extreme

392 1177 617 1223 necessita
636 1179 721 1222 che
741 1176 991 1234 patiscono‚
1017 1183 1063 1222 et
1083 1174 1266 1233 pericoli
1290 1174 1435 1219 ultimi
1455 1174 1503 1218 in
1525 1176 1609 1220 che
1630 1182 1761 1219 stano
1782 1173 2022 1218 continua‘

395 1262 547 1301 mente
568 1255 656 1313 (ma
678 1262 796 1299 tutto
819 1245 980 1313 questo
1001 1254 1187 1298 intendo
1208 1254 1437 1311 supposita
1459 1253 1722 1311 integritate
1733 1252 1864 1309 fidei,
1885 1267 2022 1314 senza

395 1333 439 1376 la
460 1333 592 1390 quale
613 1347 704 1377 non
725 1347 837 1377 sono
857 1331 1097 1389 catholici);
1121 1332 1288 1389 perche
1308 1338 1433 1375 certo
1455 1331 1480 1374 ἑ
1501 1332 1587 1375 che
1608 1330 1746 1375 molte
1773 1344 1878 1375 cose
1905 1329 2021 1374 dalle

397 1410 511 1454 altre
540 1409 711 1454 nationi
747 1409 786 1454 si
817 1410 1138 1454 douerebbono
1169 1408 1466 1462 ricchiedere‚
1490 1409 1575 1453 che
1603 1407 1648 1451 di
1675 1413 1835 1464 questa
1860 1422 1953 1452 non
1983 1406 2022 1452 si

399 1501 595 1545 possono
617 1487 709 1531 cosi
731 1487 987 1533 facilmente
1007 1487 1082 1532 nel
1102 1493 1312 1544 presente
1333 1492 1450 1530 stato
1467 1485 1583 1530 delle
1598 1499 1704 1530 cose
1725 1476 1944 1539 ostenere,
1964 1485 2022 1529 ne

399 1563 652 1619 ricercarsi3
677 1565 703 1609 e
729 1564 806 1622 piu
828 1571 948 1609 tosto
969 1565 1014 1608 d’
1038 1565 1240 1609 hauerne
1268 1563 1442 1622 grande
1468 1562 1803 1620 compassione,
1828 1563 2021 1608 essendo

398 1640 445 1685 in
466 1656 580 1699 gran
601 1649 729 1699 parte
749 1641 913 1685 infirmi
940 1648 986 1686 et
1007 1641 1177 1697 deboli‚
1202 1647 1248 1687 et
1274 1641 1485 1685 hauendo
1506 1639 1758 1697 acquistata
1785 1655 1866 1698 per
1893 1647 2019 1686 tanto

393 1725 544 1776 tempo
559 1719 754 1763 alchuna
770 1719 945 1774 liberta,
965 1726 1011 1765 et
1027 1719 1344 1765 confermatosi
1359 1718 1407 1762 in
1423 1719 1682 1772 debolezza‚
1702 1719 1727 1762 e
1743 1718 1882 1763 molto
1897 1717 2017 1763 diffi-

392 1795 477 1840 cile
497 1797 581 1840 che
601 1810 682 1852 per
696 1795 866 1853 imperij
886 1796 1034 1843 seueri
1056 1812 1149 1841 non
1165 1796 1202 1842 si
1219 1796 1482 1855 perturbino
1498 1796 1839 1854 grandemente‚
1859 1802 1906 1840 et
1921 1810 2014 1841 non

392 1872 565 1930 piglino
584 1873 687 1917 forti
703 1874 926 1919 occasioni
942 1882 988 1919 et
1004 1875 1266 1932 pericolose:
1287 1881 1331 1920 et
1349 1873 1442 1919 cosi
1457 1889 1564 1932 pare
1580 1873 1618 1918 si
1634 1874 1785 1918 hanno
1800 1874 1846 1917 d’
1865 1873 2011 1918 aiuta-

391 1963 455 2004 re,
481 1964 608 1994 come
628 1950 704 1994 noi
725 1952 1047 1997 acostumiamo
1068 1952 1186 2008 dire,
1201 1953 1397 2012 fortiter
1417 1955 1458 1996 et
1477 1952 1704 2005 suauiter,
1722 1951 1818 1995 cioe
1839 1952 1925 1997 che
1945 1951 2012 1996 sia

390 2028 420 2070 l'
450 2026 701 2072 intentione
737 2034 783 2073 et
812 2029 1041 2086 proposito
1066 2030 1124 2075 de
1152 2029 1330 2075 aiutarli
1361 2036 1598 2075 constante
1620 2035 1666 2074 et
1691 2031 2013 2086 perseuerante

389 2103 537 2148 insino
565 2105 607 2148 al
634 2106 747 2159 fine,
771 2106 814 2150 la
841 2108 1163 2164 essequutione
1189 2112 1341 2152 tamen
1362 2115 1408 2154 et
1438 2107 1470 2152 li
1491 2106 1632 2152 mezzi
1653 2106 1780 2151 siano
1808 2106 1940 2151 suaui
1968 2113 2014 2153 et

389 2180 598 2238 applicati
620 2181 725 2238 pian
745 2181 894 2239 piano,
919 2186 1119 2230 secondo
1139 2185 1312 2243 patisce
1333 2185 1376 2230 la
1391 2184 1700 2243 dispositione,
1721 2184 2013 2243 risguardan-

389 2257 487 2302 dosi
507 2273 700 2316 sempre,
725 2260 810 2303 che
831 2260 869 2304 si
891 2262 1054 2306 camini
1076 2263 1231 2308 auanti
1252 2263 1327 2309 nel
1353 2263 1477 2308 aiuto
1498 2277 1507 2318 3
1533 2269 1579 2308 et
1609 2262 1671 2306 mi
1691 2277 1820 2320 pare,
1846 2262 2009 2316 Padre,

389 2336 474 2378 che
494 2334 542 2378 in
562 2341 723 2391 questa
743 2337 930 2382 materia
951 2338 1200 2385 doueriano
1227 2341 1367 2385 esser'
1392 2339 1506 2384 uditi
1533 2339 1671 2397 quelli
1697 2340 1781 2383 che
1811 2345 2010 2397 tengono

389 2425 471 2455 uso
493 2418 539 2456 et
559 2411 818 2469 esperienza
838 2413 883 2456 di
911 2423 1068 2471 queste
1094 2417 1286 2471 nationi,
1311 2424 1357 2463 et
1383 2423 1573 2475 portano
1600 2416 1780 2474 special'
1804 2430 1956 2461 amore
1982 2432 2009 2462 a

388 2489 535 2544 quelle
551 2489 567 2510 ³
590 2495 677 2533 etc.
697 2490 751 2533 L’
775 2490 886 2534 altra
906 2506 1010 2537 cosa
1031 2494 1056 2537 e
1077 2496 1163 2540 che
1179 2510 1228 2541 se
1249 2510 1307 2540 ne
1324 2494 1483 2553 tenghi
1498 2508 1613 2552 gran
1628 2500 1778 2548 conto,
1797 2508 1890 2538 non
1910 2494 2007 2538 solo

388 2564 434 2607 di
456 2571 574 2609 tutta
594 2565 637 2609 la
657 2565 860 2621 natione,
885 2583 957 2613 ma
977 2570 1022 2612 di
1045 2572 1347 2630 qualsiuoglia
1367 2572 1539 2629 prelato
1559 2578 1606 2616 et
1625 2570 1878 2628 particolar’
1901 2585 2006 2628 per-

387 2655 514 2695 sona,
538 2643 735 2687 secondo
763 2642 795 2686 il
821 2646 963 2701 grado
986 2648 1031 2690 d’
1055 2650 1165 2705 ogn’
1190 2663 1297 2703 uno,
1328 2649 1494 2706 perche
1521 2648 1567 2692 in
1594 2647 1780 2692 nissuna
1807 2647 2006 2694 maniera

387 2718 570 2775 possino
595 2734 787 2776 pensare
815 2723 930 2777 quod
957 2725 1276 2782 negligantur,
1297 2741 1325 2770 o
1347 2741 1456 2771 uero
1477 2727 1562 2770 che
1588 2740 1678 2770 non
1706 2725 1745 2770 si
1770 2725 1921 2769 fidano
1950 2725 2008 2771 de

386 2795 499 2848 loro,
519 2811 547 2840 o
564 2798 650 2841 che
670 2796 701 2839 li
717 2798 868 2841 hanno
885 2814 964 2856 per
979 2802 1182 2858 sospetti.
1204 2805 1379 2860 Queste
1395 2818 1500 2849 cose
1516 2802 1823 2848 difficilmente
1838 2802 2009 2860 patisce

388 2871 689 2930 qualsiuoglia
716 2873 922 2929 natione,
947 2884 993 2922 et
1021 2879 1160 2923 molto
1190 2880 1269 2937 piu
1301 2887 1476 2936 questa,
1507 2895 1587 2937 per
1614 2881 1752 2926 esser’
1781 2880 1826 2923 d’
1858 2878 2008 2923 animo

387 2949 574 3004 grande.
600 2950 779 3006 Questo
799 2950 837 2994 si
860 2953 991 3009 faria,
1018 2956 1180 3010 Padre,
1206 2958 1405 3014 sapendo
1426 2958 1522 3001 loro
1544 2958 1629 3001 che
1650 2957 1697 3000 in
1718 2958 1861 3002 Roma
1880 2970 1929 3001 se
1949 2971 2008 3002 ne

458 3057 468 3077 ¹
519 3054 564 3091 Id
581 3061 656 3102 est,
675 3068 848 3094 summus
865 3059 1053 3106 pontifex.
1074 3062 1174 3099 Vide
1192 3064 1310 3112 epist.
1334 3063 1419 3112 353,
1436 3076 1525 3101 cum
1542 3069 1677 3102 annot.

453 3116 467 3137 ²
517 3114 617 3151 Vide
631 3115 751 3163 epist.
773 3115 856 3163 397;
876 3124 916 3154 et
933 3120 1061 3167 Epist.
1082 3122 1220 3161 Natal.
1236 3125 1268 3171 Ι,
1286 3133 1383 3161 Lxxx
1401 3129 1442 3160 et
1457 3133 1552 3164 Lxx·
