2228 3548
982 34 986 35 ’
979 0 1022 21 ’,3

38 53 86 61 ··’
126 54 132 72 ε’
166 46 250 73 ²=,'.
315 45 355 70 ’ἐ
548 59 550 61 »
594 50 632 71 ..ἑ
711 60 713 62 -
1082 61 1086 69 .

872 293 916 330 14
942 259 1138 323 Aoousn
1165 290 1257 334 1567
1481 290 1485 295 '
1771 289 1841 336 513

229 382 267 427 F
269 383 443 440 iandra,
463 391 573 440 etc.,
592 386 713 430 della
730 387 1016 444 Compagnia
1033 387 1079 431 di
1101 388 1264 442 Giessl,
1285 389 1332 433 in
1355 390 1587 445 Anuersa,
1607 405 1635 435 o
1657 392 1778 436 doue
1801 392 1883 436 sia.

229 460 379 504 Manu
401 462 568 511 Patris
591 464 768 507 Nadal:
789 466 862 509 De
890 477 940 520 13
963 465 1022 508 de
1042 466 1228 523 Agosto
1252 467 1326 522 67.

1002 590 1124 631 1194

677 675 731 716 Ρ.
768 674 1187 720 HIERONYMUS
1219 676 1443 720 NADAL

566 748 812 787 SANCTO
845 750 1198 789 FRANCISCO
1231 752 1309 787 DE
1340 751 1533 799 BORJA

734 823 890 860 monn,
923 823 967 861 14
997 824 1186 853 Auousn
1214 816 1306 862 1567
1335 818 1360 854 ¹.

221 900 256 928 1.
283 892 459 928 Tantum
477 893 525 929 de
541 892 716 940 negotiis
728 892 994 940 gravioribus
1005 904 1045 929 se
1057 894 1309 941 scripturum
1327 895 1402 937 ait,
1417 895 1472 930 ad
1488 897 1660 931 mentem
1675 896 1876 943 Borgiae:

266 953 314 987 de
333 954 509 999 tempore
526 952 571 987 in
587 952 832 998 quotidiana
855 952 1039 988 oratione
1065 952 1410 989 insumenda—2.
1434 953 1496 989 De
1521 955 1722 1002 magistro
1747 955 1876 991 Simo·

263 1023 329 1048 ne:
358 1012 532 1059 collegia
560 1011 793 1059 Herbipolis
822 1013 859 1046 et
890 1011 1038 1059 Spirae
1056 1012 1295 1058 provinciae
1326 1013 1458 1048 Rheni
1486 1014 1696 1061 adscripta
1719 1015 1873 1061 fuisse.-

263 1071 492 1107 Henricum
521 1070 764 1117 Dionysium
794 1070 910 1106 nullo
934 1073 1055 1118 pacto
1084 1082 1104 1107 e
1129 1070 1268 1106 Frisia
1291 1072 1543 1108 educendum
1573 1074 1799 1109 contendit:
1823 1075 1872 1111 de

266 1131 359 1167 ΡΡ.
389 1130 680 1166 Maximiliano
702 1141 730 1166 a
754 1128 924 1177 Capella
946 1132 984 1165 et
998 1129 1163 1176 Joanne
1189 1130 1434 1176 Rheno—3.
1464 1131 1525 1167 De
1549 1132 1666 1167 sociis
1694 1132 1871 1169 Franco-

259 1190 406 1238 fordia
424 1190 654 1227 educendis:
669 1188 872 1236 fundatio
894 1189 1058 1237 collegii
1079 1190 1390 1226 audomarensis
1407 1194 1536 1238 grata
1562 1192 1742 1239 Borgiae
1767 1194 1871 1229 acci-

263 1251 339 1286 dit:
369 1262 426 1286 an
451 1261 589 1297 regem
606 1251 813 1296 expectare
830 1248 979 1289 debeat,
1000 1249 1151 1284 iterum
1171 1249 1417 1298 interrogat:
1436 1250 1484 1286 de
1502 1252 1867 1288 communicatione

262 1323 354 1347 cum
387 1310 562 1346 externis
592 1309 787 1344 bonorum
819 1307 1104 1354 spiritualium
1140 1307 1456 1353 SocietatiS.—4.
1490 1308 1652 1356 Scripta
1686 1311 1734 1345 de
1769 1311 1870 1346 actis

264 1371 406 1406 Sancti
427 1369 586 1417 Ignatii
609 1367 750 1415 colligi
764 1366 880 1414 jubet
904 1367 1084 1415 Borgia:
1102 1367 1250 1404 dilatio
1274 1367 1505 1416 postulata:
1530 1381 1659 1414 aquae
1683 1372 1868 1416 spuenses

261 1430 452 1466 Natalem
479 1427 642 1474 ejusque
665 1427 819 1463 socium
833 1426 1158 1472 juvarunt.—5.
1190 1426 1438 1475 Congressus
1465 1428 1623 1464 Vinckii
1646 1431 1683 1464 et
1711 1428 1866 1466 Costeri

261 1501 352 1526 cum
376 1488 540 1525 Natali:
565 1487 824 1522 Dionantum
846 1486 890 1521 hi
906 1486 986 1521 duo
1006 1485 1345 1533 proficiscuntur:
1362 1489 1450 1534 spes
1471 1487 1635 1535 collegii
1652 1488 1865 1524 leodiensis

258 1546 611 1585 instituendi.-6.
630 1545 794 1581 Natalis
810 1545 949 1592 opinio
966 1545 1013 1581 de
1030 1546 1104 1581 hac
1117 1545 1383 1592 fundatione.

306 1639 343 1671 1.
403 1626 536 1683 Jhus.
564 1623 707 1668 Molto
730 1623 845 1666 Rdo.
873 1623 927 1665 Ρ.
954 1623 1011 1666 Ν.
1039 1622 1087 1665 in
1104 1622 1308 1667 Christo.
1332 1623 1430 1667 Pax
1446 1623 1634 1676 Christi,
1654 1630 1743 1667 etc.
1766 1625 1860 1669 Ve-

207 1703 360 1749 nendo
381 1701 494 1745 hier'
519 1701 549 1743 l’
574 1701 690 1744 altro
711 1699 830 1742 dalla
853 1699 981 1743 fonte
1002 1699 1060 1743 de
1086 1699 1180 1755 Spa
1202 1699 1235 1752 ²,
1262 1699 1409 1743 trouai
1431 1700 1509 1756 qui
1533 1700 1578 1742 in
1602 1700 1768 1757 Lieggi
1792 1708 1860 1745 tre

205 1782 368 1825 lettere
389 1779 509 1824 della
532 1780 585 1822 P.
611 1778 690 1831 V.‚
715 1777 772 1820 de
795 1788 820 1831 7
843 1783 889 1819 et
911 1776 966 1819 28
989 1775 1035 1818 di
1057 1775 1266 1833 Giugno‚
1286 1783 1333 1822 et
1355 1787 1405 1832 15
1424 1777 1469 1820 di
1492 1776 1674 1833 Luglio.
1702 1778 1766 1821 Le
1788 1778 1855 1821 al-

207 1866 276 1903 tre
298 1860 383 1902 che
406 1855 632 1900 accusaba
662 1855 705 1897 13
738 1855 791 1897 Ρ.
825 1854 883 1897 V.
919 1853 1027 1897 nell’
1058 1852 1215 1897 ultime
1243 1867 1342 1907 sue,
1375 1869 1401 1897 a
1429 1855 1514 1898 che
1544 1853 1586 1896 io
1615 1853 1779 1911 risposi
1808 1854 1854 1898 in

205 1939 315 1995 Spa,
340 1949 433 1978 non
453 1934 483 1977 l’
508 1935 569 1976 ho
591 1931 818 1975 riceuutte
846 1944 1026 1974 ancora.
1060 1930 1122 1975 Se
1149 1930 1342 1986 qualche
1373 1945 1480 1975 cosa
1503 1931 1592 1974 fusi
1623 1931 1671 1974 in
1704 1932 1854 1987 quelle

204 2015 280 2058 ch'
303 2011 553 2070 importasi,
578 2010 745 2054 vedera
766 2009 809 2052 la
832 2010 885 2051 Ρ.
912 2008 970 2051 V.
997 2021 1047 2051 se
1074 2006 1120 2050 di
1148 2021 1304 2051 nuouo
1325 2007 1387 2051 mi
1415 2009 1450 2051 s'
1480 2010 1652 2052 hauera
1681 2023 1707 2052 a
1736 2009 1847 2052 scri-

203 2105 328 2144 uere,
361 2088 528 2146 perche
556 2086 600 2130 io
629 2093 750 2129 temo
777 2086 863 2129 che
891 2084 1041 2140 quelle
1070 2083 1107 2126 si
1135 2083 1265 2128 siano
1294 2092 1316 2112 a
1341 2099 1489 2142 perse.
1516 2086 1573 2128 Et
1596 2086 1683 2128 alla
1705 2085 1850 2141 prima

199 2167 245 2212 di
268 2173 428 2223 queste
451 2172 520 2208 tre
542 2163 759 2220 rispondo
781 2177 806 2205 a
828 2166 971 2218 parte.
998 2161 1186 2216 Quanto
1205 2175 1233 2204 a
1261 2162 1411 2218 quella
1439 2162 1495 2205 de
1527 2162 1598 2204 28.
1632 2162 1846 2206 Secondo

198 2245 350 2301 quello
371 2244 457 2286 che
485 2241 643 2285 ordina
664 2240 708 2282 la
730 2240 783 2282 P.
810 2239 889 2291 V.‚
915 2238 1011 2281 faro
1033 2251 1121 2280 con
1141 2237 1186 2281 la
1206 2238 1354 2295 gratia
1376 2239 1450 2282 del
1473 2238 1670 2295 Signore
1693 2238 1738 2281 di
1767 2238 1846 2293 qui

199 2321 372 2373 auanti,
396 2319 512 2373 cioe,
539 2319 635 2361 faro
657 2316 775 2361 delle
796 2329 903 2359 cose
927 2314 1174 2359 Vniuersali
1195 2312 1241 2360 e't
1262 2314 1339 2372 pin
1362 2315 1625 2372 importanti
1647 2314 1775 2358 auiso
1797 2314 1844 2356 in

198 2398 374 2450 scritto,
398 2402 445 2438 et
466 2394 657 2439 lasciaro
679 2393 722 2437 le
743 2393 872 2444 altre,
904 2397 992 2434 etc.
1019 2391 1084 2435 Le
1110 2391 1202 2436 due
1228 2392 1385 2449 regole
1412 2391 1548 2436 etiam
1578 2391 1737 2448 gionte
1766 2391 1843 2434 all'

197 2474 347 2519 officio
368 2472 443 2516 del
463 2471 697 2514 visitatore
717 2469 760 2513 le
781 2467 983 2520 seruaro,
1007 2467 1185 2512 benche
1206 2482 1321 2512 sono
1342 2476 1512 2512 venute
1535 2482 1671 2511 senza
1692 2468 1840 2522 firma,

197 2554 256 2597 ne
277 2551 323 2595 di
339 2528 396 2596 V.
416 2551 490 2602 P.,
510 2548 567 2591 ne
583 2547 658 2591 del
679 2547 731 2589 Ρ.
760 2545 976 2589 Polanco.
1001 2544 1152 2588 Credo
1167 2545 1253 2590 che
1274 2545 1318 2589 la
1340 2547 1394 2589 P.
1414 2546 1473 2589 V.
1495 2545 1665 2589 hauera
1681 2543 1841 2587 scritto

196 2629 273 2687 piu
295 2626 692 2685 particolarmente
712 2623 756 2666 la
780 2621 972 2666 formula
993 2622 1051 2666 de
1074 2621 1168 2666 fare
1188 2621 1403 2665 contratti
1420 2621 1538 2665 nelle
1561 2620 1835 2673 fundationi,

193 2707 236 2750 13
259 2705 393 2761 quale
421 2703 465 2747 io
493 2717 586 2745 non
613 2702 674 2744 ho
703 2699 946 2744 rioeuutto.
973 2697 1140 2753 Quello
1170 2699 1255 2742 che
1276 2713 1357 2755 per
1389 2704 1551 2753 questa
1581 2697 1743 2740 lettera
1775 2697 1837 2739 mi

191 2781 356 2834 scriue,
380 2781 425 2823 lo
447 2781 634 2823 seruato
656 2791 743 2820 con
765 2776 808 2818 la
829 2774 986 2818 diuina
1007 2773 1172 2831 gratia,
1197 2788 1247 2819 se
1268 2776 1331 2817 m'
1356 2774 1573 2818 accadera
1595 2775 1667 2816 ch’
1694 2773 1837 2817 intra—

259 2901 281 2922 α
317 2890 579 2927 Emendatum
597 2901 620 2925 a
637 2889 725 2925 libr.
746 2899 795 2923 ex
814 2886 943 2934 quelle
961 2897 1042 2920 non
1059 2885 1190 2920 siano.

260 2981 271 3002 ¹
324 2981 382 3017 Ex
407 2979 634 3026 archetypo,
659 2978 700 3014 in
724 2977 854 3023 Epist.
880 2974 1037 3016 Natal.‚
1063 2973 1116 3018 11,
1139 2972 1283 3020 triplici
1299 2973 1383 3018 fol„
1403 2982 1471 3019 190
1493 2973 1592 3019 (165,
1623 2973 1704 3016 166,
1734 2972 1830 3019 167).

187 3040 290 3077 Vide
308 3039 494 3086 epistolas
510 3037 596 3084 485,
613 3036 684 3083 486
702 3041 743 3072 et
759 3045 846 3081 490,
864 3033 1007 3081 quibus
1024 3032 1087 3068 hie
1104 3031 1376 3079 respondetur.

258 3102 273 3122 2
324 3099 428 3134 Fons
446 3096 639 3144 spaensis‚
657 3096 721 3131 vel
739 3093 949 3142 spadanus,
969 3102 1089 3139 prope
1108 3090 1311 3128 Leodium.

330 3162 448 3191 Emsr.
470 3161 513 3190 P.
535 3160 671 3196 NADAL,
691 3167 772 3188 Tou.
792 3158 854 3187 111.

1612 3155 1649 3183 33
