2228 3548
982 265 1204 302 APPssxmx
1785 275 1857 315 797

205 375 213 378 “
271 380 352 423 per
375 379 500 410 esser
520 366 553 409 il
574 366 779 422 predicar
800 373 847 412 et
867 368 1029 425 legger
1049 379 1158 413 cose
1179 367 1335 413 diuine
1354 375 1403 412 et
1422 368 1558 413 simili
1579 369 1682 413 altri
1701 370 1908 415 ministe-

270 425 341 478 rii,
366 439 448 482 per
476 432 603 469 tanto
634 425 803 482 proprii
835 428 908 470 del
937 434 1093 470 nostro
1125 426 1364 483 instituto,
1355 442 1364 451 ·
1393 435 1441 472 et
1471 428 1744 474 similmente
1769 444 1860 474 non
1881 431 1910 474 ὲ

271 499 406 542 parso
427 499 551 530 esser
572 500 679 529 cosa
699 487 785 530 che
806 500 1049 543 conuenga
1069 486 1102 530 il
1121 487 1203 531 dar
1225 487 1339 530 tanti
1360 488 1660 544 professori...
1671 503 1799 542 ;non
1819 490 1862 533 ci
1882 490 1911 537 ὲ

274 558 406 612 parso
429 545 574 588 douer
595 547 850 590 confermar
870 545 901 588 il
922 552 1164 599 contratto,
1190 553 1317 603 parte
1339 561 1419 603 per
1445 562 1569 591 esser
1590 554 1748 593 contra
1768 548 1800 592 il
1821 564 1906 593 no·-

273 610 368 647 stro
388 602 613 657 instituto,
637 611 767 661 parte
789 620 869 686 per
890 620 1012 650 esser
1033 611 1196 662 troppo
1211 620 1389 662 graue..

1050 719 1130 762 LV

625 805 1110 845 WOLFGANGUS
1150 807 1548 844 PYRRINGER

723 898 908 930 SANCTo
929 899 1194 930 FRANClsco
1214 900 1279 930 DE
1300 899 1450 940 BORJA

661 974 979 1028 Vindobonae,
1004 987 1021 1018 1
1043 974 1323 1032 Septembris
1346 976 1455 1030 1567
1479 977 1506 1018 ¹.

895 1062 1074 1100 Litterae
1091 1075 1268 1099 annuae.

434 1140 484 1182 In
515 1139 740 1196 colloquio
772 1154 882 1184 uero
912 1139 1155 1196 spirituali,
1186 1142 1310 1196 quod
1347 1140 1472 1185 iussu
1510 1143 1564 1185 R.
1592 1143 1645 1185 P.
1671 1142 1845 1186 Natalis
1873 1158 1900 1187 a

270 1212 412 1242 coena
434 1205 502 1242 ter
523 1198 569 1241 in
591 1199 880 1244 hebdomada
902 1199 1060 1244 haberi
1081 1200 1218 1252 solet,
1243 1214 1421 1256 semper
1437 1214 1517 1244 eae
1539 1216 1610 1245 res
1632 1203 1899 1256 afferuntur,

271 1257 612 1361 pgzeagefergcigil
625 1272 710 1302 nec
730 1258 875 1303 audiri
895 1266 1090 1316 possunt
1111 1259 1283 1315 absque
1311 1273 1477 1316 magna
1504 1260 1755 1304 animorum
1776 1261 1899 1304 vtili-

1035 1431 1137 1476 LVI

768 1527 771 1530 “
814 1520 858 1556 Ρ.
889 1519 1162 1558 ANTONIUS
1187 1519 1353 1558 VINCK

554 1611 819 1643 SANCTo
861 1611 1240 1643 FRANCISco
1282 1612 1360 1642 DE
1402 1612 1611 1653 BORJA

670 1686 953 1744 Mogunfiae,
977 1699 1006 1741 4
1027 1686 1307 1743 Septembris
1333 1688 1443 1743 1567
1460 1688 1493 1731 ¹.

334 1773 524 1811 Natalem
541 1776 724 1811 convenit
740 1776 795 1811 ad
804 1774 964 1823 sontem
982 1775 1218 1811 leodiensem
1234 1788 1246 1810 :
1263 1775 1312 1812 de
1327 1775 1443 1812 rebus
1454 1777 1688 1823 provinciae
1706 1778 1824 1814 illum

992 1834 1177 1870 consulit.

355 1911 560 1956 Essendo
582 1912 670 1955 che
686 1911 824 1967 dopoi
844 1913 932 1956 che
954 1911 1000 1954 di
1020 1918 1181 1967 questo
1202 1911 1394 1969 collegio
1415 1913 1476 1955 mi
1499 1927 1610 1956 sono
1633 1914 1796 1969 partito
1818 1915 1892 1959 alli

274 1981 326 2023 14
347 1969 393 2013 di
407 1970 530 2028 Julio
550 1986 632 2027 per
660 1971 800 2014 andar
827 1977 873 2014 et
902 1977 1054 2014 trouar
1082 1971 1123 2013 al
1154 1971 1266 2014 Rdo.
1293 1972 1345 2015 P.
1371 1973 1515 2015 Nadal
1538 1973 1788 2026 visitatore,
1813 1989 1894 2030 per

267 2027 383 2071 darli
405 2029 532 2073 auiso
553 2029 598 2072 di
622 2031 772 2084 quello
794 2031 882 2074 che
902 2029 1082 2074 hauessi
1106 2029 1249 2073 satto
1237 2044 1284 2073 m
1304 2031 1538 2087 Herbipoli
1562 2039 1606 2076 et
1623 2032 1752 2088 Spira
1773 2034 1893 2078 circa

265 2087 307 2131 le
329 2088 583 2132 fundationi
600 2089 644 2131 di
663 2089 776 2132 detti
793 2088 988 2145 collegii,
1007 2103 1100 2132 non
1116 2089 1178 2132 ho
1199 2089 1370 2143 scritto,
1391 2092 1500 2135 darc)
1519 2091 1755 2134 almarico
1744 2107 1787 2134 1n
1807 2107 1891 2149 ge—

263 2147 423 2192 nerale
463 2147 688 2204 raggione
729 2148 775 2190 di
817 2148 967 2203 quello
1004 2148 1092 2191 che
1126 2147 1172 2191 in
1210 2156 1370 2204 questo
1406 2150 1591 2206 viaggio
1627 2152 1688 2193 ho
1726 2151 1886 2196 fatto...

264 2205 360 2248 Alli
385 2218 458 2261 23,
485 2207 533 2251 S.
559 2207 609 2251 S.
641 2209 768 2250 Rma.
802 2206 1000 2264 [electus
1030 2207 1311 2274 trevirensis]
1332 2210 1347 2231 ⁸
1376 2209 1414 2252 si
1445 2211 1568 2252 dette
1599 2210 1811 2265 alquanto
1844 2187 1890 2253 di

263 2264 429 2308 viatico
451 2272 496 2310 et
517 2280 578 2308 vn
601 2279 857 2322 compagno
879 2272 924 2309 et
946 2266 1108 2322 guida,
1132 2274 1178 2311 et
1198 2281 1243 2310 ln
1266 2267 1395 2312 fine
1383 2283 1430 2311 m
1462 2269 1566 2324 quel
1595 2268 1755 2322 giorno
1777 2269 1890 2312 arri-

264 2323 461 2367 uassimo
482 2339 509 2368 a
530 2325 806 2369 Stabuleto
814 2325 968 2377 ,vnde
989 2325 1033 2368 la
1054 2325 1223 2370 matina
1250 2335 1484 2383 sequente,
1515 2327 1682 2370 incirca
1710 2328 1751 2372 le
1778 2330 1890 2373 hore

262 2389 374 2436 otto,
389 2382 675 2427 arriuassimo
692 2399 718 2427 a
735 2385 868 2440 Spae.
889 2385 1217 2428 Domandando
1233 2386 1503 2430 trouassimo
1521 2387 1551 2429 il
1567 2386 1889 2443 allogiamento

335 2513 345 2534 ¹
395 2513 455 2549 Ex
473 2513 757 2561 autographo,‘
747 2525 787 2549 m
808 2513 903 2550 Cod.
923 2523 975 2559 29
988 2514 1054 2562 g),
1073 2513 1119 2550 36
1137 2517 1255 2561 (219).

334 2574 349 2594 2
399 2573 458 2608 Ex
475 2574 729 2620 autographo.
748 2572 787 2609 in
808 2572 908 2609 Cod.
930 2583 982 2618 29
997 2575 1062 2621 g),
1081 2573 1152 2610 323
1168 2574 1287 2621 (537).
1309 2576 1411 2612 Vide
1431 2588 1524 2624 pag.
1548 2584 1633 2622 479.

334 2632 349 2652 ⁵
398 2632 569 2678 Jacobus
585 2633 635 2667 ab
652 2633 752 2677 Eltz,
773 2633 836 2668 vel
855 2633 941 2668 Elz.

332 2691 347 2712 ⁴
394 2690 520 2737 Prope
549 2690 697 2726 fontem
727 2691 967 2727 leodiensem
992 2692 1143 2728 nullum
1172 2694 1387 2741 reperimus
1417 2695 1598 2742 oppidum
1628 2695 1701 2730 hoc
1730 2694 1888 2730 nomine

259 2755 540 2797 nuncupatum.
565 2750 681 2786 Unde
700 2750 969 2786 existimamus
988 2762 1205 2788 sermonem
1222 2753 1286 2790 hic
1303 2766 1391 2790 esse
1408 2754 1458 2790 de
1474 2754 1651 2798 Stabulo,
1665 2753 1767 2800 quod
1781 2753 1888 2800 oppi-

256 2807 350 2843 dum
365 2819 442 2843 non
459 2809 576 2854 longe
594 2820 615 2844 a
633 2808 787 2855 spaensi
808 2808 915 2844 fonte
932 2809 980 2844 ad
1005 2809 1196 2846 orientem
1220 2813 1343 2848 solem
1367 2813 1484 2848 situm
1509 2817 1586 2848 est.
1616 2813 1676 2847 De
1700 2812 1766 2847 illo
1791 2813 1887 2848 haec

257 2867 471 2903 Ferrarius:
503 2867 746 2912 «Stabulum,
772 2867 922 2913 Stablo,
948 2868 1132 2916 oppidum
1155 2870 1297 2918 Belgii,
1327 2883 1415 2907 cum
1447 2871 1616 2907 Abbatia
1645 2871 1806 2915 celebri,
1836 2871 1885 2907 ad

256 2937 411 2962 amnem
428 2926 594 2972 Rechte,
613 2926 652 2962 in
675 2926 824 2962 ditione
849 2927 1032 2974 Episcopi
1057 2928 1302 2977 Leodiensis,
1326 2935 1366 2966 et
1390 2931 1429 2966 in
1453 2930 1621 2966 confinio
1644 2930 1884 2966 Luxembur-

255 2985 383 3031 gensi.
399 2995 435 3030 4.
450 2985 572 3021 leucis
585 2985 705 3021 distat
722 2997 744 3021 a
758 2985 970 3032 Limburgo
986 2986 1026 3023 in
1045 2987 1285 3024 meridiem.»
1299 2990 1756 3033 FERRAR1-BAUDRAND,
1774 2989 1887 3025 Lexi-

259 3055 332 3080 con
346 3044 662 3092 geographicum
673 3071 683 3080 .
