2228 3548
968 272 1193 309 APPRNDIX
1778 273 1846 311 811

1014 429 1144 473 LXX

799 517 847 551 B.
872 516 1078 554 PETRUS
1102 516 1351 555 CANISIUS

623 607 838 639 SANCTO
884 608 1196 640 FRANCISCO
1243 610 1314 640 DE
1356 609 1533 650 BORJA

708 683 970 740 Augustae,
1001 685 1054 728 16
1075 683 1247 741 Aprilis
1273 685 1386 743 1569
1412 687 1441 728 ¹.

480 772 563 808 Per
580 772 635 808 P.
657 771 845 809 Natalem
859 774 1068 820 praesenti
1084 774 1310 810 necessitati
1324 775 1480 810 consuli
1495 777 1668 822 exoptat.

421 849 648 893 Dominus
668 850 716 893 in
736 865 864 894 suam
886 851 1251 908 gloriam·uertat
1271 851 1442 906 omnia,
1476 859 1523 896 et
1550 852 1779 909 praesenti
1806 867 1894 897 no—

251 914 374 953 strae
395 910 606 952 consulat
627 909 888 954 necessitati
911 925 992 966 per
1012 912 1069 956 T.
1093 912 1148 955 P.
1174 924 1227 954 ac
1248 912 1482 957 doctorem
1500 913 1728 967 Natalem,
1748 919 1800 956 ut
1814 912 1893 969 qui

252 982 326 1012 res
346 968 613 1025 prouinciae
632 975 815 1014 nostrae
836 969 923 1012 sibi
943 969 1138 1014 maxime
1159 979 1418 1027 perspectas
1441 978 1621 1017 tenet...

995 1083 1145 1126 LXXI

795 1170 1127 1209 STANISLAUS
1153 1171 1349 1210 HOSIUS

657 1263 824 1294 PATRI
872 1263 1078 1304 JOANNI
1126 1264 1196 1295 DE
1243 1264 1499 1295 POLANCO

721 1338 1038 1396 Heilsbergae,
1064 1352 1081 1384 1
1094 1352 1111 1384 1
1126 1339 1253 1398 Junii
1275 1340 1387 1398 1569
1403 1341 1437 1383 ³.

501 1427 563 1463 De
585 1427 635 1462 P.
654 1427 832 1463 Henrico
850 1427 1044 1475 Dionysio
1059 1428 1136 1464 sibi
1152 1429 1348 1478 denegato
1364 1429 1640 1475 conqueritur.

344 1505 460 1550 Rde.
485 1505 636 1558 Pater,
661 1505 800 1550 frater
820 1505 867 1548 in
891 1505 1078 1550 Christo
1099 1505 1362 1552 charissime
1381 1513 1428 1552 et
1448 1507 1729 1550 honorande.
1751 1506 1886 1562 Qvod

252 1565 310 1609 P.
335 1565 414 1618 V.,
443 1564 588 1608 serius
619 1564 740 1617 licet,
772 1564 885 1609 meis
917 1571 1069 1610 tamen
1105 1564 1267 1610 litteris
1303 1565 1589 1623 responderit
1624 1565 1885 1621 aliquando,

246 1630 381 1668 tanto
403 1623 555 1667 minus
575 1623 623 1667 id
643 1624 834 1668 moleste
856 1625 966 1677 fero,
992 1631 1164 1680 quanto
1184 1625 1331 1682 magis
1356 1625 1590 1682 egregiam
1619 1625 1666 1668 in
1699 1640 1771 1669 me
1801 1639 1886 1668 vo-

245 1684 475 1728 luntatem
498 1685 552 1727 P.
578 1684 637 1727 V.
669 1690 954 1740 perspectam
982 1690 1029 1726 et
1057 1684 1334 1742 exploratam
1365 1686 1527 1730 habeo.
1563 1687 1633 1728 De
1666 1685 1719 1729 P.
1755 1686 1887 1728 Hen-

248 1742 344 1786 rico
365 1744 400 1796 ⁵,
425 1742 535 1798 quid
557 1742 739 1795 faciam}>
762 1744 824 1786 Vt
845 1757 1103 1799 possumus,
1127 1742 1273 1799 aiunt,
1297 1745 1479 1801 quando
1499 1751 1548 1787 vt
1564 1745 1779 1787 volumus
1793 1757 1886 1786 non

247 1801 372 1847 licet.
402 1803 541 1859 Quod
569 1803 627 1846 ad
656 1801 859 1846 medicos
889 1802 1015 1858 prius
1042 1802 1328 1848 referendum
1365 1819 1466 1849 esse
1502 1809 1794 1855 censuerunt,
1826 1817 1885 1846 an

251 1861 350 1906 sine
378 1860 582 1918 periculo
609 1868 760 1918 posset
792 1862 849 1904 ad
876 1876 960 1905 nos
990 1860 1168 1916 venire,
1202 1863 1292 1907 tale
1321 1862 1451 1919 quid,
1486 1878 1543 1906 an
1582 1863 1639 1906 ab
1671 1861 1889 1919 apostolis

250 1926 475 1965 tentatum
497 1920 649 1973 fuerit,
674 1920 844 1973 nescio,
871 1921 944 1965 vel
966 1922 1023 1964 ab
1045 1920 1134 1976 his,
1159 1922 1238 1978 qui
1257 1921 1499 1966 mittvntur
1520 1922 1565 1965 in
1583 1922 1719 1965 alium
1737 1935 1886 1977 quen-

248 1979 352 2023 dam
375 1981 548 2025 orbem.
573 1981 674 2037 Ego
702 1995 775 2024 me
804 1994 940 2035 quam
967 1980 1233 2037 longissime
1259 1980 1536 2026 disiunctvm
1568 1982 1625 2025 ab
1656 1981 1885 2037 apostolo-

248 2053 351 2082 rum
389 2038 613 2096 dignitate
650 2040 881 2096 profiteor,
917 2054 1110 2095 quorum
1140 2040 1277 2084 etiam
1313 2041 1553 2098 corrigiam
1589 2039 1886 2084 calceamenti

246 2099 428 2142 soluere
456 2098 626 2155 dignus
654 2113 746 2141 non
777 2098 985 2152 fvissem3
1010 2100 1107 2152 sed,
1133 2101 1254 2156 qvod
1274 2099 1388 2144 citra
1423 2099 1682 2144 iactantiam
1715 2098 1886 2142 dictvm

246 2171 348 2202 esse
368 2157 522 2211 velim,
547 2171 653 2200 cum
675 2157 815 2202 ternis
838 2157 967 2200 Pavli
984 2158 1131 2214 qvarti
1149 2159 1313 2203 litteris
1328 2167 1519 2204 vocatus
1535 2159 1581 2202 in
1596 2159 1756 2202 vrbem
1774 2157 1887 2201 svis-

246 2230 360 2269 sem,
385 2218 443 2260 ad
463 2216 663 2260 medicos
685 2231 776 2260 non
798 2217 948 2270 retuli,
973 2218 1059 2261 sed·
1079 2217 1126 2262 in
1148 2217 1257 2275 ipsis
1278 2219 1384 2277 Jvlij
1419 2227 1464 2264 et
1492 2217 1693 2275 Avgusti
1721 2216 1886 2260 calori-

246 2276 351 2328 bus,
377 2275 551 2319 Christi
573 2275 713 2319 solius
735 2290 820 2332 ope
843 2276 1000 2329 fretus,
1033 2276 1118 2321 iter
1146 2292 1299 2323 meum
1329 2285 1650 2335 prosequutus,
1686 2275 1888 2320 calendis

249 2334 537 2390 Septembris
558 2336 748 2378 Romam
770 2334 892 2388 veni,
916 2336 1159 2393 languens,
1185 2337 1348 2391 fateor,
1380 2339 1462 2383 sed
1488 2337 1718 2393 castigans
1748 2335 1886 2379 casti-

251 2393 385 2448 gauit
406 2408 490 2437 nos
511 2394 753 2447 Dominus,
778 2394 914 2437 morti
930 2403 1082 2439 autem
1099 2410 1192 2439 non
1210 2396 1391 2440 tradidit
1408 2412 1508 2442 nos.
1529 2393 1886 2452 Quatuordecim

251 2452 390 2496 simul
412 2453 815 2497 decumbebamus.
840 2454 944 2498 Non
964 2455 1100 2498 modo
1120 2469 1213 2499 non
1239 2456 1521 2501 desideratus
1549 2462 1618 2499 est
1645 2453 1886 2509 quisquam

252 2525 310 2555 ex
326 2512 457 2567 meis,
477 2513 559 2557 sed
575 2512 791 2569 pristinae
807 2513 955 2556 bonae
970 2514 1218 2558 valetvdini
1234 2515 1431 2559 restituti
1447 2521 1554 2559 svnt
1569 2527 1741 2558 omnes.
1759 2511 1884 2569 Quin

249 2577 297 2614 et
318 2573 408 2615 hoc
429 2571 529 2628 ipso
548 2578 755 2616 vertente
777 2586 914 2625 anno,
939 2586 1044 2616 cum
1065 2588 1220 2618 rumor
1241 2574 1423 2630 quidam
1445 2588 1628 2632 sparsus
1650 2573 1808 2616 fvisset
1828 2572 1886 2615 de

246 2644 371 2673 noua
398 2631 594 2686 quadam
623 2630 807 2675 fidicula
834 2631 882 2674 in
910 2632 1241 2677 lvblinensibus
1271 2634 1465 2690 comitijs
1502 2632 1757 2683 condenda,
1796 2631 1883 2674 bo-

245 2689 368 2733 reale
392 2689 540 2746 frigus
561 2689 728 2747 ingens
749 2703 842 2733 non
864 2705 938 2735 me
954 2691 1224 2746 retardauit,
1243 2693 1489 2750 quominus
1506 2693 1563 2735 ad
1579 2689 1762 2734 comitia
1778 2703 1884 2746 pro—

244 2748 490 2803 ficiscerer3
515 2755 563 2792 et
583 2756 708 2793 certe
728 2749 1005 2806 languebam
1033 2765 1125 2807 quo
1157 2757 1360 2809 tempore
1387 2751 1497 2796 mihi
1531 2750 1615 2793 fuit
1646 2749 1884 2793 disceden-

312 2880 322 2898 ¹
373 2879 434 2914 Ex
450 2880 707 2926 autographo,
725 2879 765 2915 in
784 2879 915 2927 Epist.
938 2880 1112 2928 Canisii,
1130 2882 1183 2928 11,
1202 2881 1272 2928 235
1291 2882 1382 2930 (81).

308 2939 324 2960 ²
373 2938 433 2973 Ex
456 2939 684 2986 archetypo,
702 2939 744 2975 in
764 2939 863 2976 Cod.
889 2939 950 2985 38,
976 2939 1124 2987 duplici
1146 2940 1230 2986 fol.‚
1253 2953 1297 2978 n.
1327 2950 1411 2988 205,
1437 2943 1539 2988 (201,
1565 2941 1630 2976 vel
1655 2942 1752 2985 204).
1780 2938 1885 2975 Vide

237 2996 408 3043 append.
426 2997 568 3042 XLVI,
587 2997 678 3034 LVI
699 2999 780 3041 (bis,
800 2999 889 3034 LIX
912 2999 992 3044 (bis3
1011 2999 1154 3043 LXIII,
1173 3005 1214 3036 et
1231 3000 1372 3037 LXIX.

314 3054 330 3076 ⁸
378 3055 615 3104 Dionysius.
