2228 3548
724 0 730 8 “
767 0 782 18 ζ
790 0 918 21 Υμζῆψ
929 0 933 6 ’
940 0 987 15 “¹2⁵⁷-

860 310 902 338 12
927 301 1173 339 Dncmfflms
1202 301 1294 347 1566
1770 303 1842 353 349

253 403 443 450 butione
464 419 543 462 per
564 404 814 449 alimentar'
834 403 1012 460 nouitij,
1030 403 1293 449 dechiarato
1308 419 1369 448 vn
1386 419 1516 462 poco,
1535 408 1703 463 perche
1718 422 1892 465 pareua

253 481 436 527 difficile
451 481 481 526 ¹.
506 483 576 526 De
598 483 656 526 V.
682 483 735 526 P.
763 495 900 526 seruo
922 496 980 527 en
1002 480 1106 535 X.⁰,

1344 564 1374 623 †
1403 567 1588 612 NADAL.
1622 567 1653 624 †

348 714 531 759 Padrea
548 748 558 768 ,
583 713 880 759 encomiendo
901 713 1223 771 specialmente
1250 717 1277 757 a
1305 715 1362 758 V.
1389 715 1443 758 P.
1469 715 1672 771 aquellos
1693 723 1893 772 punctos

257 793 344 838 che
365 792 515 836 scriuo
537 806 594 836 en
616 807 705 835 vna
726 792 783 836 de
804 792 871 835 las
892 792 1088 845 chartas,
1108 805 1189 847 per
1203 790 1361 836 aiudar
1376 791 1623 836 Germania
1635 797 1672 849 ‘y
1690 793 1733 836 la
1750 794 1888 838 Com-

255 869 423 928 pagnia
453 884 511 914 en
542 870 650 923 ella,
681 870 792 913 allos
823 869 979 925 quales
1007 869 1065 913 V.
1092 869 1146 912 P.
1188 867 1247 912 mi
1285 870 1449 914 mande
1486 871 1732 927 respondet
1749 871 1783 914 ’.
1817 872 1891 915 De

256 946 406 1005 Spira,
436 959 486 991 12
509 947 565 991 de
587 947 840 990 Decembre
868 946 994 1001 1566.

347 1025 510 1077 Seruo,

1466 1101 1650 1145 NADAL.

346 1179 389 1222 A
410 1181 552 1236 tergo,
575 1178 761 1222 Natalis
781 1190 946 1220 manu:
967 1175 1063 1221 Soli
1086 1176 1139 1219 P.
1165 1176 1222 1220 N.
1248 1176 1285 1220 F
1287 1175 1506 1220 rancisco.

350 1255 496 1300 Padre
516 1255 538 1283 ¹²
555 1288 565 1308 ‚
590 1257 650 1299 m’
673 1268 857 1299 occorre
877 1267 970 1299 una
989 1267 1097 1296 cosa
1117 1254 1202 1296 che
1222 1267 1315 1296 non
1336 1254 1397 1296 ho
1417 1252 1574 1297 scritto
1598 1253 1643 1297 in
1659 1260 1677 1281 ⁰
1694 1269 1754 1297 vn
1777 1256 1893 1300 altra

259 1333 434 1386 lettera,
459 1339 505 1378 et
526 1333 552 1376 e
573 1334 659 1378 che
675 1333 767 1378 Sua
785 1332 881 1378 Sta.
902 1331 1169 1387 simpliciter
1185 1330 1226 1373 ci
1242 1330 1350 1374 dase
1367 1345 1395 1374 a
1410 1329 1486 1374 noi
1504 1331 1665 1375 facolta
1683 1332 1728 1375 di
1745 1334 1888 1376 assol-

259 1412 356 1453 uer’
381 1411 426 1453 d'
449 1410 559 1467 ogni
581 1409 772 1462 heresia,
793 1415 839 1452 et
860 1408 1025 1452 scisma
1046 1414 1133 1453 etc.
1150 1407 1171 1435 <¹
1200 1408 1251 1450 in
1264 1409 1379 1466 foro
1401 1408 1616 1451 interiori
1638 1412 1815 1452 tantum
1841 1411 1893 1453 in

260 1488 554 1546 confessione,
579 1485 882 1530 riseruandosi
914 1500 941 1529 a
970 1499 1020 1529 se
1047 1491 1095 1528 et
1122 1483 1196 1528 alli
1223 1484 1432 1538 vescoui,
1457 1487 1542 1530 che
1571 1486 1625 1528 de
1653 1487 1756 1530 iure
1778 1501 1894 1531 sono

258 1563 532 1621 inquisitori,
558 1571 676 1607 tutta
697 1564 740 1607 la
761 1561 1061 1607 iurisdittione
1082 1560 1319 1615 exteriore,
1344 1562 1383 1605 si
1403 1575 1531 1606 come
1554 1563 1692 1607 fanno
1714 1563 1744 1606 li
1761 1578 1890 1607 com-

260 1640 449 1698 missarij
468 1642 571 1686 dell’
595 1640 886 1696 inquisitione
907 1638 953 1683 in
976 1640 1134 1691 Roma,
1159 1637 1190 1681 li
1212 1638 1334 1694 quali
1361 1639 1479 1683 dano
1506 1639 1680 1683 licenza
1710 1640 1785 1684 alli
1807 1655 1892 1685 no-

261 1717 342 1763 stri
362 1719 408 1762 d'
432 1719 647 1762 assoluer'
673 1719 723 1760 in
744 1717 1027 1775 consessione
1047 1716 1373 1758 sacramentali
1398 1730 1535 1760 senza
1563 1716 1656 1773 piu.
1684 1718 1824 1762 Tutto
1861 1717 1893 1761 il

263 1803 385 1840 resto
407 1796 432 1840 ὲ
454 1795 595 1840 libero
616 1796 703 1839 alla
722 1794 1023 1838 iurisdittione
1045 1791 1269 1837 exteriore
1289 1793 1611 1847 ecclesiastica,
1631 1795 1675 1838 la
1697 1796 1830 1850 quale
1851 1798 1893 1839 s'

263 1875 324 1918 ha
344 1874 402 1917 da
422 1873 702 1926 essercitare,
727 1886 819 1915 non
840 1886 920 1929 per
941 1870 1032 1922 noi,
1057 1884 1129 1913 ma
1150 1885 1230 1926 per
1250 1869 1281 1913 li
1302 1869 1493 1928 principi
1516 1871 1830 1926 ecclesiastici,
1851 1879 1899 1917 et

265 1950 359 1994 cosi
375 1964 455 2008 per
470 1949 724 1995 essercitar’
742 1948 819 1993 noi
837 1955 996 2006 questa
1013 1946 1176 1991 facolta
1194 1947 1244 1990 in
1252 1948 1367 2006 foro
1383 1948 1609 2001 interiori,
1627 1949 1747 1992 nihil
1762 1949 1895 2006 depe-

265 2028 388 2082 ribit,
403 2042 484 2071 nec
509 2028 727 2071 decrescet
743 2027 786 2070 al
802 2027 901 2070 foro
917 2024 1155 2079 exteriore,
1174 2023 1544 2082 principalmente
1567 2025 1614 2068 in
1630 2026 1890 2072 Germania.

353 2101 568 2150 Anchora
590 2106 648 2147 m’
670 2118 855 2147 occorre
871 2101 967 2145 dire
983 2101 1030 2144 di
1047 2103 1182 2146 Mtro.
1204 2100 1372 2154 Pietro,
1393 2094 1477 2146 che
1499 2101 1735 2147 intendera
1757 2105 1815 2147 V.
1838 2105 1892 2148 P.

263 2182 296 2226 il
317 2197 401 2226 suo
422 2183 561 2226 esser'
582 2187 629 2226 et
650 2181 743 2224 cosi
759 2178 991 2236 pensiamo
1007 2178 1037 2221 li
1055 2178 1325 2234 approfitara
1340 2186 1517 2234 questo,
1537 2194 1564 2223 o
1581 2181 1666 2224 che
1682 2180 1756 2224 dal
1778 2186 1899 2225 tutto

265 2259 304 2302 si
325 2258 450 2312 aiuti,
475 2273 502 2302 o
523 2271 634 2303 uero
657 2258 742 2301 che
763 2255 979 2313 pigliamo
1001 2254 1192 2312 qualche
1214 2253 1476 2300 risolutione
1497 2257 1554 2299 de
1576 2255 1655 2310 lui;
1680 2260 1721 2299 et
1742 2260 1896 2300 tamen

267 2350 401 2393 spero
424 2336 508 2379 che
529 2334 560 2377 il
583 2333 779 2390 Signore
806 2333 835 2375 l'
860 2331 1047 2375 aiutara.
1074 2332 1110 2374 Π
1140 2331 1335 2389 Signore
1355 2332 1422 2377 sia
1449 2347 1534 2376 con
1563 2333 1652 2377 noi.
1685 2333 1784 2377 Ora
1806 2339 1898 2390 pro

269 2426 354 2466 me,
377 2413 536 2456 Pater.
561 2412 596 2454 Il
620 2410 698 2454 P.⁰
717 2411 731 2432 ³
754 2409 800 2453 di
821 2409 1074 2454 Decembre
1097 2409 1223 2464 1566.
1248 2409 1419 2454 Seruus
1441 2409 1487 2453 in
1511 2410 1612 2463 X.⁰‚

1329 2480 1360 2538 -ἰ-
1390 2482 1623 2526 NATALIS.
1660 2481 1690 2539 †

342 2633 365 2656 ⁸
401 2627 487 2662 Hoc
503 2630 591 2673 post
609 2624 810 2672 scriptum,
828 2620 954 2659 totum
971 2622 1266 2670 autographum,
1284 2621 1324 2659 in
1341 2622 1539 2667 schedula,
1554 2621 1713 2670 quintae
1730 2621 1898 2669 paginae

269 2686 385 2734 hujus
399 2685 586 2733 epistolae
599 2683 855 2731 agglutinata,
869 2682 1126 2719 habetur.—b
1142 2681 1319 2718 Alterum
1332 2682 1406 2718 hoc
1419 2688 1508 2730 post
1526 2681 1727 2729 scriptum,
1742 2693 1764 2717 a
1777 2681 1899 2728 Jime-

269 2756 344 2781 nez
361 2750 561 2781 exaratum
579 2750 619 2780 et
637 2743 786 2779 Natalis
804 2754 919 2778 manu
937 2741 1215 2789 subscriptum,
1234 2741 1275 2777 in
1291 2742 1413 2778 altera
1430 2741 1586 2788 scheda,
1604 2741 1769 2788 paginae
1786 2741 1898 2788 quin-

270 2809 335 2840 tae
357 2804 472 2851 hujus
498 2804 686 2852 epistolae
709 2802 965 2850 agglutinata,
984 2801 1266 2849 reperitur.—c
1286 2809 1309 2836 2
1326 2802 1446 2837 verba
1471 2813 1582 2849 seqq.
1606 2812 1628 2836 a
1651 2801 1820 2836 Polanco
1837 2812 1896 2837 re-

270 2863 374 2900 fecta
391 2869 496 2910 sunt,
515 2875 562 2899 eo
578 2862 695 2911 quod,
710 2861 926 2898 madefacta
940 2860 1098 2905 scheda,
1113 2860 1195 2896 fere
1209 2859 1338 2896 deleta
1351 2859 1599 2896 fuerant.-d
1615 2868 1635 2904 5
1650 2860 1771 2895 verba
1784 2870 1894 2906 seqq.

271 2935 294 2959 a
311 2924 480 2960 Polanco
497 2922 638 2959 iterum
656 2923 800 2971 scripta
818 2926 922 2964 sunt,
941 2922 992 2957 ob
1009 2931 1166 2957 causam
1184 2931 1307 2968 nuper
1323 2920 1483 2957 dictam.

344 3001 356 3022 ¹
407 3001 493 3037 Hoc
512 3005 803 3037 monumentum
822 3004 883 3036 est
900 2999 940 3035 in
958 2998 1129 3046 append.
1151 2997 1336 3034 XXXIV.

347 3063 362 3085 ⁸
412 3060 513 3097 Vide
530 3061 650 3108 epist.
672 3060 756 3107 3993
775 3059 858 3105 433,
876 3071 918 3095 n.
946 3067 985 3104 13
1004 3063 1045 3094 et
1061 3057 1148 3104 453.

350 3122 366 3143 ³
415 3119 494 3158 Die
511 3120 634 3168 prima
650 3119 880 3156 Decembris
898 3119 994 3154 haec
1012 3117 1155 3154 scheda
1178 3117 1321 3164 scripta
1343 3116 1499 3162 dicitur,
1524 3126 1571 3152 eo
1596 3114 1699 3163 quod
1722 3125 1900 3162 paragra·
