2228 3548
892 286 938 324 31
965 263 1161 327 Amasi-1
1188 289 1283 336 1568
1797 290 1871 338 639

265 388 601 447 congregation
649 389 952 446 prouinciale,
997 396 1126 435 tanto
1173 390 1254 448 pin
1302 391 1563 437 facilmente
1611 392 1650 436 si
1696 376 1934 450 potrebbe

268 473 432 522 questo
456 467 568 521 fare,
592 466 777 510 dandoli
798 468 857 512 V.
883 468 939 512 R.
963 467 1079 511 altre
1100 468 1407 526 occupationi3
1431 469 1611 514 benche
1634 471 1786 526 quelle
1802 471 1921 516 della

268 550 396 589 corte
417 544 478 587 ad
500 548 675 601 tempus
697 543 825 589 siano
847 550 966 588 state
987 544 1088 588 utili
1115 560 1197 602 per
1224 545 1256 589 il
1288 546 1378 591 ben
1406 560 1665 592 commune.
1701 548 1760 590 Et
1787 561 1920 592 come

267 615 327 666 V.
353 623 408 665 R.
434 622 606 666 douera
629 636 754 667 esser
775 621 1034 676 informato,
1054 622 1085 666 il
1107 623 1244 668 modo
1259 623 1306 667 di
1324 623 1573 680 procedere
1594 625 1856 670 amoreuole
1872 631 1920 670 et

260 699 527 744 confidente
548 713 634 742 con
657 699 764 755 quel
784 699 911 742 buon
932 699 1082 743 Padre
1102 699 1203 744 sar&
1222 700 1265 744 al
1281 700 1516 757 proposito
1532 699 1580 744 in
1598 701 1709 758 ogni
1728 708 1916 746 euento.

358 787 399 831 5.
465 775 560 832 Qui
580 775 627 819 in
650 790 756 819 casa
775 775 940 820 stiamo
961 790 1049 821 con
1070 776 1300 822 mediocre
1327 776 1499 831 sanitzi,
1525 778 1615 822 Dio
1644 778 1846 832 laudato,
1871 786 1920 824 et

264 844 343 898 nes
361 853 571 910 collegio,
596 854 773 899 benche
793 853 922 898 molti
943 869 1057 898 sono
1078 854 1186 898 stati
1208 854 1408 909 amalati,
1428 861 1474 899 et
1491 854 1538 898 in
1555 851 1702 900 Roma
1719 856 1919 901 tuttauia

263 929 303 974 si
325 931 532 975 amalano
553 931 679 974 molti
703 937 750 976 et
777 930 961 976 moiono
989 931 1158 975 alcuni.
1185 932 1220 975 Π
1252 933 1306 975 P.
1334 931 1572 976 Bobadilla
1598 931 1646 975 in
1670 932 1820 976 Tiuoli
1847 940 1920 978 sta

263 1007 404 1050 molto
426 1015 724 1064 grauemente
745 1008 957 1062 amalato,
982 1015 1029 1052 et
1050 1022 1132 1064 per
1153 1008 1307 1064 quello
1331 1010 1417 1053 che
1438 1007 1474 1052 s'
1492 1008 1516 1053 ὲ
1538 1008 1688 1054 inteso
1705 1009 1820 1055 hieri
1843 1011 1919 1054 dal

265 1083 459 1137 medico,
486 1098 573 1128 con
604 1098 720 1142 poca
749 1099 970 1142 speranza
1000 1084 1048 1128 di
1080 1084 1191 1128 uita.
1217 1085 1275 1129 V.
1302 1086 1358 1129 R.
1383 1085 1428 1129 lo
1455 1087 1745 1130 raccomandi
1775 1101 1802 1130 a
1829 1087 1919 1131 Dio

267 1161 326 1206 N.
354 1161 403 1206 S.
430 1161 550 1205 nelle
572 1176 655 1206 sue
678 1149 888 1217 orationi,
913 1161 1031 1206 nelle
1054 1161 1176 1218 quali
1198 1162 1349 1207 anche
1371 1161 1479 1205 tutti
1494 1161 1572 1205 noi
1594 1163 1737 1206 molto
1756 1163 1799 1207 ci
1816 1177 1918 1208 rac-

267 1237 600 1292 comandiamo,
624 1237 816 1284 insieme
836 1252 926 1283 con
947 1239 1098 1295 quelle
1119 1239 1195 1283 del
1216 1240 1271 1283 Ρ.
1292 1238 1526 1283 Ximenez.
1547 1238 1607 1283 Di
1630 1241 1791 1293 Roma,
1812 1240 1843 1284 li
1861 1255 1918 1297 30

267 1315 316 1358 d’
335 1317 517 1372 Agosto
547 1316 675 1371 1568.
699 1317 760 1360 D.
786 1317 844 1360 V.
870 1317 926 1360 R.
951 1315 1104 1361 sieruo
1125 1315 1172 1359 in
1196 1314 1300 1369 X.⁰,

1002 1407 1006 1409 “
1378 1393 1676 1438 FRAN01sco.

359 1469 606 1525 Inscriptio
630 1469 681 1512 in
702 1472 881 1526 quarta'
885 1469 1072 1527 pagina
1091 1484 1104 1512 .·
1126 1470 1157 1527 †
1178 1470 1236 1513 Al
1261 1470 1404 1514 molto
1427 1470 1544 1514 Rdo.
1570 1470 1616 1514 in
1639 1472 1726 1515 X.⁰
1750 1473 1914 1525 Padre,

267 1545 299 1588 il
322 1547 374 1590 P.
402 1547 539 1591 Mtro.
566 1546 836 1592 Hieronimo
856 1547 1037 1600 Natale,
1063 1545 1297 1592 visitatore
1312 1546 1431 1591 nelle
1452 1547 1690 1605 prouincie
1706 1548 1751 1591 di
1770 1550 1806 1592 F
1810 1564 1916 1592 ran—

267 1622 337 1667 cia
358 1629 402 1668 et
427 1623 694 1680 Aquitania,
719 1624 838 1668 della
855 1622 1144 1681 Compagnia
1165 1623 1211 1668 di
1226 1623 1385 1669 Giesh.
1408 1625 1569 1679 Lione‚
1596 1639 1624 1668 o
1645 1626 1764 1670 doue
1782 1629 1904 1670 sara.

237 1710 246 1711 ’
281 1701 538 1758 Vestigium
560 1701 723 1759 sigilli.

1042 1805 1154 1847 58²

719 1893 772 1935 P.
807 1890 1225 1936 HIERONYMUS
1254 1890 1477 1936 NADAL

606 1967 850 2006 SANCTO
884 1964 1238 2004 FRANCISCO
1270 1967 1349 2004 DE
1380 1966 1578 2015 BORJA

725 2053 1006 2091 eumenum,
1032 2042 1075 2079 31
1103 2051 1287 2081 Avens-rt
1319 2044 1411 2090 1568
1429 2046 1460 2082 ¹.

271 2129 309 2156 Ι.
333 2121 507 2157 Romam
526 2121 690 2158 Natalis
712 2133 803 2158 cum
822 2122 876 2158 P.
910 2121 1110 2156 Ludovico
1135 2118 1334 2158 Condreto
1353 2121 1652 2178 proficiscitur:
1672 2122 1917 2159 Edmundus

317 2180 453 2216 Huius
471 2181 618 2217 melius
639 2181 863 2218 habet.-2.
892 2180 1005 2216 Libri
1021 2182 1058 2216 et
1074 2180 1227 2228 scripta
1243 2192 1271 2216 a
1292 2180 1343 2216 P.
1367 2181 1514 2217 Acesta
1537 2183 1592 2217 ad
1616 2181 1806 2218 Natalem
1825 2183 1918 2218 mit-

319 2240 456 2276 tenda.

366 2329 404 2361 1.
464 2318 600 2374 Jhus.
626 2317 769 2361 Molto
794 2315 912 2360 Rdo.
939 2317 994 2359 P.
1019 2316 1078 2359 N.
1100 2314 1148 2358 in
1169 2316 1257 2360 Χ.ο
1280 2317 1378 2360 Pax
1398 2316 1587 2371 Christi,
1613 2326 1698 2362 etc.
1728 2317 1916 2363 Riceuei

273 2393 321 2437 in
344 2393 489 2437 Lione
511 2394 662 2448 quella
684 2393 803 2438 della
827 2393 880 2436 P.
905 2393 963 2437 V.
990 2391 1096 2436 delli
1124 2403 1176 2447 17
1203 2391 1251 2436 di
1277 2399 1456 2449 questo,
1482 2401 1530 2437 et
1556 2393 1633 2451 gia
1662 2408 1740 2438 ero
1761 2394 1916 2438 deter-

274 2470 446 2514 minato
468 2485 549 2527 per
569 2470 599 2512 l'
624 2470 738 2514 altre
759 2484 844 2515 sue
864 2469 910 2512 di
932 2468 1063 2514 finire
1084 2470 1128 2513 la
1148 2469 1239 2513 mia
1258 2469 1393 2514 visita
1413 2469 1460 2513 in
1484 2470 1643 2523 Lione,
1664 2472 1722 2513 ne
1739 2473 1911 2526 passar’

274 2547 447 2600 auanti‚
467 2547 636 2603 perche
652 2546 759 2590 nelli
781 2545 1017 2591 medesimi
1033 2545 1183 2603 giorni
1199 2561 1350 2592 venne
1366 2561 1520 2591 nuoua
1537 2549 1622 2590 che
1639 2561 1778 2591 erano
1795 2554 1915 2592 rotte

273 2623 317 2668 Ie
338 2624 490 2667 strade
512 2637 592 2680 per
614 2622 821 2680 Pariggi,
846 2629 892 2668 et
913 2623 1002 2667 che
1021 2622 1060 2666 si
1081 2623 1377 2668 radunauano
1398 2630 1446 2667 et
1473 2625 1695 2667 faceuano
1718 2624 1914 2667 tumulto

271 2714 354 2757 per
375 2699 486 2757 ogni
508 2706 635 2756 parte
657 2699 721 2757 gli
742 2699 991 2757 hugonoti.
1028 2699 1088 2743 Di
1115 2706 1237 2743 sorte
1265 2701 1351 2744 che
1377 2715 1509 2757 parse
1531 2699 1606 2743 alli
1637 2699 1772 2742 Padri
1795 2695 1913 2744 della

270 2776 648 2834 congregatione,
674 2778 748 2820 ch'
772 2776 831 2830 io,
856 2775 996 2820 stanti
1017 2776 1060 2821 le
1080 2777 1242 2821 lettere
1262 2777 1380 2822 della
1410 2779 1463 2821 P.
1490 2778 1569 2829 V.‚
1595 2778 1776 2820 haueuo
1802 2791 1828 2820 a
1849 2776 1911 2819 ri-

268 2859 452 2897 tornare
472 2869 499 2898 a
528 2855 690 2898 Roma.
717 2852 1078 2910 Sopragionsero
1106 2854 1149 2896 le
1176 2853 1337 2898 lettere
1365 2867 1448 2911 per
1476 2855 1519 2897 la
1541 2853 1614 2896 via
1642 2853 1687 2895 di
1716 2854 1752 2896 F
1754 2852 1914 2897 iandra

339 2978 349 2998 ¹
402 2979 461 3013 Ex
491 2979 721 3025 archetypo,
751 2989 774 3013 a
803 2977 982 3024 Jimenez
1009 2982 1184 3024 exarato,
1213 2983 1255 3014 et
1283 2977 1436 3014 Natalis
1466 2989 1583 3014 manu
1614 2977 1851 3025 subscripto,
1871 2978 1911 3014 in

268 3035 400 3083 Epist.
432 3037 588 3082 Natal.‚
622 3038 672 3082 11,
698 3036 845 3084 duplici
867 3036 958 3084 fol„
984 3045 1056 3072 210
1079 3036 1182 3083 (506)
1204 3038 1321 3083 (507).
1348 3037 1451 3073 Vide
1476 3037 1594 3084 epist.
1618 3035 1702 3084 533,
1727 3037 1791 3073 cui
1815 3038 1913 3073 haec

269 3095 495 3143 respondet.

909 3186 937 3211 S
