2228 3548
411 267 476 313 178
927 262 1067 299 EPIST.
1094 259 1138 294 P.
1166 255 1439 303 NADAL—413

1130 358 1244 399 413

833 444 878 481 Ρ.
906 441 1146 490 JOANNES
1173 441 1244 478 DE
1269 415 1522 480 POLANCb

691 522 904 567 PATRI
951 519 1379 565 HIERONYMO
1425 519 1667 564 NADAL

912 617 1072 651 ROMAE,
1104 607 1147 644 13
1171 617 1273 652 JULn
1301 607 1393 653 1566
1413 609 1440 644 ¹.

480 700 517 725 ι.
541 690 601 725 De
620 688 787 736 collegio
805 687 1050 724 olomucensi
1057 695 1162 722 .—,2.
1188 685 1372 731 Quinam
1389 688 1427 721 et
1443 685 1581 732 quales
1597 687 1642 722 in
1659 687 1872 735 collegium

870 746 1156 794 germanicum
1173 745 1362 781 mittendi
1378 745 1474 782 sint.

451 840 488 870 1.
548 828 680 884 Jhus.
707 825 849 869 Molto
872 824 987 868 Rdo.
1012 823 1059 866 in
1081 825 1200 880 Xp0.
1228 823 1391 867 Padre.
1418 824 1515 867 Pax
1538 823 1665 881 Xpi.,
1690 830 1778 870 ete.
1803 824 1852 870 Si
1879 840 1993 870 sono

356 904 561 948 riceuute
582 902 771 947 insieme
793 901 973 946 diuerse
994 901 1156 945 lettere
1176 899 1223 943 di
1245 901 1302 944 V.
1330 901 1405 954 R.,
1425 899 1471 943 di
1498 913 1550 959 19
1566 907 1613 944 et
1629 913 1684 956 23
1702 902 1775 945 del
1790 910 1990 959 passato,

355 988 401 1025 et
423 981 691 1037 aspettando
715 980 865 1035 quella
887 980 974 1023 che
995 977 1055 1023 lei
1077 985 1299 1035 promette
1316 977 1361 1020 di
1378 977 1580 1034 Dilinga,
1600 977 1787 1023 risoluta
1801 979 1845 1022 la
1861 979 1996 1024 uisita

353 1058 472 1102 della
492 1056 701 1113 superior
723 1055 994 1108 Germania,
1026 1054 1064 1098 si
1091 1055 1187 1098 fara
1214 1053 1420 1111 risposta.
1443 1055 1509 1099 La
1536 1061 1744 1111 presente
1771 1056 1797 1100 ἑ
1824 1071 1906 1113 per
1926 1058 1996 1101 far

354 1134 589 1178 intendere
606 1150 632 1178 a
656 1135 713 1178 V.
736 1135 811 1186 R.‚
833 1135 919 1178 che
940 1132 972 1175 il
988 1131 1190 1176 cardinal
1211 1131 1520 1176 alessandrino
1541 1132 1556 1153 ²
1579 1133 1640 1176 ha
1660 1134 1773 1177 fatto
1794 1133 1994 1179 chiamar

355 1211 498 1268 hoggi
519 1218 675 1255 nostro
700 1212 847 1255 Padre
870 1210 1073 1267 general,
1097 1216 1143 1253 et
1164 1210 1194 1252 1’
1213 1211 1273 1253 ha
1294 1210 1464 1266 parlato
1486 1208 1532 1252 di
1553 1216 1681 1266 parte
1699 1209 1746 1253 di
1762 1211 1857 1255 Sua
1872 1211 1992 1256 San—

353 1289 450 1341 tita,
476 1288 773 1332 mostrandoli
793 1303 853 1331 un
871 1286 1071 1343 capitulo
1086 1287 1131 1329 d'
1152 1301 1242 1330 una
1258 1287 1419 1331 lettera
1440 1287 1544 1332 dell'
1562 1286 1850 1343 imperatore,
1870 1288 1990 1333 doue

353 1365 391 1408 si
413 1366 573 1409 diceua
590 1365 664 1409 del
683 1365 826 1408 frutto
845 1366 929 1408 che
946 1363 984 1407 si
1003 1365 1188 1407 sacceua
1204 1363 1250 1406 in
1267 1362 1516 1417 Olomufio,
1537 1363 1855 1420 specialmente
1871 1366 1990 1409 nella

353 1442 528 1494 schola,
553 1449 598 1485 et
628 1444 712 1485 che
743 1441 1012 1498 supplicaua
1035 1442 1084 1486 S.
1111 1441 1205 1486 SA&
1229 1439 1451 1484 ordinassi
1481 1442 1565 1484 che
1587 1441 1737 1484 alcuni
1763 1441 1808 1484 di
1836 1449 1991 1486 nostra

354 1518 636 1575 Compagnia
663 1518 911 1562 aiutassino
944 1519 1082 1575 quell’
1107 1532 1257 1575 opera.
1290 1519 1457 1562 Nostro
1488 1517 1634 1561 Padre
1670 1519 1856 1575 general
1892 1534 1990 1563 mo-

353 1596 538 1638 strando
556 1602 815 1652 prompteza
835 1596 880 1638 di
897 1595 1090 1639 ubbedir
1114 1610 1140 1639 a
1160 1596 1209 1640 S.
1236 1595 1330 1640 SR&
1346 1629 1355 1649 ‚
1371 1595 1536 1651 perche
1554 1594 1600 1637 ui
1618 1610 1755 1640 erano
1772 1596 1888 1640 delle
1903 1596 1991 1640 dif-

351 1673 505 1716 ficulta
524 1671 571 1714 in
594 1672 768 1715 assunti
794 1672 943 1726 simili,
972 1673 1239 1729 represent&
1262 1687 1311 1717 se
1332 1671 1449 1715 saria
1465 1672 1583 1716 bene
1600 1679 1818 1717 cometter
1833 1680 1995 1728 questa

350 1763 456 1792 cosa
477 1764 503 1792 a
525 1750 581 1793 V.
608 1751 682 1803 R.,
709 1749 851 1804 accio,
882 1750 1095 1794 uedendo
1119 1750 1161 1793 la
1184 1748 1478 1805 dispositione
1499 1748 1544 1791 di
1561 1749 1724 1805 quella,
1745 1749 1991 1806 giudicassi

351 1840 400 1869 se
421 1827 610 1870 sarebbe
632 1826 841 1882 maggior
865 1826 1051 1870 seruitio
1080 1826 1236 1870 diuino
1258 1827 1326 1869 far
1347 1826 1497 1882 quello
1518 1826 1602 1869 che
1623 1825 1653 1868 il
1676 1840 1872 1870 vescouo
1889 1828 1903 1849 ³
1928 1827 1987 1870 ri-

351 1917 482 1947 cerca
517 1917 597 1959 per
633 1918 787 1947 mezzo
825 1904 929 1947 dell'
964 1903 1224 1960 imperator,
1259 1917 1287 1946 o
1323 1917 1438 1957 non,
1463 1909 1509 1947 et
1536 1902 1567 1945 li
1593 1917 1724 1959 parse
1759 1904 1876 1948 bene
1912 1905 1986 1947 all’

351 1981 491 2023 lllmo.
518 1979 732 2023 cardinal.
755 1981 812 2023 Et
831 1981 925 2023 cosi
944 1988 1101 2024 nostro
1120 1981 1266 2024 Padre
1287 1979 1348 2023 mi
1364 1994 1570 2024 comesse
1591 1980 1788 2024 scriuere
1810 1996 1836 2024 a
1852 1981 1909 2025 V.
1930 1983 1984 2026 R.

351 2071 483 2112 sopra
511 2063 671 2112 questo
700 2057 904 2113 negotio,
932 2057 1058 2101 accio
1089 2057 1147 2102 lei
1175 2056 1355 2102 uedessi
1382 2057 1425 2102 le
1453 2071 1579 2110 cose,
1604 2057 1766 2113 poiche
1794 2059 1851 2101 ad
1880 2059 1990 2115 ogni

351 2134 486 2176 modo
508 2133 545 2175 si
568 2135 626 2176 ha
648 2132 692 2175 di
715 2139 896 2176 acostar
920 2135 962 2176 la
985 2135 1194 2177 andando
1217 2149 1243 2177 a
1265 2133 1466 2187 Vienna,
1490 2141 1536 2177 et
1564 2136 1708 2178 anche
1735 2149 1890 2190 passar
1910 2150 1991 2192 per

351 2209 630 2262 Holomutio‚
656 2210 870 2252 andando
894 2210 938 2252 di
961 2212 1003 2254 la
1026 2227 1051 2255 a
1076 2213 1247 2268 Praga:
1274 2218 1320 2255 et
1341 2210 1490 2254 scriua
1512 2212 1569 2255 V.
1597 2212 1650 2254 R.
1675 2227 1701 2255 a
1722 2219 1877 2255 nostro
1899 2214 1989 2256 Pa-

350 2288 428 2330 dre
451 2287 556 2342 quel
578 2288 663 2330 che
688 2293 836 2340 sente,
858 2286 903 2329 in
926 2288 1059 2331 modo
1081 2289 1166 2331 che
1189 2287 1225 2331 si
1242 2302 1376 2344 possa
1397 2294 1631 2332 mostrare.

444 2376 484 2407 2.
552 2363 685 2407 Circa
707 2363 845 2418 quelli
870 2366 954 2406 che
976 2364 1013 2406 si
1035 2365 1319 2420 potrebbeno
1346 2364 1533 2407 mandar
1559 2365 1633 2408 nel
1661 2364 1853 2421 collegio
1880 2379 1988 2422 ger—

352 2440 544 2494 manico,
570 2442 691 2483 forse
711 2439 749 2482 si
774 2440 881 2483 dara
905 2440 1031 2484 auiso
1060 2442 1102 2484 la
1131 2441 1273 2497 prima
1301 2441 1428 2484 uolta
1456 2442 1540 2484 che
1561 2441 1599 2484 si
1626 2441 1828 2485 scriuira.
1855 2442 1987 2486 Sola-

352 2524 500 2560 mente
522 2516 700 2560 auisaro
721 2531 801 2572 per
819 2525 993 2571 questa,
1021 2520 1120 2570 che,
1143 2519 1373 2561 trattando
1397 2517 1502 2562 delli
1523 2517 1696 2574 poueri‚
1716 2532 1807 2561 non
1824 2518 1862 2562 si
1879 2519 1987 2576 giu—

350 2593 450 2636 dica
471 2593 705 2650 spediente
735 2594 920 2636 mandar
949 2609 1037 2650 qua
1066 2595 1209 2651 putti.
1232 2595 1399 2651 perche
1421 2593 1510 2637 mai
1538 2593 1775 2647 finiscono,
1800 2602 1845 2638 et
1873 2609 1984 2639 con—

352 2671 500 2724 uiene,
526 2670 679 2714 auanti
697 2671 782 2714 che
803 2669 931 2713 siano
950 2672 1170 2728 theologi,
1191 2687 1218 2715 o
1235 2686 1314 2728 per
1331 2671 1560 2725 infirmita,
1581 2685 1607 2714 o
1624 2686 1704 2727 per
1721 2673 1833 2716 altre
1850 2687 1987 2717 cause

350 2747 584 2801 mandarli,
609 2746 859 2791 hauendosi
882 2749 1175 2804 guadagnato
1197 2749 1336 2791 molto
1359 2762 1477 2804 poco
1498 2748 1615 2791 nelle
1638 2763 1768 2804 spese
1790 2755 1835 2792 et
1856 2748 1988 2792 insti-

426 2891 434 2909 ¹
486 2889 543 2922 Ex
562 2888 785 2934 archetypo,
806 2898 828 2921 a
852 2888 1076 2924 Fernandez
1102 2894 1276 2935 exarato,
1302 2893 1343 2925 et
1366 2887 1525 2924 Polanci
1549 2900 1665 2925 manu
1690 2889 1921 2936 subscripto,
1947 2889 1988 2926 in

353 2945 448 2981 Cod.
476 2948 604 2991 PLB,
641 2945 786 2993 duplici
817 2945 908 2990 fol„
940 2946 1008 2992 239
1041 2948 1147 2993 (64).
1184 2949 1255 2984 Est
1286 2949 1450 2984 alterum
1483 2950 1704 2996 exemplum
1723 2949 1763 2984 in
1795 2949 1984 2995 Regesto,

352 3004 453 3040 Cod.
478 3005 590 3052 33f),
608 3005 676 3041 fol.
700 3014 781 3050 145.

419 3067 433 3086 2’
484 3064 647 3099 Michaell
666 3064 866 3110 Bonellus,
886 3064 945 3099 Pii
963 3065 997 3099 V
1015 3076 1225 3112 pronepos.
1346 3067 1360 3087 ³
1411 3065 1645 3102 Guilielmus
1663 3065 1980 3113 Prussinowsky.
