2228 3548
406 308 475 345 772
977 295 1114 330 Emsr.
1143 293 1188 329 P.
1218 294 1367 331 NADAL

1124 451 1233 493 XXI

906 538 950 572 Β.
978 536 1181 574 PETRUS
1201 536 1448 574 CANISIUS

718 629 934 661 SANCTO
974 629 1298 660 FRANCISCO
1338 630 1409 660 DE
1448 630 1626 671 BORJA

810 704 1039 761 Dilingae,
1061 716 1118 762 29
1136 704 1339 761 Augusti
1362 705 1472 760 1566
1493 707 1521 749 ¹.

349 796 686 845 Ingolstadienses
713 795 858 831 melius
883 794 1107 842 procedunt
1133 796 1221 840 post
1250 793 1413 829 Natalis
1439 795 1721 831 lustrationem
1737 807 1749 830 :
1780 797 1827 831 de
1855 796 1989 843 impu-

416 855 611 903 gnatione
629 854 896 890 assertionum
914 852 1087 889 doctoris
1107 853 1267 889 Torres:
1280 853 1399 888 varia
1413 853 1596 902 arNatali
1607 857 1761 889 statuta
1775 855 1883 892 circa
1896 858 1990 903 per-

423 926 554 950 sonas-

523 990 786 1048 Ingolstadii
813 997 981 1033 statum
1010 989 1192 1046 collegii
1221 996 1457 1044 utcunque
1488 989 1779 1045 tranquillum
1803 991 1982 1047 reliqui,

347 1051 590 1108 minusque
613 1050 785 1107 negotii
813 1050 902 1092 illic
934 1048 1043 1091 mihi
1072 1049 1179 1101 ruit,
1205 1063 1310 1092 cum
1336 1050 1469 1092 Pater
1491 1048 1698 1092 visitator
1719 1065 1810 1093 non
1838 1054 1984 1109 multo

350 1119 484 1155 antea
501 1125 634 1154 suum
653 1110 774 1166 apud
793 1110 952 1152 fratres
971 1123 1138 1151 munus
1155 1108 1365 1160 obiuerit,
1387 1109 1619 1164 multaque
1636 1110 1882 1154 correxerit
1900 1126 1986 1167 pro

350 1186 432 1214 sua
469 1169 724 1226 prudentia.
751 1170 899 1213 Notus
930 1176 999 1211 est
1037 1170 1100 1211 M.
1137 1167 1470 1223 Marquetius²,
1505 1182 1639 1223 quem
1674 1168 1842 1213 rectius
1875 1170 1982 1213 alibi

342 1245 482 1286 -quam
506 1230 627 1286 apud
649 1243 731 1272 nos
753 1228 798 1271 in
820 1235 1014 1282 utroque
1036 1227 1218 1270 homine
1240 1226 1387 1270 curari
1418 1241 1550 1283 posse
1571 1241 1826 1272 censemus
1854 1229 1980 1274 Scri-·

349 1289 489 1346 pserit
506 1290 563 1333 de
580 1289 655 1331 illo
680 1290 814 1332 Pater
830 1286 1050 1339 visitator,
1072 1293 1122 1329 ut
1139 1286 1345 1329 arbitror.
1368 1287 1672 1342 Expectamus
1689 1294 1734 1332 et
1751 1295 1979 1344 optamus,

351 1356 399 1393 ut
423 1351 537 1392 P.tas
560 1350 659 1391 Tua
681 1361 991 1390 successorem
1013 1346 1149 1399 illius,
1176 1346 1213 1389 si
1242 1346 1339 1406 fieri
1362 1353 1514 1401 queat,
1540 1345 1630 1389 cito
1651 1346 1911 1404 designet».
1933 1383 1941 1391 .
1962 1383 1973 1394 .

439 1467 725 1511 Professores
749 1465 1003 1521 theologiae
1031 1465 1138 1519 duo,
1165 1464 1241 1520 qui
1265 1464 1506 1521 Tubingae
1534 1466 1714 1518 docent,
1741 1467 1826 1509 sub
1855 1467 1980 1522 prin-

347 1526 447 1582 cipe
469 1524 871 1581 wirtembergensi,
897 1525 1114 1580 scriptum
1138 1525 1272 1568 ualde
1299 1525 1629 1568 amarulentum
1652 1531 1697 1567 et
1712 1526 1982 1570 maledicum

348 1586 603 1638 ediderunt,
617 1599 707 1640 quo
725 1586 1002 1640 respondent
1020 1585 1077 1627 ad
1088 1584 1357 1639 jesuitarum
1375 1583 1646 1627 assertiones
1657 1584 1870 1641 Dilingae
1887 1586 1981 1629 dis-

348 1652 529 1702 putatas
550 1659 606 1687 ex
627 1643 819 1700 epistola
841 1644 975 1699 priori
997 1645 1054 1686 ad
1072 1643 1378 1694 Timotheum,
1400 1643 1566 1698 quibus
1584 1651 1728 1686 totum
1748 1652 1979 1700 papatum,

348 1713 399 1748 ut
422 1705 484 1747 illi
508 1711 689 1756 uocant,
715 1717 798 1745 nos
820 1703 1020 1747 stabilire
1042 1717 1274 1746 conamur.
1302 1702 1556 1747 Editis,nem
1578 1703 1680 1745 libri
1702 1705 1982 1758 praefatione

347 1778 430 1808 sua
451 1764 713 1819 comprobat
736 1762 946 1806 Brentius
964 1764 995 1805 ³.
1022 1763 1198 1806 Harum
1221 1761 1536 1814 assertionum,
1561 1776 1674 1816 quas
1696 1762 1758 1805 illi
1781 1769 1871 1807 tam
1894 1765 1978 1807 ho—

348 1823 508 1867 stiliter
530 1837 666 1878 quam
687 1822 884 1877 maligne
906 1829 1192 1878 oppugnant,
1216 1823 1381 1864 author
1410 1821 1494 1864 fuit
1522 1823 1581 1864 D.
1608 1823 1774 1865 Torres
1791 1823 1807 1843 ⁴
1828 1822 1976 1867 Dilin-

347 1897 433 1939 gae
451 1883 705 1938 professor,
736 1881 846 1923 nihil
875 1881 1025 1923 minus
1053 1881 1234 1936 quidem
1264 1880 1494 1936 cogitans,
1521 1894 1654 1935 quam
1684 1888 1734 1923 ut
1761 1883 1843 1924 hos
1874 1896 1977 1926 cra-

346 1944 512 1986 brones
533 1940 747 1984 irritaret.
781 1941 933 1983 Placet
954 1939 1084 1983 nobis
1106 1940 1275 1983 idcirco
1298 1939 1425 1992 liber,
1445 1941 1566 1994 quod
1587 1941 1795 1984 ostendat
1811 1941 1976 1986 aduer-

347 2002 488 2045 sarios
519 2015 545 2044 a
569 1999 750 2056 Jesuitis
788 2000 948 2042 uicinis
985 2013 1262 2056 magnopere
1290 1999 1375 2041 sibi
1403 1998 1665 2053 formidare,
1690 2014 1748 2043 ne
1775 2000 1973 2056 ipsorum

346 2075 484 2104 causa
505 2075 584 2116 per
607 2073 690 2102 nos
710 2058 1007 2102 labefactetur
1029 2067 1165 2114 atque
1187 2058 1352 2114 passim
1376 2059 1659 2101 obscuretur.
1687 2058 1976 2103 Mirabuntur

345 2119 577 2176 plaerique
597 2120 783 2170 Romae,
810 2126 860 2160 ut
882 2118 1088 2171 arbitror,
1114 2132 1218 2161 cum
1243 2117 1436 2161 uiderint
1455 2117 1695 2172 aliquando
1716 2118 1762 2160 in
1784 2133 1875 2174 quo
1891 2134 1975 2175 ge-

346 2194 456 2224 nere
488 2177 745 2222 certaminis
776 2191 877 2220 cum
907 2177 1004 2220 istis
1031 2177 1187 2221 bestiis
1219 2184 1398 2220 nostros
1435 2191 1639 2232 pugnare
1675 2191 1860 2222 necesse
1896 2178 1972 2228 sit.

344 2239 479 2283 Liber
501 2237 548 2281 in
578 2237 732 2280 urbem
762 2237 950 2279 fortasse
978 2236 1197 2288 mittetur,
1223 2236 1261 2279 si
1289 2237 1570 2279 commodam
1598 2235 1804 2281 mittendi
1835 2237 1975 2281 ratio-

343 2313 447 2343 nem
475 2297 771 2353 reperiemus3
803 2310 959 2338 verum
996 2297 1053 2340 de
1090 2296 1406 2351 respondendo
1437 2302 1533 2338 tum
1565 2302 1831 2348 statuemus,
1867 2311 1976 2342 cum,

342 2356 524 2401 redierit
545 2356 603 2398 ad
629 2370 712 2398 nos
737 2356 871 2398 Pater
898 2355 1119 2407 visitator,
1145 2361 1251 2399 ante
1279 2355 1525 2398 Octobrem
1554 2354 1745 2408 scilicet,
1774 2355 1838 2398 uti
1867 2368 1976 2412 spe-⁷

341 2430 508 2460 ramus.
535 2413 809 2459 Benedictus
830 2415 972 2467 Deus,
993 2414 1069 2469 qui
1092 2429 1174 2457 nos
1194 2429 1276 2470 pro
1293 2428 1429 2457 causa
1451 2413 1685 2470 religionis
1701 2415 1758 2456 ad
1775 2414 1972 2458 istorum

341 2474 587 2520 calumnias
609 2473 816 2518 ferendas
838 2472 1001 2529 dignos
1018 2473 1219 2517 reddit...
1248 2475 1300 2516 P.
1326 2472 1592 2516 Dominicus
1610 2474 1641 2525 ⁵,
1666 2487 1800 2528 quem
1826 2476 1874 2517 P.
1897 2473 1967 2517 vi-

340 2536 496 2579 sitator
517 2532 881 2576 monachiensem
900 2539 1116 2577 rectorem
1141 2531 1391 2585 constituit,
1411 2547 1503 2575 non
1520 2531 1597 2575 diu
1613 2531 1660 2574 in
1677 2533 1763 2575 hoc
1780 2542 1974 2578 munere

408 2670 419 2691 ¹
470 2670 529 2705 Ex
546 2666 799 2713 autographo,
818 2665 858 2701 in
876 2666 1004 2712 Epist.
1028 2666 1200 2711 Canisii‚
1219 2667 1263 2711 Π,
1287 2673 1355 2711 174
1373 2665 1486 2712 (135).

407 2733 421 2752 2
472 2730 521 2764 P.
545 2729 716 2774 Joannes
734 2726 928 2772 Marquez.
951 2726 1049 2761 Vide
1069 2726 1185 2773 epist.
1205 2725 1287 2771 374,
1309 2737 1352 2762 n.
1376 2734 1411 2770 23
1432 2730 1472 2761 et
1490 2725 1572 2771 378,
1593 2738 1632 2761 n.
1653 2735 1687 2762 2.

406 2790 420 2810 ⁵
471 2789 642 2835 Joannes
659 2786 854 2826 Brentius,
874 2785 1081 2821 haereseos
1100 2786 1325 2822 lutheranae
1343 2784 1539 2832 professor
1557 2790 1597 2821 et
1615 2785 1763 2834 doctor,
1784 2786 1911 2822 Wilae
1926 2786 1965 2823 in

335 2848 481 2883 Suebia
499 2851 613 2882 natus
631 2849 692 2880 est
709 2852 810 2879 anno
830 2851 932 2888 1499.
953 2843 1063 2880 Obiit
1081 2856 1182 2880 anno
1200 2852 1304 2889 1570.
1325 2844 1368 2880 In
1386 2855 1457 2879 suo
1475 2849 1711 2880 testamento
1734 2845 1903 2882 «sentire
1921 2857 1965 2882 se

333 2918 422 2942 eum
441 2907 633 2941 Luthero»
652 2902 839 2950 scriptum
856 2902 1024 2949 reliquit,
1046 2908 1089 2939 ut
1106 2903 1160 2939 ait
1177 2903 1373 2948 ADAMUS,
1396 2903 1508 2939 Vitae
1527 2903 1846 2952 theologorum...
1864 2916 1968 2953 ger-

333 2976 569 3001 manorum.

403 3026 417 3046 ⁴
467 3024 514 3058 P.
538 3022 802 3069 Hieronymus
819 3020 973 3064 Torres,
993 3020 1041 3055 de
1060 3033 1136 3068 quo
1155 3021 1310 3068 saepius
1328 3021 1476 3058 dictum
1495 3027 1568 3059 est.

402 3085 417 3105 ⁵
467 3082 674 3128 Menginus
684 3107 693 3117 .
