2228 3548
623 289 754 324 lrmssx
781 298 924 327 RERUM
949 299 1232 329 PERSONARUM
1259 303 1313 330 ET
1338 303 1540 331 Locorum
1776 296 1846 344 887

298 389 636 427 commendatitias
661 402 684 426 a
705 402 799 438 rege
822 392 1035 440 Hispaniae

296 446 379 483 dari
416 459 485 495 pro
520 449 697 496 collegiis
721 450 924 487 Flandriae
947 462 1034 499 pro-

296 512 422 554 curat,
455 508 541 555 600,
571 509 656 557 601,
682 508 766 557 6343
799 510 956 547 domino
981 511 1030 547 de

293 567 469 603 Fonseca
486 568 771 606 institutionem
789 570 927 607 domus
944 582 1030 618 pro-

292 626 461 663 bationis
490 638 559 675 pro
588 629 799 666 Germania
833 641 1028 667 commen-

292 684 372 730 dat,
400 687 485 732 6113
511 699 549 723 v.
570 689 759 736 Fonseca,
778 690 1039 736 Franciscus;‚

288 757 310 780 a
327 745 427 782 duce
454 747 608 784 Albano
637 749 850 786 honorifice
879 750 1026 798 excipi-

287 809 363 852 tur,
382 805 465 852 800,
487 806 572 852 801;
599 808 848 855 Margaritam
865 809 914 845 de
935 811 1024 846 Par-

286 875 349 900 ma
367 864 513 914 visitat,
546 866 631 912 801;
664 867 703 903 in
734 868 916 905 Flandria
946 881 1023 905 ma-

285 936 378 960 nere
411 931 583 974 exoptat,
604 926 692 975 801,
725 927 810 973 802;
843 928 949 964 varia
972 928 1021 964 de

284 983 434 1020 Natalis
470 985 509 1021 in
538 986 750 1033 provinciis
786 987 1020 1023 Germaniae

281 1042 511 1091 minis-term,
533 1044 611 1092 123,
636 1045 716 1093 137,
740 1054 818 1092 141,
846 1047 909 1083 161
936 1046 1014 1094 163,

286 1102 367 1148 167,
395 1110 472 1149 175,
498 1103 577 1150 182,
600 1104 678 1151 186,
715 1113 794 1150 194,
827 1112 912 1150 207,
931 1105 1015 1150 208,

282 1160 364 1208 216,
386 1161 468 1207 286,
486 1161 566 1209 287,
595 1161 679 1207 322,
711 1162 796 1211 324,
826 1162 911 1211 342,
930 1163 1014 1212 346,

279 1218 364 1266 347,
383 1219 467 1268 358,
490 1220 575 1269 362,
594 1220 677 1269 370,
698 1221 779 1269 371,
813 1221 897 1268 372,
929 1222 1013 1272 374,

279 1278 363 1324 378,
388 1289 473 1327 401,
492 1280 575 1328 433,
604 1280 689 1329 434,
709 1281 792 1329 436,
817 1281 902 1330 437,
929 1282 1010 1331 588,

278 1338 359 1385 589,
377 1338 463 1387 603,
490 1340 642 1377 Galliae
667 1341 741 1377 iter
770 1347 859 1389 post
876 1343 1012 1390 longas

277 1411 404 1435 moras
434 1400 590 1436 tandem
620 1400 772 1448 arripit,
806 1409 894 1448 247,
926 1402 1007 1450 281,

277 1457 360 1506 553,
380 1460 464 1507 564,
490 1467 573 1507 579,
603 1469 686 1507 594,
710 1468 792 1508 597,
820 1461 902 1509 598,
922 1461 1008 1508 6083

274 1518 563 1565 provinciarum
610 1519 761 1555 Galliae
816 1520 1008 1568 inspectio

272 1577 401 1614 Natali
414 1578 684 1626 committitur,
698 1579 783 1627 605,
804 1601 826 1606 -
836 1585 877 1616 et
889 1581 1008 1617 comi-

272 1636 326 1673 tia
360 1638 586 1685 provinciae
620 1639 876 1687 Aquitaniae,
919 1640 1006 1688 609,

237 1696 244 1697 ’
269 1697 359 1745 616,
392 1697 482 1744 631,
517 1698 733 1745 Augerium
766 1699 894 1736 officio
927 1710 1004 1737 non

267 1756 527 1793 amovendum
544 1763 694 1805 censet,
708 1759 793 1804 6093
810 1758 1004 1795 Maldona·

266 1820 349 1852 tum
363 1815 521 1852 Parisiis
543 1817 705 1853 retineri
731 1817 887 1865 satagit,
914 1818 1000 1863 6133

263 1875 445 1912 Tolosam
459 1876 565 1912 adire
580 1888 657 1913 non
671 1882 812 1924 potest,
822 1877 905 1925 616,
915 1877 999 1924 617,

262 1933 346 1979 6363
366 1935 514 1983 visitat,
539 1941 579 1972 et
607 1935 761 1972 ordinat
789 1937 1000 1983 collegium

263 1993 491 2041 parisiense,
509 1994 590 2042 620,
617 1995 702 2042 621,
727 1995 810 2043 808,
831 1995 915 2042 809;
938 1997 999 2032 iti-

261 2064 353 2089 nera
361 2054 618 2100 perGalliam,
633 2054 805 2102 622·624,
823 2056 995 2104 626-628,

258 2111 343 2159 633,
360 2112 445 2160 634,
464 2113 548 2161 637,
567 2113 652 2161 639,
671 2115 756 2160 640;
776 2115 995 2152 Virdunum

258 2172 308 2207 ab
325 2172 507 2220 episcopo
523 2179 772 2221 convocatur,
799 2182 883 2219 4523
904 2185 993 2211 curn

257 2231 395 2267 eodem
412 2242 459 2267 eo
471 2232 666 2279 pervenit,
681 2233 765 2278 621;
781 2234 992 2280 collegium

256 2290 414 2334 visitat,
444 2291 572 2327 socios
607 2291 782 2339 periculo
818 2293 992 2340 contagii

254 2349 382 2396 eripit,
398 2349 479 2397 621,
501 2350 586 2395 622;
606 2351 903 2388 Camberiacum
924 2364 990 2388 ve-

253 2408 330 2456 nit,
362 2409 451 2454 6273
487 2410 643 2456 collegii
678 2410 985 2460 informationes,

251 2468 332 2514 628,
363 2469 452 2513 6293
485 2469 718 2515 Lugdunum
748 2481 791 2505 se
820 2471 985 2519 confert,

249 2526 332 2575 631,
352 2527 436 2572 633;
456 2527 694 2564 fundationis
712 2529 870 2576 collegii
886 2531 985 2567 ratio

250 2598 328 2623 non
343 2587 398 2623 illi
413 2589 552 2634 placet,
568 2588 651 2633 6203
666 2588 911 2625 Avenionem
927 2589 983 2627 ire

249 2646 486 2694 prohibetur,
503 2647 586 2692 6363
602 2647 754 2684 Galliae
772 2649 982 2695 provinciis

248 2706 415 2741 sollicite
444 2706 642 2754 prospicit,
675 2716 758 2754 219,
786 2707 870 2755 613,
894 2708 979 2756 6143

246 2765 392 2800 Romae
411 2771 650 2813 expectatur,
668 2766 798 2802 itineri
816 2779 859 2803 se
876 2779 980 2804 com-

246 2822 378 2869 mittit,
404 2823 613 2869 collegium
643 2824 866 2861 taurinense
896 2827 978 2862 obi-

244 2887 304 2918 ter
322 2882 468 2926 visitat,
490 2891 570 2931 579,
592 2884 675 2928 616,
690 2885 773 2932 617,
793 2885 876 2932 636,
891 2885 974 2921 638.

217 2961 241 2969 -
266 2952 304 2987 3.
330 2942 480 2979 Romae
502 2943 681 2979 vicarius
706 2945 900 2992 Borgiae;
921 2957 976 2981 se—

239 3012 316 3037 nex
340 3002 384 3037 in
413 3001 656 3039 Germania.
686 3004 862 3039 Absente
882 3005 975 3040 Bor-

238 3059 315 3108 gia,
337 3061 472 3097 vicarii
487 3063 684 3108 generalis
702 3075 862 3098 munere
887 3063 973 3100 fun-

237 3120 356 3168 gitur,
374 3121 546 3168 648-662,
565 3124 645 3171 814,
667 3122 748 3169 816,
775 3123 858 3171 852;
884 3134 969 3160 san-

1155 399 1307 432 ctorum
1331 396 1514 444 reliquias
1539 397 1707 444 collegio
1736 398 1891 445 majori-

1153 454 1261 490 censi
1280 455 1414 502 mittit,
1439 455 1614 502 649-651;
1639 456 1677 492 ei
1702 458 1749 493 Β.
1776 458 1893 495 Cani-

1153 513 1235 550 sius
1264 514 1314 551 de
1342 515 1470 551 officio
1495 515 1631 551 vicarii
1655 518 1890 566 gratulatur,

1151 572 1236 618 651,
1262 573 1346 621 652,
1380 574 1426 609 Ρ.
1459 573 1783 621 Christophorum
1813 577 1890 613 Ro-

1148 630 1313 678 driguez
1352 643 1442 668 cum
1482 632 1599 668 sociis
1632 634 1806 682 quinque
1840 635 1890 672 ad

1147 691 1295 727 bellum
1326 691 1516 727 turcicum
1546 691 1679 737 mittit,
1710 693 1884 743 652·654;

1144 761 1222 797 quo
1261 755 1375 797 pacto
1415 762 1556 786 munus
1595 750 1732 789 vicarii
1765 753 1887 790 adim-

1142 809 1261 855 pleat,
1282 810 1447 856 Borgiae
1462 809 1614 852 scribit,
1628 811 1801 860 654·657;
1817 813 1882 849 do-

1143 878 1248 903 murn
1267 867 1308 903 S.
1336 868 1518 904 Andreae
1542 869 1708 915 singulis
1733 871 1882 908 hebdo-

1142 926 1266 962 madis
1284 927 1431 974 visitat,
1450 928 1535 974 6553
1554 939 1692 965 currus
1710 941 1822 967 usum
1842 932 1881 969 in

1139 986 1376 1023 stationibus
1395 989 1502 1024 urbis
1525 989 1737 1026 lustrandis
1763 990 1882 1028 inter-

1138 1043 1247 1090 dicit,
1266 1045 1350 1091 6553
1370 1046 1601 1093 compendia
1620 1047 1790 1085 instituti
1811 1050 1880 1085 So-

1136 1102 1293 1140 cietatis
1307 1111 1348 1141 et
1362 1105 1447 1152 ejus
1462 1106 1756 1153 privilegiorum
1770 1109 1879 1146 ador-

1136 1163 1219 1198 nari
1237 1169 1363 1208 curat,
1377 1165 1460 1212 6563
1477 1177 1605 1201 rerum
1619 1167 1776 1214 collegii
1789 1179 1877 1215 ger-

1136 1222 1278 1258 manici
1312 1224 1502 1259 rationem
1532 1224 1698 1271 Borgiae
1731 1226 1874 1275 reddit,

1131 1282 1219 1327 656,
1236 1282 1320 1329 657,
1342 1282 1508 1328 Borgiae
1533 1283 1699 1320 virtutes
1724 1286 1872 1333 laudat,

1130 1340 1213 1387 657,
1230 1341 1314 1387 658,
1328 1341 1414 1387 661,
1424 1342 1509 1387 662;
1525 1342 1760 1389 Gregorium
1774 1345 1871 1381 XIII

1130 1400 1279 1446 invisit,
1300 1401 1349 1437 de
1366 1401 1450 1448 ejus
1469 1402 1663 1439 electione
1681 1403 1720 1440 in
1745 1405 1871 1452 ponti-

1128 1458 1285 1495 ficatum
1325 1461 1569 1506 gratulatur,
1610 1461 1868 1499 confirmatio-

1128 1530 1218 1555 nem
1233 1519 1441 1556 Societatis
1457 1521 1627 1567 postulat
1641 1526 1682 1556 et
1696 1522 1865 1566 obtinet,

1124 1578 1207 1625 659,
1226 1579 1312 1624 660;
1338 1591 1387 1615 ne
1412 1579 1508 1615 socii
1537 1579 1586 1615 ad
1613 1580 1863 1629 episcopatus

1124 1638 1332 1685 eligantur,
1361 1638 1550 1686 impedire
1580 1640 1745 1686 satagit,
1776 1640 1862 1688 660,

1122 1696 1206 1745 661,
1226 1698 1504 1734 universitates
1528 1698 1861 1736 mediolanensem

1122 1762 1163 1793 et
1190 1757 1535 1804 lotharingiensem
1562 1757 1747 1805 admittit,
1772 1759 1855 1807 815,

1120 1817 1328 1862 collegium
1347 1817 1492 1853 Fuldae
1511 1822 1551 1853 et
1568 1817 1703 1853 domos
1718 1819 1857 1865 proba-

1120 1876 1236 1912 tionis
1256 1877 1411 1912 Aronae
1429 1882 1468 1912 et
1492 1877 1645 1912 Brunae
1670 1876 1856 1926 instituit,

1117 1935 1201 1983 815,
1225 1935 1382 1972 domum
1407 1934 1621 1983 professam
1646 1935 1856 1974 Mediolani

1117 1993 1247 2041 erigit,
1272 1993 1357 2039 8153
1389 1993 1553 2040 Borgiae
1579 1994 1729 2030 obitum
1756 2006 1855 2031 nun-

1115 2053 1200 2096 tiat,
1218 2053 1304 2098 661,
1321 2054 1406 2098 6623
1425 2059 1640 2100 congregat
1657 2054 1851 2091 electores

1113 2112 1248 2149 vicarii
1273 2111 1483 2159 generalis,
1517 2111 1602 2159 662,
1638 2112 1848 2149 Polancum

1111 2172 1160 2208 de
1183 2171 1268 2219 ejus
1291 2172 1483 2208 electione
1506 2171 1711 2207 certiorem
1738 2171 1848 2220 facit,

1109 2232 1195 2280 662,
1213 2231 1297 2280 663,
1323 2232 1363 2268 in
1387 2231 1637 2268 Germaniam
1662 2232 1845 2279 mittitur,

1107 2291 1278 2338 664-6673
1310 2291 1522 2328 Bononiam
1553 2291 1726 2337 attingit,
1756 2292 1842 2337 6643

1107 2351 1259 2387 Patavii
1276 2347 1503 2398 requiescit,
1521 2349 1605 2395 665,
1624 2349 1707 2396 666,
1724 2349 1844 2387 Oeni—

1105 2415 1264 2457 pontem
1299 2415 1338 2446 et
1373 2410 1512 2444 Halam
1543 2407 1665 2452 venit,
1699 2409 1784 2456 667,
1820 2421 1842 2445 a

1103 2469 1299 2516 germanis
1317 2468 1434 2504 sociis
1453 2479 1603 2503 summa
1626 2467 1767 2503 amoris
1791 2467 1841 2504 si-

1102 2528 1351 2575 gnificatione
1376 2532 1575 2574 acceptus,
1599 2527 1771 2574 667-670,
1790 2527 1840 2563 ad

1102 2587 1352 2624 scribendum
1370 2599 1412 2623 se
1426 2586 1610 2632 accingit,
1626 2585 1746 2621 libros
1761 2586 1839 2622 sibi

1100 2658 1321 2694 comparare
1348 2646 1506 2691 satagit,
1532 2645 1616 2690 671,
1641 2645 1727 2691 674,
1750 2644 1837 2692 684,

1098 2707 1268 2753 695—700,
1288 2714 1375 2750 702,
1394 2703 1477 2750 738,
1495 2712 1581 2749 740,
1596 2712 1681 2750 741,
1698 2703 1835 2740 adhor-

1097 2765 1265 2801 tationes
1280 2763 1329 2799 ad
1343 2763 1496 2799 sodales
1510 2763 1643 2804 habet,
1659 2760 1744 2806 6833
1755 2762 1836 2798 Au-

1094 2830 1250 2871 gustam
1269 2835 1311 2860 se
1329 2822 1494 2868 confert,
1513 2821 1597 2868 6963
1619 2833 1709 2856 eum
1734 2822 1834 2858 Mer-

1094 2884 1275 2921 curianus
1289 2883 1337 2919 ad
1351 2881 1600 2918 scribendum
1614 2879 1734 2915 libros
1749 2891 1830 2915 me-

1093 2943 1325 2980 ditationum
1366 2946 1406 2976 et
1445 2945 1578 2975 contra
1611 2937 1830 2974 haereticos

1092 3002 1330 3044 adhortatur,
1345 3000 1429 3047 698,
1443 3000 1527 3045 699,
1541 3006 1624 3045 705,
1640 2996 1726 3044 706,
1737 2997 1823 3042 7083

1093 3061 1410 3098 meditationibus
1424 3059 1472 3094 de
1486 3059 1567 3094 vita
1577 3056 1724 3093 Christi
1733 3057 1825 3093 scri·

1090 3121 1229 3160 bendis
1243 3125 1283 3158 et
1297 3119 1473 3157 iconibus
1484 3115 1722 3154 illustrandis
1734 3127 1826 3165 ope-
