2228 3548
412 249 491 285 802
999 245 1138 280 EPIST.
1165 217 1216 278 P.
1239 242 1390 279 NADAL

363 353 453 393 hac
475 364 523 393 re
539 363 643 392 cum
665 345 849 390 licentia
868 347 922 390 P.
942 346 1002 389 V.
1025 343 1244 387 iudicium
1262 358 1414 388 meum
1437 342 1648 389 scribam.
1669 344 1874 401 Apparet
1899 345 2010 389 mihi

365 409 499 452 valde
517 409 721 450 futurum
738 419 795 448 ex
812 419 861 449 re
879 404 1067 447 istarum
1084 403 1439 459 prouinciarum,
1460 402 1498 446 si
1515 404 1568 447 P.
1588 403 1780 457 Natalis,
1801 404 2009 448 absoluta

363 466 639 517 visitatione,
679 465 727 507 in
749 463 821 506 his
842 463 1048 519 partibus
1085 469 1283 514 maneat,
1308 477 1401 506 non
1438 461 1537 506 sine
1568 462 1692 505 omni
1713 463 2003 517 authoritate,

364 527 446 571 sed
468 540 571 568 cum
594 538 764 580 magna
791 529 1037 578 potestate,
1069 528 1119 564 vt
1140 521 1353 565 omnibus
1388 521 1540 564 dubiis
1577 521 1743 565 nostris
1769 522 1912 578 possit
1932 537 2007 567 re-

364 585 590 641 spondere
611 591 657 627 et
679 588 942 638 praesentes
959 581 1172 637 dirigere.
1199 582 1316 625 Nam
1346 581 1592 624 admodum
1621 581 1750 625 tarde
1778 587 1928 637 potest
1950 596 2006 626 ex

365 645 477 688 vrbe
497 642 709 686 omnibus
731 640 958 694 satisfieri,
983 655 1088 684 cum
1111 647 1263 685 tamen
1291 642 1554 707 frequenter
1585 653 1700 697 opus
1737 639 1795 684 sit
1816 640 2006 684 festina-

368 703 509 769 tione,
535 701 820 769 potissimum
850 701 1030 756 quando
1058 699 1361 755 prouinciales
1384 706 1491 743 sunt
1511 699 1720 753 iuuenes,
1746 714 1904 756 parum
1926 714 2009 744 ex-

367 761 484 818 perti
507 761 729 827 rationem
759 759 1016 806 Societatis.
1058 760 1159 816 Ego
1198 760 1254 802 ab
1293 772 1309 802 1
1323 771 1339 802 1
1382 758 1585 816 Augusti
1621 758 1775 802 literas
1803 759 1950 802 nullas
1983 774 2010 803 a

369 823 421 864 P
449 822 504 865 V.
529 819 693 876 recepi.
722 819 920 863 Proinde
941 826 1143 875 optarem
1166 819 1219 862 P.
1244 818 1455 862 Natalem
1477 817 1674 862 residere
1706 818 2007 875 Antuerpiae,

370 887 420 922 vt
442 880 548 924 inde
570 894 653 923 nos
670 879 857 923 adiuuet
879 886 924 923 et
946 885 1143 931 exteros,
1161 877 1239 933 qui
1261 877 1410 934 ipsum
1431 878 1684 922 consulent.
1708 877 2010 922 Vtilissimum

368 941 457 982 hoc
478 939 564 984 erit
586 939 624 982 si
646 953 725 982 rex
748 937 978 992 adueniet‚
999 952 1103 981 cum
1121 951 1211 993 quo
1228 937 1286 980 de
1302 936 1457 980 multis
1475 938 1611 981 rebus
1628 951 1767 994 agere
1783 936 2008 994 poterit...

1148 1068 1251 1111 LIX

863 1157 911 1193 Ρ.
944 1156 1283 1193 LAURENTIUS
1309 1156 1514 1193 MAGIUS

733 1248 948 1279 SANCTO
996 1248 1311 1278 FRANCISCO
1358 1248 1426 1278 DE
1473 1248 1649 1288 BORJA

764 1318 1080 1370 Vindobonae,
1107 1330 1158 1375 19
1175 1317 1449 1361 Novembris
1472 1331 1487 1361 1
1497 1318 1581 1373 567
1604 1319 1631 1362 ¹.

629 1401 770 1436 Patris
796 1399 958 1435 Natalis
987 1399 1136 1435 scholia
1166 1400 1211 1435 in
1240 1400 1540 1436 constitutiones
1563 1401 1758 1447 postulat.

546 1474 651 1517 Una
688 1470 835 1528 gratia
873 1470 1024 1526 voglio
1062 1471 1338 1515 domandare
1375 1471 1461 1514 alla
1500 1473 1553 1514 P.
1586 1473 1642 1515 V.
1677 1486 1762 1516 con
1790 1472 2014 1517 desiderio

378 1534 525 1576 anche
546 1531 593 1574 di
615 1531 838 1575 ottenerla
860 1545 994 1573 senza
1015 1530 1265 1586 preiudizio
1289 1531 1346 1575 de
1369 1531 1579 1587 maggior
1600 1532 1732 1575 bene.
1758 1533 1807 1575 Io
1837 1532 2013 1577 ottenni

377 1592 454 1649 gia
476 1592 549 1634 dal
575 1593 625 1635 P.
653 1591 815 1634 Natale
836 1589 882 1631 di
904 1604 1013 1633 auer
1036 1589 1163 1645 copia
1186 1589 1291 1634 delli
1314 1589 1414 1633 suoi
1435 1590 1607 1646 schollij
1631 1604 1765 1647 sopra
1780 1591 1823 1636 le
1840 1591 2014 1634 consti-

377 1650 559 1703 tutioni,
599 1656 645 1694 et
684 1649 759 1706 gia
798 1663 944 1692 aueua
986 1649 1301 1692 comminciato
1343 1664 1369 1692 a
1411 1649 1783 1693 communicarmi
1820 1651 2012 1707 qualche

376 1725 500 1764 cosa3
526 1724 599 1753 ma
621 1723 752 1752 come
773 1708 895 1764 dipoi
917 1710 953 1751 s’
984 1709 1043 1751 ha
1072 1715 1197 1751 tanto
1224 1708 1469 1752 discostato
1496 1709 1555 1752 da
1576 1709 1667 1764 noi,
1687 1724 1778 1752 non
1795 1711 1854 1752 ha
1870 1717 2011 1754 auuto

375 1783 591 1814 successo
612 1769 656 1811 la
677 1782 798 1811 cosa.
826 1769 871 1810 Io
894 1782 943 1810 so
973 1774 1142 1822 quanto
1175 1768 1235 1810 m’
1266 1768 1433 1811 habbia
1461 1768 1647 1825 giouato
1675 1769 1718 1811 la
1746 1768 1936 1824 prattica
1964 1769 2009 1812 di

376 1830 482 1884 quel
513 1828 760 1872 benedetto
796 1827 939 1870 Padre
970 1834 1015 1869 et
1047 1827 1474 1880 communicatione,
1500 1828 1586 1870 alla
1608 1827 1869 1884 cognitione
1902 1829 2006 1872 dell’

375 1888 603 1939 instituto,
629 1887 735 1943 quel
756 1900 870 1942 poco
893 1885 938 1928 di
968 1893 1134 1942 tempo,
1165 1888 1249 1929 che
1279 1887 1307 1928 l'
1342 1901 1460 1929 anno
1493 1893 1671 1942 passato
1704 1887 1768 1929 fui
1801 1901 2010 1932 conseco.

377 1947 545 1991 Taccio
567 1946 598 1989 il
620 1952 773 2003 gusto,
800 1945 917 1989 che
906 1959 949 1988 10
972 1945 1144 2002 piglio
1134 1961 1181 1988 m
1203 1952 1364 2001 questo
1386 1945 1552 1998 studio,
1578 1947 1662 1989 che
1691 1953 1811 1990 tutto
1839 1946 1906 1990 sia
1933 1961 2013 2003 per

377 2007 411 2049 il
433 2008 550 2050 bene
571 2018 780 2049 comune.
802 2006 849 2047 Io
867 2005 1044 2048 confido
1068 2007 1152 2049 che
1173 2005 1216 2048 la
1240 2007 1292 2048 P.
1319 2006 1375 2048 V
1398 2019 1489 2048 non
1508 2006 1751 2050 manchera
1769 2005 1814 2049 di
1832 2020 2015 2062 promo-

378 2080 489 2110 uere
512 2071 673 2121 questo
694 2056 846 2107 studio
868 2079 946 2119 per
968 2064 997 2106 il
1021 2065 1204 2120 profitto
1227 2066 1372 2108 anche
1394 2063 1498 2107 delli
1521 2064 1664 2107 nostri
1686 2064 1731 2107 di
1754 2080 1858 2120 qua,
1891 2065 2017 2109 accio

380 2126 507 2169 siano
531 2123 699 2180 meglio
720 2123 969 2166 indrizzati.
999 2123 1150 2167 Pero
1139 2138 1181 2166 ιο
1205 2138 1348 2179 prego
1370 2124 1413 2166 la
1437 2126 1489 2166 P.
1516 2125 1573 2167 V.
1600 2123 1645 2166 di
1674 2138 1812 2167 cuore
1842 2126 1930 2168 che
1958 2125 2019 2168 mi

379 2184 524 2227 faccia
546 2186 715 2226 hauere
744 2197 834 2225 una
862 2182 990 2238 copia
1018 2183 1063 2225 di
1097 2183 1203 2226 tutti
1235 2182 1373 2238 quelli
1405 2182 1595 2238 schollij‚
1631 2185 1716 2226 che
1747 2199 1840 2227 non
1874 2184 2020 2228 ande-

382 2257 525 2286 ranno
548 2242 664 2285 fuori
686 2241 732 2284 di
755 2241 843 2284 mia
864 2256 1014 2295 mano,
1040 2248 1085 2286 et
1107 2242 1167 2285 mi
1190 2257 1384 2286 saranno
1407 2241 1452 2284 di
1475 2243 1614 2285 molta
1636 2242 1800 2296 utilita,
1822 2243 2017 2288 maxime

379 2305 465 2346 che
487 2316 573 2345 con
595 2303 624 2344 l'
650 2314 801 2344 essere
824 2308 949 2343 tanto
971 2302 1174 2354 lontano,
1201 2316 1291 2344 non
1310 2301 1347 2344 si
1365 2303 1455 2357 puo
1474 2301 1733 2346 facilmente
1751 2316 1837 2345 con
1853 2303 2015 2347 lettere

381 2362 599 2405 risoluere
622 2359 728 2403 tutti
752 2360 815 2416 gli
837 2360 959 2415 dubij
986 2361 1240 2404 occorrenti
1262 2360 1309 2403 in
1339 2362 1400 2403 tal
1427 2360 1631 2406 materia.
1663 2363 1721 2404 Et
1748 2376 1797 2405 se
1818 2362 1919 2405 sara
1942 2361 2014 2405 bi—

378 2435 529 2477 sogno
553 2421 647 2463 fare
669 2434 802 2475 spesa
822 2419 896 2462 nel
917 2419 1131 2474 copiarlo,
1157 2435 1248 2463 non
1271 2420 1308 2463 si
1337 2420 1518 2463 manchi
1547 2420 1714 2476 percio,
1746 2423 1831 2465 che
1859 2420 2012 2464 auisa-

383 2486 505 2532 tone,
527 2479 742 2522 mandere
762 2478 943 2521 subbito
967 2478 998 2520 il
1020 2478 1251 2534 riccapito,
1270 2486 1316 2523 et
1334 2478 1492 2523 haurei
1515 2480 1728 2523 mandato
1745 2481 1859 2523 hora
1876 2477 2011 2523 alcun

380 2539 569 2590 danaro,
600 2540 636 2581 s’
661 2537 844 2581 hauessi
872 2538 1075 2591 creduto,
1109 2541 1194 2583 che
1224 2538 1261 2581 si
1291 2540 1386 2581 fara
1414 2538 1566 2594 copiar
1598 2538 1629 2580 il
1659 2539 1775 2581 libro
1807 2540 1865 2581 da
1892 2540 2015 2582 fora-

382 2597 520 2641 stiera
538 2610 746 2653 persona,
767 2603 812 2641 et
830 2611 922 2639 non
938 2596 983 2638 in
1002 2610 1121 2650 casa3
1137 2605 1182 2640 et
1199 2612 1291 2640 non
1309 2598 1557 2654 potendose
1573 2599 1787 2641 mandare
1806 2604 1925 2640 tutto
1943 2598 2015 2640 in—

382 2656 540 2711 sieme,
581 2656 619 2699 si
656 2657 878 2712 potrebbe
915 2656 1191 2709 successiue,
1231 2671 1311 2713 per
1349 2656 1686 2713 quaterniones,
1718 2672 1798 2713 per
1834 2656 1909 2700 via
1945 2658 2020 2700 del

383 2716 546 2759 nuntio
569 2714 831 2772 apostolico,
857 2714 1217 2759 comminciando
1240 2717 1358 2759 dalla
1389 2716 1457 2770 35²
1486 2722 1613 2772 parte
1645 2717 1762 2760 delle
1793 2715 2021 2759 constitu-

385 2773 497 2817 tioni
519 2775 591 2817 ²...
618 2775 676 2818 Di
700 2773 894 2826 Vienna,
921 2773 994 2816 alli
1023 2787 1073 2831 19
1095 2775 1140 2817 di
1163 2776 1425 2820 Nouembre
1459 2776 1585 2830 1567.
1617 2775 1677 2819 Di
1706 2777 1763 2819 V.
1798 2777 1850 2819 P.
1888 2789 2023 2819 seruo

387 2840 432 2876 et
454 2833 581 2890 figlio
605 2848 662 2877 en
679 2835 791 2891 Jesu
812 2832 914 2885 X.⁰‚

1303 2894 1533 2937 LORENZO
1566 2895 1781 2937 MAGGIO.

459 2988 469 3008 ¹
519 2988 578 3021 Ex
597 2986 850 3032 autographo,
870 2985 911 3021 in
933 2984 1031 3022 Cod.
1056 2996 1106 3029 29
1121 2987 1184 3034 g),
1204 2998 1246 3022 n.
1271 2995 1334 3032 54.
1358 2987 1459 3023 Vide
1477 2999 1567 3034 pag.
1590 2996 1673 3034 551,
1693 2993 1733 3023 et
1751 2995 1837 3034 575.

455 3047 468 3067 ²
519 3045 578 3081 En
594 3056 824 3092 responsum
842 3043 1009 3090 Borgiae
1028 3044 1117 3080 huic
1136 3046 1324 3092 epistolae
1343 3046 1472 3083 datum
1493 3047 1556 3083 die
1578 3055 1621 3093 19
1648 3047 1879 3084 Decembris
1913 3048 2017 3094 1567:
