2228 3548
955 300 1176 336 Appmzmx
1197 350 1206 363 ·
1462 330 1465 334 ,
1760 299 1832 345 767

242 404 370 448 detto
386 402 690 446 instrumento
707 401 1001 446 autentieata.
1024 402 1160 458 Qual'
1180 401 1500 454 instrumento,
1521 401 1716 446 essendo
1733 408 1886 445 accet-

246 469 343 506 tato
364 463 422 505 da
442 460 517 514 lei,
542 462 738 504 hauemo
760 461 970 505 ordinato
991 462 1033 505 al
1056 468 1212 504 nostro
1240 468 1406 518 agente
1424 463 1508 504 che
1542 461 1656 504 faeci
1679 461 1774 506 fare
1796 475 1888 504 una

248 536 369 565 noua
389 520 564 564 minuta
585 520 631 562 di
654 522 732 563 un’
756 525 878 564 motu
902 521 1094 577 proprio
1125 520 1172 563 in
1193 521 1344 575 quella
1369 520 1445 576 pisi
1467 521 1616 576 ampla
1637 527 1683 564 et
1704 520 1892 565 efficaee

250 582 395 625 forma
415 582 500 623 che
522 579 559 623 si
582 582 726 636 poter
751 580 782 622 il
803 581 936 636 quale
957 580 1204 636 completta
1224 586 1498 624 stesamente
1521 586 1642 623 tutto
1671 579 1702 622 il
1730 586 1891 624 tenore

250 640 298 684 di
318 654 420 684 esso
440 639 760 684 instrumento,
784 641 841 683 V.
864 642 916 683 P.
934 641 1009 692 R.‚
1034 640 1247 684 hauendo
1269 640 1326 682 da
1347 638 1461 682 dirci
1481 653 1615 695 sopra
1631 653 1738 683 cosa
1759 640 1886 682 alcu-

252 715 327 752 na,
353 706 654 755 aspettaremo
675 699 720 740 di
741 698 812 742 cio
829 713 912 743 sue
928 698 1093 750 littere,
1113 713 1139 741 a
1155 699 1247 741 fine
1263 699 1367 751 che,
1387 705 1558 754 quanto
1576 698 1736 754 prima,
1759 712 1813 742 ce
1828 713 1889 742 ne

250 758 478 816 possiamo
495 758 726 810 risoluere,
747 765 792 802 et
807 758 956 801 diamo
973 758 1077 813 quel
1094 758 1184 801 fine
1201 759 1286 801 che
1299 772 1380 814 per
1395 759 1507 801 hora
1523 757 1560 800 si
1577 761 1668 813 puo
1686 773 1712 801 a
1726 764 1892 813 questa

252 832 389 875 opera
410 817 505 861 cosi
542 817 814 869 necessaria,
838 816 1152 861 rimettendoci
1174 818 1249 861 nel
1271 824 1392 860 resto
1424 832 1451 860 3
1486 817 1678 872 quel’di
1700 817 1778 873 pisi
1799 818 1887 860 che

251 880 408 921 haran’
434 877 592 920 scritto
613 876 645 919 li
665 875 862 933 predetti
880 878 974 920 ΡΡ.
995 876 1156 932 Ν3ῒ316
1172 883 1218 919 et
1240 876 1439 920 Canisio.
1461 878 1518 919 Et
1539 876 1614 919 noi
1636 891 1717 933 per
1738 877 1830 921 fine
1845 875 1888 919 ci

249 937 624 981 raecomandamo
647 951 673 979 a
694 935 750 979 lei
771 943 817 979 et
838 950 865 978 a
886 942 1004 978 tutta
1025 936 1068 978 la
1090 927 1387 991 Compagnia.
1413 935 1473 979 Di
1490 935 1692 992 Dilinga,
1716 935 1746 978 li
1770 949 1885 979 XXXI

249 995 478 1053 d1Lugho
496 1009 544 1038 M.
566 1010 613 1039 D.
635 994 911 1039 LXV1.DiV.
929 997 980 1038 P.
998 996 1058 1038 R.
1084 994 1500 1038 affetionatissimo
1490 1010 1535 1037 1n
1552 997 1670 1051 Xpo.
1692 996 1891 1048 fratello,

964 1055 1012 1097 11.
1044 1068 1284 1098 CARmNAL
1318 1052 1362 1097 D'
1394 1055 1649 1098 AUGUSTA.

341 1115 585 1169 Inscriptio
620 1114 672 1156 in
705 1116 871 1169 quarta
894 1114 1093 1170 pagina:
1130 1113 1190 1156 Al
1212 1113 1351 1156 molto
1374 1114 1487 1156 Rdo.
1515 1114 1560 1156 in
1590 1112 1773 1156 Christo
1796 1113 1888 1156 fra-

255 1174 382 1226 tello,
422 1173 454 1215 il
493 1175 545 1216 P.
581 1174 617 1216 F
620 1186 832 1216 raneesco
871 1171 1059 1229 Borgia,
1099 1173 1313 1228 generale
1350 1173 1468 1215 della
1489 1172 1773 1228 Compagnia
1810 1172 1889 1216 del

251 1235 378 1291 Jesu,
399 1240 487 1276 etc
510 1234 557 1275 In
575 1233 740 1275 Roma.
754 1231 862 1274 Alia
879 1246 1037 1274 manu.-
1066 1232 1192 1286 1566.
1209 1231 1409 1287 Dilinga.
1431 1233 1536 1275 Car.
1545 1233 1575 1259 ¹⁶
1590 1232 1636 1274 di
1655 1233 1889 1288 Augusta.

261 1305 312 1347 31
338 1292 384 1335 di
406 1291 586 1348 Luglio.
609 1291 768 1348 Sigilli
790 1292 1091 1347 vestigium...

1017 1403 1126 1448 XVI

393 1481 462 1516 EX
498 1479 732 1516 LITTERIS
769 1479 967 1517 ANNUIS
1001 1479 1246 1518 COLLEGII
1282 1474 1755 1518 INGOLSTADIENSIS

673 1545 958 1603 Ingolstadii,
982 1560 1137 1590 mense
1158 1546 1280 1604 Julio
1307 1547 1419 1601 1566
1445 1548 1472 1590 ¹.

780 1628 944 1664 Natalis
960 1629 1174 1677 collegium
1194 1629 1368 1676 inspicit.

353 1709 465 1753 ...Et
493 1706 600 1749 huic
634 1706 816 1763 quidem
846 1705 1041 1763 collegio
1063 1707 1483 1764 multumpraesidii
1500 1714 1546 1751 et
1563 1707 1678 1751 lucis
1700 1708 1894 1752 accessit

260 1782 366 1811 cum
390 1781 472 1810 sua
494 1766 625 1809 nobis
647 1765 835 1809 consilia
856 1773 902 1810 et
922 1766 1196 1810 doeufnenta
1217 1766 1425 1822 praebuit
1447 1768 1588 1810 Rdus.
1618 1769 1668 1811 P.
1695 1767 1887 1811 Natalis.

261 1828 313 1871 In
335 1826 473 1869 huius
496 1826 697 1869 aduentu
724 1826 865 1868 multa
894 1826 1124 1881 praeclare
1152 1825 1420 1879 constituta,
1445 1826 1807 1882 exhomologesis
1835 1828 1894 1870 ab

263 1885 475 1929 omnibus
498 1885 639 1937 facta,
665 1898 718 1927 ac
739 1883 971 1940 religionis
1002 1891 1111 1928 uota
1137 1884 1431 1941 omniumque
1458 1887 1595 1929 corda
1624 1886 1668 1929 in
1696 1885 1895 1929 Domino

264 1945 481 1989 innouata
498 1943 694 1987 simulet
711 1943 976 1986 confirmata
993 1944 1193 1988 fuerunt.
1213 1945 1376 1989 Seruet
1391 1945 1469 1988 diu
1486 1945 1750 2000 nobisDeus
1767 1946 1897 1988 hunc

264 2003 666 2061 prudentissimum
689 2009 735 2046 et
757 2002 1084 2062 amplissimum
1104 2002 1439 2050 visitatorem...

1015 2117 1144 2160 XVII

806 2206 852 2243 B.
879 2204 1082 2241 PETRUS
1110 2204 1350 2243 CANISIUS

629 2297 842 2328 SANCTO
885 2296 1201 2327 FRANCISCO
1244 2297 1312 2328 DE
1355 2298 1531 2338 BORJA

694 2369 975 2427 Ingolstadii,
1007 2382 1058 2413 10
1079 2369 1283 2426 Augusti
1304 2382 1321 2414 1
1330 2371 1416 2426 566
1432 2372 1463 2414 ².

814 2458 873 2494 De
890 2458 1058 2506 collegio
1074 2457 1350 2506 herbipolensi.

444 2537 495 2579 In
523 2536 595 2580 his
622 2536 756 2579 uideo
784 2536 1072 2579 difficultates
1099 2536 1230 2579 nobis
1259 2551 1518 2593 superesse,
1545 2539 1602 2580 ad
1631 2552 1743 2592 quas
1771 2552 1899 2581 amo-

269 2595 443 2640 liendas
464 2595 721 2638 consultum
743 2609 831 2651 ego
853 2602 1082 2651 putarem,
1108 2602 1157 2638 ut
1181 2597 1232 2639 P.
1257 2595 1461 2640 visitator
1493 2612 1585 2640 non
1614 2597 1759 2641 adiret
1789 2611 1897 2653 pro-

269 2654 468 2698 uinciam
489 2655 778 2706 rhenensem,
802 2653 888 2697 nisi
910 2654 1108 2698 salutato
1129 2653 1342 2712 episcopo
1364 2655 1668 2710 herbipolensi
1687 2657 1719 2707 ³,
1746 2663 1796 2698 ut
1818 2670 1896 2699 co-

269 2728 364 2757 ram
387 2713 483 2769 ipse
504 2713 727 2769 intelligat
749 2727 802 2756 ac
822 2712 1014 2765 iudicet,
1040 2712 1148 2769 quid
1169 2714 1226 2757 ad
1247 2714 1460 2758 maiorem
1489 2715 1575 2759 Dei
1597 2715 1786 2771 gloriam
1810 2715 1901 2759 So-

267 2773 408 2817 cietas
436 2779 590 2815 nostra
617 2773 735 2815 ferre
764 2786 817 2815 ac
848 2771 1111 2828 promittere
1143 2773 1324 2817 habeat.
1349 2774 1515 2818 Dictus
1538 2776 1590 2818 P.
1617 2774 1896 2819 Rabanstain

339 2907 350 2928 ¹
402 2908 461 2943 Ex
482 2906 576 2943 Cod.
597 2917 648 2953 29
657 2907 719 2954 s)
738 2919 782 2943 n.
805 2906 871 2943 231
893 2906 1008 2954 (326)

340 2969 354 2989 ²
404 2967 463 3002 Ex
487 2967 713 3013 archetypo,
740 2966 780 3002 in
805 2967 934 3013 Epist.
965 2966 1137 3015 canisii,
1155 2968 1200 3012 II,
1229 2967 1296 3014 173
1313 2968 1428 3015 (324).
1455 2969 1556 3004 Vide
1580 2980 1672 3016 pag.
1706 2968 1786 3014 133;
1813 2967 1902 3015 382;

270 3031 311 3061 et
328 3034 627 3121 4³14F1·idericus
645 3097 667 3121 3
686 3085 905 3132 Wirsberg.
