2228 3548
961 312 1183 348 Apiummx
1767 318 1841 356 779

243 412 401 458 sertim
425 428 481 458 ex
503 412 646 457 literis
670 416 723 458 P.
746 413 991 458 visitatoris
1011 420 1058 457 et
1078 412 1195 457 Rmi.
1215 412 1385 457 domini
1402 411 1733 469 herbipolensis
1751 412 1781 454 ¹.
1802 409 1889 455 Di-

246 487 348 517 cam
372 479 418 517 et
440 486 529 529 ego
550 473 721 529 aliquid
743 473 789 516 in
811 481 1018 530 separato
1046 472 1230 529 scripto.

337 533 476 588 Quod
497 532 554 574 ad
576 547 741 576 nouam
763 533 1077 577 difficultatem
1099 531 1230 576 nobis
1250 531 1480 585 iniectam,
1505 544 1563 573 ne
1589 530 1892 573 absoluantur

248 591 429 647 relapsi,
456 591 635 644 attinet,
667 592 761 635 scio
789 592 1024 648 scripsisse
1052 593 1106 635 P.
1137 593 1346 636 Natalem
1374 590 1632 647 diligenter:
1663 588 1821 632 scribit
1840 595 1889 633 et

248 652 407 699 Rmus,
432 652 490 694 D.
516 651 757 694 cardinalis
779 652 793 672 ³
818 651 862 694 in
886 652 1059 695 vrbem.
1081 652 1179 694 Nec
1199 651 1375 704 dubito,
1400 650 1510 706 quin
1540 651 1593 692 P.
1626 650 1683 692 V.
1715 647 1884 691 intelli·-

247 716 330 767 gat
356 709 466 753 satis
499 717 719 765 quantum
752 710 937 767 angoris
958 717 1004 755 et
1032 709 1221 767 periculi
1243 725 1299 754 ex
1319 711 1408 752 hac
1439 708 1706 752 difficultate
1734 706 1885 751 redire

246 768 390 825 possit
411 770 468 812 ad
490 776 670 813 nostros
691 769 1008 822 confessarios,
1029 769 1193 824 quibus
1211 776 1302 812 tam
1321 769 1534 824 frequens
1551 781 1684 810 casus
1700 767 1757 811 de
1772 768 1884 811 hae-

244 829 331 872 resi
355 829 477 884 apud
498 842 742 885 germanos
763 829 1015 872 occurrit...
1042 829 1179 873 Certe
1199 843 1411 885 magnam
1428 827 1659 883 capiemus
1675 826 1884 869 consola-

245 888 431 940 tionem,
457 902 560 931 cum
586 888 778 944 primum
817 888 1090 944 accipiemus
1113 889 1197 930 hac
1219 887 1266 930 in
1293 894 1421 944 parte
1442 885 1609 929 nostris
1641 899 1743 930 esse
1770 898 1883 927 con-·

245 948 590 1002 cessum,·quod
611 948 669 990 ob
698 946 855 990 anxias
883 954 1059 990 tantum
1087 946 1388 991 conscientias
1416 945 1640 989 iuuandas
1667 943 1880 1000 petimus.

244 1007 341 1050 Nec
363 1006 421 1049 sit
443 1021 568 1049 mora
590 1021 760 1062 quaeso
782 1006 828 1049 in
850 1006 1045 1062 petenda
1067 1005 1268 1062 gratia...
1293 1005 1508 1061 Dilingae
1525 1004 1703 1046 sublata
1722 1002 1877 1047 uiden-

245 1073 319 1108 tur
340 1065 677 1121 impedimenta‚
702 1080 818 1122 quae
843 1067 895 1108 P.
920 1066 1098 1121 Gaspar
1120 1066 1134 1086 ³
1158 1072 1205 1108 et
1220 1067 1278 1108 D.
1305 1066 1474 1108 Torrez
1492 1064 1506 1084 ⁴
1531 1069 1881 1105 annotauerant.

245 1126 383 1169 Suam
406 1125 524 1168 enim
547 1139 728 1181 operam
751 1123 1021 1180 interposuit
1043 1125 1096 1167 P.
1123 1123 1313 1175 Natalis,
1339 1130 1384 1167 et
1414 1122 1670 1165 ministrum
1698 1121 1788 1163 illic
1810 1121 1882 1163 in-

246 1183 394 1227 stituit
417 1186 470 1227 P.
500 1183 753 1241 Georgium
782 1185 814 1237 5,
846 1183 923 1239 qui
951 1183 1085 1226 simul
1113 1182 1262 1226 studia
1278 1195 1623 1237 nonnumquam
1652 1187 1814 1224 tractet
1836 1187 1883 1224 et

246 1243 453 1310 absoluat
490 1258 634 1300 usque
670 1244 728 1286 ad
757 1243 949 1300 gradum
978 1243 1158 1286 futurae
1187 1241 1497 1298 promotionis,
1529 1241 1566 1283 si
1602 1241 1654 1283 P.
1688 1241 1743 1283 V.
1777 1254 1885 1295 per·

247 1309 446 1346 mittat...
1879 1319 1882 1321 ’

982 1414 1137 1457 ΧΧΧΙ

786 1503 831 1539 Β.
859 1501 1062 1539 PETRUS
1088 1500 1333 1539 CANISIUS

605 1594 820 1625 SANCTO
867 1593 1182 1625 FRANCISCO
1230 1593 1301 1623 DE
1349 1592 1525 1632 BORJA

645 1671 903 1726 Augustae,
935 1682 987 1723 14
1009 1668 1276 1712 Decembris
1304 1668 1415 1723 1566
1437 1669 1470 1710 ⁶.

788 1759 850 1794 De
867 1758 1035 1806 collegio
1052 1757 1334 1804 herbipolensi.

337 1837 461 1880 Nihil
497 1835 656 1879 dubito
692 1836 779 1879 iam
818 1836 968 1879 isthuc
1005 1849 1105 1879 esse
1141 1833 1460 1891 perscriptum,
1504 1835 1555 1876 P.
1602 1831 1880 1875 visitatorem

249 1898 307 1939 D.
333 1897 560 1948 Natalem,
587 1897 638 1939 P.
662 1895 882 1940 Ximenez
904 1903 950 1939 et
971 1910 1042 1938 me
1064 1894 1198 1938 simul
1220 1908 1322 1938 esse
1342 1893 1582 1950 profectos
1613 1892 1670 1934 ad
1698 1893 1880 1934 Rmum.

250 1954 613 2011 herbipolensem
640 1957 670 2007 ⁷,
695 1970 721 1998 a
743 1969 833 2010 quo
855 1954 1114 1998 humaniter
1135 1952 1316 2008 quidem
1338 1967 1497 1996 sumus
1518 1965 1677 1994 omnes
1700 1950 1879 2006 accepti

248 2021 386 2069 atque
407 2014 592 2057 dimissi.
620 2014 697 2057 Bis
719 2028 808 2070 ego
831 2029 930 2056 sum
953 2013 1015 2055 illi
1037 2012 1349 2063 concionatus,
1375 2011 1420 2054 in
1444 2024 1548 2054 arce
1566 2009 1776 2052 nimirum
1796 2022 1877 2051 co-

248 2088 341 2116 ram
365 2074 539 2125 aulicis,
559 2080 605 2116 et
621 2073 668 2115 in
686 2073 876 2117 ecclesia
893 2071 1154 2115 cathedrali.
1177 2073 1247 2115 De
1263 2071 1458 2127 collegio
1476 2068 1795 2124 herbipolensi,
1815 2083 1873 2111 an

247 2140 293 2174 et
313 2133 540 2187 quomodo
562 2132 889 2175 instituendum
913 2131 1023 2174 illud
1046 2138 1180 2183 esset,
1206 2130 1450 2187 praecipua
1471 2144 1579 2172 cura
1608 2127 1738 2170 nobis
1770 2126 1872 2178 fuit,

249 2198 294 2235 et
315 2193 528 2246 frequens
550 2204 653 2234 cum
676 2192 836 2234 eodem
859 2192 988 2233 Rmo.
1014 2190 1202 2245 eiusque
1218 2189 1486 2233 cancellario
1506 2185 1712 2230 tractati'o
1731 2186 1878 2230 inter-

251 2250 403 2294 cessit.
432 2252 481 2293 P.
509 2249 681 2293 Natalis
703 2250 921 2294 rationem
945 2249 1138 2292 instituti
1166 2248 1307 2292 nostri
1330 2263 1421 2298 non
1445 2248 1590 2291 solum
1625 2244 1872 2302 proposuit,

250 2309 330 2352 sed
351 2308 486 2353 etiam
511 2309 622 2351 ursit
644 2308 902 2365 diligenter.
936 2310 992 2351 Et
1020 2323 1187 2365 graues
1215 2307 1397 2364 quidem
1432 2321 1596 2350 causae
1626 2305 1877 2348 offerebant

251 2383 366 2420 sese,
392 2382 473 2411 cur
495 2368 950 2424 putaremusbonum
971 2368 1234 2424 episcopum
1257 2382 1340 2411 sua
1361 2381 1441 2423 spe
1461 2374 1506 2408 et
1523 2373 1646 2408 certa
1663 2370 1878 2418 expecta-

253 2427 375 2470 tione
402 2429 459 2471 de
486 2427 617 2469 nobis
644 2435 884 2482 concepta,
919 2427 1164 2482 multisque
1195 2427 1325 2470 annis
1355 2427 1638 2473 confirmata,
1676 2429 1777 2478 post
1810 2429 1878 2464 tot

252 2493 491 2541 tantosque
512 2494 720 2541 sumptus
741 2486 787 2528 in
810 2486 991 2542 collegii
1008 2494 1054 2530 et
1070 2487 1254 2530 scholae
1270 2493 1542 2529 structuram
1561 2483 1765 2532 collatos,
1787 2481 1874 2522 rni-

253 2545 371 2588 nime
400 2546 710 2588 frustrandum
743 2559 856 2588 esse.
899 2546 1103 2588 Tandem
1139 2545 1282 2601 igitur
1314 2552 1502 2589 uentum
1536 2549 1604 2584 est
1637 2541 1693 2583 ad
1725 2547 1878 2583 certos

250 2604 480 2656 articulos,
514 2604 679 2659 quibus
706 2604 849 2649 ueluti
872 2619 1050 2647 summa
1072 2604 1210 2647 totius
1231 2604 1407 2661 negotii
1428 2604 1485 2645 de
1508 2599 1756 2650 fundando,
1792 2599 1877 2641 do-

253 2664 388 2706 tando
409 2670 455 2706 et
477 2663 732 2706 inchoando
753 2663 946 2720 collegio
967 2663 1442 2719 comprehenderetur,
1464 2668 1513 2703 ut
1532 2659 1746 2713 utrinque
1763 2672 1874 2700 con-

249 2729 405 2774 staret,
432 2730 522 2764 tam
545 2737 601 2766 ex
623 2722 760 2775 Rmi.,
791 2737 927 2777 quam
949 2730 1103 2765 nostra
1125 2730 1268 2779 parte,
1300 2722 1409 2778 quid
1431 2722 1487 2764 ad
1510 2734 1608 2763 eam
1637 2732 1732 2761 rem
1755 2718 1879 2759 facto

319 2859 327 2878 ¹
380 2858 602 2893 Fridericus
620 2870 642 2893 a
667 2857 901 2908 Wirsbergffi
1149 2861 1164 2881 ²
1215 2858 1310 2896 Otto
1327 2858 1545 2893 Truchsess
1564 2854 1613 2889 de
1634 2852 1872 2898 waldburg.

317 2918 331 2938 ³
349 2935 352 2937 >
382 2917 534 2963 Gaspar
551 2917 794 2964 Haywodus.
901 2930 906 2938 ·
1152 2919 1167 2939 ⁴
1217 2917 1482 2963 Hieronymus
1501 2915 1660 2949 Torres.

319 2978 334 2998 ⁵
383 2976 523 3012 Bader.
544 2977 644 3012 Vide
663 2987 756 3023 pag.
783 2985 863 3022 159,
883 2982 1016 3012 annot.
1037 2976 1072 3012 3.

319 3036 334 3057 ⁶
385 3036 442 3069 Ex
460 3036 684 3082 archetypo,
705 3036 746 3070 in
764 3035 894 3082 Epis-t.
917 3034 1088 3079 Canisii,
1108 3035 1156 3079 11,
1181 3035 1247 3071 182
1266 3036 1383 3081 (107).
1403 3033 1504 3069 Vide
1522 3043 1611 3079 pag.
1631 3030 1714 3074 3823
1734 3034 1774 3065 et
1791 3037 1878 3073 414.

321 3098 335 3117 ⁷
386 3094 607 3130 Fridericus
625 3106 647 3130 a
666 3094 886 3140 Wirsberg.
