2228 3548
878 318 920 344 12
945 309 1193 345 Daczussms
1222 309 1313 354 1566
1357 300 1359 302 ’
1792 308 1864 345 333

276 410 535 455 hauerebbe
554 409 600 453 di
635 410 840 453 mandar'
874 424 982 463 uno,
1015 417 1061 455 et
1082 410 1126 454 13
1147 411 1203 455 P.
1242 411 1299 455 V.
1326 410 1364 454 si
1385 410 1612 454 ricordara
1633 413 1718 455 che
1745 412 1909 456 voleua

277 487 482 547 mandar’
505 486 595 538 dni,
615 493 662 530 et
678 501 769 530 non
785 489 845 530 ha
866 487 1080 531 mandato
1097 501 1148 532 se
1163 501 1255 531 non
1271 501 1363 531 vno
1378 502 1460 545 per
1474 487 1775 545 philosophia;
1796 495 1842 532 et
1858 502 1910 532 se

280 563 357 621 gia
377 564 528 620 quello
547 565 633 627 che
653 566 786 608 uerra
807 579 888 620 per
911 564 1110 621 supplire
1137 578 1216 621 per
1245 564 1435 610 Simone
1455 579 1548 608 non
1576 564 1666 608 fusi
1694 579 1908 610 necessa·

278 640 361 694 rio,
385 641 638 698 puotrebbe
674 633 846 686 seruire
882 656 962 698 per
982 642 1013 683 l’
1052 656 1172 685 anno
1193 643 1279 687 che
1315 641 1448 687 viene
1474 657 1556 699 per
1577 642 1832 700 Herbipoli,
1858 657 1907 688 se

278 718 383 773 quel
403 717 593 775 negocio
615 717 653 761 si
674 719 908 762 conclude.
935 720 993 761 Et
1014 725 1175 774 questo
1197 726 1369 774 quanto
1392 734 1419 762 a
1445 719 1648 776 Dilinga‚
1674 719 1906 764 lasciando

276 795 390 840 altre
410 809 532 847 cose,
558 795 678 850 quali
699 809 790 838 non
811 795 871 838 mi
888 809 996 852 pare
1016 809 1141 840 esser
1161 795 1418 840 necessario
1435 795 1646 840 scriuere.

369 882 410 927 5.
475 874 578 916 Due
600 886 720 924 cose,
747 873 910 925 Padre‚
935 874 1118 916 haueuo
1138 872 1346 916 lasciat0:
1370 873 1414 916 13
1434 887 1525 916 vna
1544 875 1630 917 che
1650 875 1906 918 haueuamo

276 948 517 1006 designato
539 949 585 992 di
608 950 674 992 far
695 949 926 993 licentiato
956 949 1002 992 in
1025 948 1256 1005 theologia
1284 964 1311 992 a
1339 951 1477 993 Mtro.
1503 949 1713 1007 Giorgio,
1738 952 1906 1007 perche

275 1025 413 1068 habbi
436 1026 644 1082 maggior
665 1025 893 1069 authorita
914 1026 1123 1070 venendo
1144 1040 1171 1069 a
1193 1025 1428 1082 Herbipoli
1451 1040 1460 1079 ;
1486 1041 1558 1070 ma
1586 1026 1711 1083 dipoi
1738 1027 1799 1069 mi
1822 1042 1906 1071 son

277 1102 517 1155 ricordato,
543 1105 627 1147 che
647 1103 691 1146 13
713 1104 766 1146 P.
792 1104 848 1147 V.
875 1104 935 1146 ha
956 1103 1063 1146 dato
1095 1104 1173 1145 un’
1197 1102 1355 1146 ordine
1377 1117 1404 1146 a
1436 1105 1572 1146 Mtro.
1594 1103 1795 1157 Canisio,
1819 1107 1903 1148 che

276 1194 384 1236 pare
401 1181 630 1236 generale,
650 1183 700 1222 ut
715 1180 870 1222 nullus
879 1182 1209 1235 promoueatur
1222 1179 1282 1222 ad
1294 1180 1501 1237 gradum
1520 1181 1717 1236 aliquem
1741 1183 1749 1203 ¹
1770 1196 1905 1225 senza

279 1257 523 1300 consultar'
553 1258 596 1300 13
624 1259 677 1301 Ρ.
704 1258 781 1310 V.,
812 1263 859 1300 et
878 1256 987 1313 96τό
1008 1257 1069 1299 110
1096 1256 1254 1300 scritto
1276 1270 1302 1300 a
1332 1258 1466 1301 Mtro.
1492 1256 1676 1300 Canisio
1704 1259 1789 1302 che
1811 1272 1902 1302 non

278 1334 452 1377 saccino
480 1334 645 1390 quello,
677 1349 727 1379 se
754 1348 847 1377 non
873 1334 964 1377 co’l
990 1347 1212 1377 consenso
1239 1334 1356 1378 della
1386 1335 1439 1378 P.
1465 1334 1521 1378 V.
1544 1334 1599 1378 L'
1623 1335 1735 1378 altra
1758 1337 1783 1378 6
1804 1335 1900 1378 dar’

275 1410 499 1468 raggione
520 1412 686 1467 perche
708 1411 813 1455 delli
834 1410 1007 1468 sugetti
1028 1410 1187 1456 venuti
1217 1412 1274 1455 da
1302 1412 1446 1454 Roma
1466 1425 1558 1454 non
1579 1413 1616 1454 s’
1641 1412 1666 1455 e
1688 1412 1903 1455 mandato

273 1488 396 1531 nullo
418 1487 465 1530 in
486 1487 688 1542 Austria;
714 1495 759 1533 et
781 1488 806 1532 6
828 1489 871 1531 13
886 1502 1024 1532 631153
1052 1489 1219 1544 perche
1241 1488 1360 1532 nella
1387 1487 1621 1545 prouincia
1643 1489 1688 1531 d’
1713 1490 1900 1532 Alama—

271 1577 364 1620 gna
393 1579 505 1608 sono
526 1564 632 1608 stati
654 1564 782 1620 quasi
811 1565 953 1608 tuttia
974 1564 1202 1610 necessari
1236 1571 1396 1620 questo
1422 1580 1558 1618 anno,
1584 1572 1630 1610 et
1658 1565 1901 1622 principal-

271 1648 423 1686 mente
445 1643 608 1698 perche
637 1642 675 1686 si
703 1642 875 1686 riserua
903 1641 1091 1686 materia
1118 1656 1198 1698 per
1227 1641 1545 1686 incominciare
1567 1642 1598 1685 il
1625 1642 1822 1700 collegio
1857 1643 1901 1686 di

272 1717 524 1775 Herbipoli,
549 1726 595 1764 et
617 1718 937 1775 specialmente
958 1720 1044 1762 che
1060 1733 1139 1775 per
1159 1718 1190 1761 il
1211 1725 1419 1775 presente
1446 1733 1538 1763 non
1561 1719 1598 1763 si
1620 1720 1797 1764 vedeua
1820 1734 1897 1763 ur-

272 1801 411 1851 gente
432 1795 653 1840 necessita
674 1797 791 1841 nella
818 1795 1050 1853 prouincia
1071 1796 1114 1838 d'
1137 1795 1326 1839 Austria
1345 1802 1433 1840 etc.
1460 1796 1560 1840 Con
1590 1803 1709 1840 tutto
1738 1804 1900 1852 questo

272 1872 332 1915 ho
354 1873 479 1916 detto
501 1887 528 1916 3
548 1875 682 1918 Mtro.
715 1872 914 1925 Canisio,
940 1874 1025 1917 che
1046 1872 1257 1916 hauendo
1288 1872 1511 1918 necessita
1531 1872 1578 1915 in
1600 1873 1788 1917 Austria
1802 1908 1812 1928 ,
1836 1874 1899 1918 lui

273 1951 374 1993 sara
394 1949 595 2007 obligato
616 1950 673 1994 ad
694 1950 882 2003 aiutare,
907 1957 952 1993 et
974 1950 1071 1993 cosi
1092 1963 1233 2006 penso
1255 1949 1382 2003 farlo,
1407 1949 1445 1993 si
1468 1950 1586 1995 uedo
1608 1950 1833 1995 necessita
1854 1951 1901 1994 di

270 2025 329 2079 13,
355 2033 400 2071 et
421 2026 670 2083 possibilita
690 2027 737 2070 di
758 2042 861 2083 qua.

322 2154 335 2167 ⁹
357 2104 400 2147 6.
463 2105 550 2148 Del
572 2104 760 2161 collegio
781 2105 828 2147 d'
852 2103 1088 2159 Herbipoli
1109 2102 1207 2146 diro
1223 2102 1366 2160 prima
1386 2104 1428 2148 le
1444 2118 1551 2149 cose
1568 2103 1688 2147 facili
1710 2112 1756 2148 et
1778 2105 1898 2148 diffi-

268 2179 357 2232 cili,
381 2180 502 2237 dipoi
524 2182 673 2237 quello
695 2183 780 2225 che
801 2180 1042 2224 habbiamo
1059 2182 1174 2223 fatto
1194 2180 1283 2224 co’l
1299 2195 1497 2226 vescouo
1515 2182 1529 2202 ³
1551 2181 1571 2208 ¹³
1592 2214 1601 2234 ,
1622 2188 1668 2225 et
1690 2182 1732 2224 13
1749 2181 1898 2237 possi-

267 2256 394 2300 bilita
414 2265 460 2301 et
480 2271 698 2314 speranza
718 2258 822 2300 dell'
844 2272 997 2313 opera.
1023 2257 1058 2300 11
1073 2270 1274 2300 vescouo
1292 2257 1413 2302 tiene
1429 2257 1651 2315 maggior'
1670 2257 1893 2301 affettion’

271 2334 661 2390 allaCompagnia
682 2333 727 2377 di
748 2334 898 2390 quello
919 2335 1004 2379 che
1025 2333 1068 2377 io
1090 2348 1258 2397 5396113
1277 2349 1288 2378 :
1319 2341 1436 2379 stete
1457 2334 1505 2378 in
1526 2337 1671 2378 Roma
1701 2335 1896 2379 essendo

270 2413 443 2456 decano
463 2412 521 2455 de
542 2411 778 2468 Herbipoli
798 2411 903 2456 nell’
923 2425 1042 2455 anno
1069 2411 1196 2466 1556,
1217 2418 1263 2455 et
1278 2411 1427 2457 hebbe
1443 2411 1791 2457 conuersatione
1808 2426 1895 2455 con

270 2488 303 2531 li
328 2488 499 2532 nostri:
530 2489 678 2532 hebbe
704 2488 747 2531 13
774 2488 893 2531 110113
920 2488 965 2531 di
993 2487 1149 2532 Giulio
1178 2487 1246 2543 3.⁰
1268 2488 1384 2532 della
1406 2488 1749 2533 confirmatione
1779 2488 1897 2533 della

271 2565 569 2623 Compagnia:
583 2565 822 2622 cognobbe
838 2565 1069 2608 Bernardo
1085 2564 1330 2621 giaponese
1344 2567 1378 2620 ³,
1391 2573 1438 2610 et
1454 2565 1589 2611 etiam
1606 2566 1755 2609 hebbe
1772 2570 1895 2608 certa

340 2709 363 2731 ⁸
399 2703 484 2738 Hoc
500 2703 615 2738 verb.
639 2713 754 2749 supra
772 2712 879 2737 vers.
912 2700 1060 2737 addidit
1083 2699 1253 2737 libr.-b
1272 2701 1458 2750 Sequitur
1481 2703 1518 2738 Il
1541 2714 1621 2748 qua
1645 2701 1894 2737 obliteratum

268 2772 292 2797 a
307 2760 399 2797 libr.

338 2883 350 2903 ¹
400 2881 460 2916 De
476 2880 662 2926 gradibus
679 2878 911 2915 academicis
928 2879 1026 2916 haec
1043 2878 1235 2926 intellige.
1249 2879 1312 2917 Cf.
1327 2886 1458 2917 nostra
1472 2881 1733 2916 Monumenta
1746 2879 1895 2926 paeda-

262 2940 425 2989 gogica,
445 2950 533 2986 pag.
555 2938 636 2975 106.

336 3001 351 3021 ²
402 2998 615 3046 Episcopus
643 2997 927 3046 herbipolensis
962 3002 1046 3034 erat
1078 2997 1299 3035 Fridericus
1332 3010 1355 3035 a
1387 2999 1607 3044 Wirsberg‚
1642 2997 1690 3033 de
1724 3008 1801 3045 quo
1833 2997 1889 3034 cf.

268 3059 624 3105 BRAUNSBERGER‚
642 3059 720 3094 loc.
743 3058 836 3103 cit.,
854 3057 924 3104 III,
950 3056 1121 3093 126-128.

340 3119 354 3139 ⁵
404 3118 464 3153 De
482 3117 549 3154 illo
566 3116 621 3155 ef.
644 3118 861 3164 POLANCO,
882 3115 1054 3160 Chron.,
1074 3117 1124 3164 II,
1144 3124 1229 3165 777,
1248 3122 1328 3155 etc.
