2228 3548
380 230 450 276 478
893 228 1034 263 Ems‘r.
1061 227 1106 262 P.
1136 225 1408 272 NADAL—484

325 346 462 377 senza
483 343 707 374 consenso
729 329 803 372 del
824 342 910 372 suo
932 326 1146 384 capitulo.
1174 327 1262 371 Del
1283 327 1529 373 cominciar
1550 330 1696 374 anche
1727 335 1855 373 tante
1881 328 1970 372 let-—

327 408 440 453 tioni
461 407 665 459 insieme,
689 420 794 462 pare
817 419 925 449 cosa
946 405 1087 448 molto
1104 403 1302 458 difficile,
1321 419 1414 449 non
1431 405 1680 452 solamente
1696 421 1775 464 per
1791 406 1835 450 la
1851 420 1966 463 poca

325 492 503 531 entrata
524 485 608 527 che
630 483 666 527 si
689 483 746 526 da
768 482 814 526 di
835 488 1065 539 presente,
1084 495 1158 525 ma
1174 495 1254 538 per
1274 480 1307 524 il
1328 496 1438 538 peso
1454 482 1726 539 grauissimo
1742 483 1788 527 di
1804 482 1900 527 dar'
1918 489 1964 526 et

327 568 562 605 mantener
585 559 698 603 tanti
716 558 887 603 mastri.
914 560 973 602 Et
993 572 1086 602 non
1108 557 1140 600 li
1168 558 1347 603 auendo
1370 557 1417 601 in
1445 560 1607 613 Roma,
1630 566 1677 604 et
1698 559 1963 604 trouandosi

328 640 473 682 anche
489 638 532 680 13
553 636 757 694 superior
778 634 1025 681 Germania
1046 648 1160 692 poco
1179 634 1359 690 fornita,
1380 649 1486 692 pare
1502 649 1609 680 cosa
1624 638 1763 682 molto
1780 636 1962 682 difficile

327 731 354 760 0
376 730 486 759 0053
506 713 760 771 imposibile
782 713 827 757 di
850 714 931 757 far'
972 712 1035 756 tal
1056 711 1317 769 prouisione
1354 713 1460 769 qual
1495 713 1733 759 conuiene.
1760 716 1818 758 Et
1853 715 1963 772 pero

328 794 367 837 si
389 793 539 836 scriue
567 792 608 835 al
639 793 691 835 P.
732 790 931 844 Canisio‚
971 789 1261 834 mandandoli
1289 790 1482 846 qualche
1512 789 1803 837 instruttione
1837 792 1964 837 accio

329 870 511 928 procuri
533 871 618 913 che
641 869 673 912 il
693 883 892 913 vescouo
914 867 954 912 si
974 866 1178 912 contenti
1199 881 1287 911 con
1307 869 1451 911 hauer
1471 868 1514 911 al
1536 875 1746 925 presente
1774 876 1900 926 parte
1921 869 1967 913 di

330 948 481 1005 quello
497 949 583 991 che
599 946 661 990 lui
680 946 865 991 ricerca.
893 947 950 989 Et
966 960 1016 990 se
1034 945 1167 989 110113
1189 959 1282 988 11011
1298 944 1336 988 51
1354 944 1533 1002 obligat
1548 960 1575 989 a
1596 945 1702 1002 quel
1719 952 1968 1004 augmento

329 1040 410 1083 per
431 1025 607 1078 adesso,
633 1039 682 1068 se
699 1023 908 1080 reputata
926 1036 1088 1066 manco
1104 1021 1474 1076 inconueniente‚
1495 1024 1581 1068 che
1602 1023 1968 1069 mandaradesso

331 1102 446 1147 tanti
467 1101 623 1146 mastri
649 1103 677 1145 ¹.
703 1100 762 1145 Di
785 1115 874 1156 qua
896 1101 1024 1157 potra
1045 1100 1103 1144 V.
1124 1100 1179 1143 R.
1204 1099 1372 1144 uedere
1389 1114 1518 1144 come
1539 1099 1724 1158 giudico
1745 1100 1783 1144 si
1805 1100 1969 1145 debbia

332 1180 592 1238 procedere,
624 1178 760 1223 etiam
788 1178 835 1221 in
863 1178 976 1223 altre
1012 1190 1166 1222 nuoue
1202 1177 1472 1231 fundationi,
1512 1185 1559 1223 et
1596 1178 1734 1223 credo
1761 1193 1787 1222 a
1816 1179 1966 1235 quest'

331 1260 443 1302 hora
462 1258 633 1301 hauera
649 1256 853 1299 riceuuta
873 1255 917 1298 la
938 1256 1083 1299 forma
1104 1255 1188 1298 che
1210 1268 1299 1311 qua
1327 1253 1587 1311 giudicamo
1614 1254 1651 1299 si
1677 1255 1841 1299 debbia
1863 1270 1968 1313 pra-

333 1335 485 1379 ticare.
522 1336 610 1379 Del
645 1334 846 1378 mandar'
892 1332 923 1375 il
955 1332 1171 1388 theologo
1207 1339 1255 1375 et
1291 1332 1558 1390 philosopho
1594 1347 1674 1389 per
1711 1332 1965 1391 Herbipoli,

333 1413 515 1469 quando
530 1411 567 1455 si
586 1412 701 1457 ueda
717 1412 761 1455 13
777 1409 1012 1455 risolution
1029 1411 1116 1455 che
1133 1410 1171 1454 si
1188 1410 1328 1468 piglia
1349 1410 1397 1453 in
1419 1417 1581 1467 questo
1601 1412 1686 1455 che
1709 1411 1770 1454 ho
1791 1410 1966 1464 scritto,

336 1489 375 1533 si
396 1489 524 1546 potra
543 1489 760 1533 risoluere
777 1503 826 1533 se
847 1488 893 1531 10
911 1494 1115 1544 potremo
1139 1488 1248 1540 fare,
1269 1487 1642 1532 considerandolo
1659 1487 1734 1544 piu
1751 1488 1796 1531 d’
1816 1502 1972 1545 apres-

334 1581 400 1611 so.
422 1567 480 1610 Et
501 1564 808 1611 accettandosi
836 1564 867 1607 il
904 1564 1101 1621 collegio
1122 1564 1181 1609 de
1202 1563 1455 1621 Herbipoli,
1481 1579 1507 1608 a
1534 1565 1592 1609 V.
1619 1566 1673 1609 R.
1700 1566 1760 1608 ho
1781 1564 1971 1610 rimesso

336 1659 387 1689 se
406 1644 451 1687 10
471 1642 638 1687 debbia
668 1649 860 1686 mettere
882 1642 1000 1687 nella
1028 1641 1256 1698 prouintia
1281 1642 1355 1686 del
1376 1643 1552 1694 Rheno,
1578 1656 1606 1685 0
1628 1642 1745 1685 della
1767 1641 1973 1698 superior

336 1719 599 1775 Germania,
614 1727 660 1765 et
677 1718 772 1763 cosi
790 1720 833 1762 10
851 1718 994 1762 saccio
1010 1718 1055 1762 di
1072 1733 1242 1764 nuouo.
1259 1720 1380 1763 Vero
1397 1719 1421 1763 ὲ
1434 1721 1535 1772 0110,
1550 1719 1747 1763 secondo
1763 1719 1794 1762 il
1814 1721 1864 1763 Ρ.
1879 1719 1972 1763 Ca-

337 1797 468 1851 nisio,
493 1804 563 1842 sta
584 1797 724 1840 molto
745 1795 994 1853 bisognosa
1014 1796 1061 1839 di
1082 1803 1222 1854 gente
1242 1797 1391 1853 quella
1412 1810 1495 1840 sua
1517 1796 1744 1853 prouintia
1765 1797 1797 1840 ².

429 1886 470 1931 5.
536 1873 583 1920 S'
607 1874 630 1918 ὲ
647 1873 818 1917 intesso
839 1875 984 1918 anche
1012 1874 1162 1930 quello
1183 1875 1268 1919 che
1284 1873 1433 1918 scriue
1460 1875 1517 1918 V.
1543 1875 1598 1918 R.
1624 1875 1698 1918 del
1723 1875 1777 1918 P.
1808 1873 1969 1918 Oliue—

338 1952 406 1996 rio
442 1953 476 2007 5,
515 1952 558 1996 31
594 1951 701 2007 qual
737 1949 942 1993 desidero
979 1951 1073 1994 dar'
1112 1950 1252 2004 aiuto‚
1282 1957 1329 1994 et
1365 1951 1502 2007 glielo
1538 1951 1664 2003 daro,
1704 1951 1924 2008 piacendo
1945 1967 1972 1994 a

339 2029 482 2082 Iddio,
507 2043 587 2086 per
623 2026 867 2071 cominciar
898 2028 928 2070 il
950 2042 1097 2082 corso,
1128 2034 1174 2072 et
1201 2028 1427 2084 qualcuno
1464 2043 1543 2084 per
1571 2027 1716 2072 aiutar
1737 2027 1768 2070 11
1795 2027 1971 2084 nouitij.

341 2109 431 2152 Per
453 2112 593 2150 rettor
614 2104 659 2148 di
676 2106 862 2149 Morach
890 2112 910 2133 a
937 2112 982 2149 et
1010 2104 1111 2148 altri
1139 2104 1335 2162 bisogni,
1361 2119 1453 2148 non
1479 2119 1530 2148 so
1559 2105 1709 2160 quello
1731 2106 1816 2149 che
1843 2107 1974 2162 potro

411 2237 432 2258 ι
470 2228 553 2276 Sic,
572 2239 641 2276 pro
661 2228 865 2263 Mauriac.

413 2330 423 2351 ¹
477 2328 580 2365 Vide
597 2328 764 2376 append.
785 2328 887 2363 LIV.

412 2393 426 2412 ²
476 2389 536 2425 En
554 2387 703 2425 Canisii
720 2387 769 2423 de
787 2388 860 2423 hoc
878 2389 1037 2435 negotio
1055 2389 1267 2436 sententia,
1285 2389 1464 2437 Borgiae,
1483 2398 1526 2425 21
1546 2389 1638 2437 Maji
1655 2390 1759 2436 1567,
1778 2388 1977 2426 transmis-

341 2460 404 2486 sa:
425 2447 567 2496 «Quod
583 2447 632 2483 ad
649 2442 858 2493 collegium
875 2448 1148 2495 herbipolense
1166 2453 1333 2496 spectat,
1351 2449 1467 2485 Pater
1490 2448 1738 2496 provincialis
1754 2448 1883 2484 Rheni
1899 2441 1976 2484 una

343 2519 497 2544 mecum
523 2512 705 2554 expectat
727 2506 903 2542 ultimam
928 2508 971 2542 P.
998 2508 1044 2542 T.
1071 2507 1320 2544 sententiam.
1349 2508 1398 2544 Et
1422 2507 1634 2555 prudenter
1656 2507 1814 2544 tandem
1837 2506 1975 2544 statuit

343 2569 387 2604 P.
407 2567 573 2612 Natalis,
591 2571 634 2603 ut
651 2565 686 2602 si
698 2565 905 2612 collegium
920 2567 1007 2613 hoc,
1021 2567 1137 2603 sicuti
1151 2579 1368 2614 speramus,
1386 2567 1615 2614 erigendum
1629 2566 1695 2614 sit,
1709 2578 1787 2603 non
1799 2571 1974 2603 nostrum

342 2626 413 2663 sed
430 2626 636 2663 thenensis
653 2624 892 2673 provinciae,
906 2638 1006 2677 quae
1021 2626 1185 2663 vicinior
1198 2632 1239 2662 et
1252 2626 1429 2670 fertilior,
1445 2638 1490 2663 ac
1504 2626 1628 2663 modis
1642 2626 1822 2663 omnibus
1835 2626 1977 2663 instru-

343 2686 442 2723 ctior
459 2697 548 2722 esse
566 2684 734 2732 videtur,
755 2683 851 2720 illud
869 2685 996 2732 ipsum
1015 2685 1261 2733 adjungatur.
1287 2687 1423 2734 Itaque
1447 2686 1605 2734 scripsit
1620 2686 1669 2722 ad
1687 2697 1750 2722 me
1771 2686 1875 2722 idem
1885 2695 1978 2733 *pro-

343 2744 539 2792 vincialis,
557 2744 592 2780 si
611 2743 731 2780 velim
748 2747 788 2779 et
806 2743 862 2779 sic
876 2743 1049 2790 judicem
1073 2745 1300 2792 convenire,
1325 2751 1597 2793 suscepturum
1620 2756 1664 2781 se
1687 2757 1799 2790 onus,
1822 2756 1901 2781 11011
1918 2756 1979 2781 so-

344 2805 424 2840 lum
454 2803 657 2851 spirensis,
682 2802 753 2839 sed
772 2802 894 2838 etiarn
919 2803 1205 2851 herbipolensis
1229 2805 1401 2851 collegii,
1425 2805 1498 2841 hoe
1521 2815 1623 2840 anno
1645 2804 1866 2849 inchoandi,
1889 2815 1980 2840 cum

342 2863 523 2899 annuerit
542 2868 693 2899 tantum
708 2862 751 2897 P.
771 2862 835 2907 Τ.,
854 2873 969 2909 quam
987 2874 1102 2910 spero
1119 2863 1233 2900 facile
1246 2875 1524 2900 consensuram
1542 2875 1644 2900 esse.
1661 2864 1745 2900 Nec
1762 2874 1828 2899 ero
1845 2862 1981 2900 diffici-

344 2922 393 2958 lis
416 2922 457 2958 in
483 2933 560 2958 uno
584 2927 702 2969 atque
724 2922 846 2957 altero
872 2921 989 2957 etiam
1012 2923 1233 2970 professore
1257 2923 1312 2959 illi
1337 2923 1554 2960 donando.»
1579 2924 1638 2959 Ex
1662 2923 1916 2971 autographo,
1941 2921 1983 2959 in

345 2981 474 3027 Epist.
497 2981 668 3023 Canisii,
687 2980 740 3027 II,
757 2991 796 3015 n.
821 2987 899 3026 195.

415 3041 429 3061 ⁵
478 3040 698 3084 Manareus,
717 3038 968 3086 provincialis
987 3040 1194 3077 Franciae.
