2228 3548
401 313 472 349 250
923 298 1062 333 EPIST.
1089 296 1134 332 P.
1161 294 1432 342 NADAL-435

360 402 640 461 probatione,
666 400 878 444 hauendo
900 398 1030 441 finito
1053 399 1095 442 le
1117 398 1230 440 altre
1252 396 1299 439 in
1321 398 1486 452 Roma,
1511 399 1716 443 almanco
1738 400 1790 444 le.
1810 406 1894 444 tre.
1921 401 2002 444 Ma

357 482 403 524 in
427 486 562 531 tutto,
590 478 754 530 Padre,
779 476 823 519 io
845 490 937 519 non
962 474 1105 518 saccio
1128 475 1244 517 altro
1268 475 1354 517 che
1375 483 1717 531 rappresentare
1738 492 1746 520 ε
1782 478 1826 520 13
1854 479 1907 520 P.
1933 478 1997 521 V..

359 559 453 600 fara
475 555 624 611 quello
646 555 731 598 che
753 552 921 609 meglio
944 553 985 596 le
1009 553 1166 607 parer&
1195 551 1269 594 nel
1297 550 1469 607 Signor
1495 559 1665 596 nostro.
1693 553 1743 597 Li
1768 553 1869 598 altri
1902 554 2000 596 fino

356 635 398 677 al
420 646 610 675 numero
632 630 677 673 di
705 640 772 685 15,
793 643 930 673 senza
951 628 1227 680 consultare,
1249 634 1294 671 et
1316 628 1452 670 etiam
1475 629 1567 671 fino
1589 644 1616 672 a
1639 642 1711 684 20,
1731 631 1995 675 consultan-

358 711 436 762 do,
456 708 656 752 secondo
678 708 721 750 13
743 704 1037 750 commisione
1059 707 1143 748 che
1165 706 1223 748 V.
1252 707 1304 748 P.
1331 704 1392 747 mi
1409 705 1532 748 dette
1549 705 1596 748 in
1614 707 1843 763 Augusta,
1862 721 1998 764 spero

359 785 599 830 mandarli:
626 785 744 827 forse
766 782 917 826 alcuni
938 782 1082 838 prima
1104 783 1179 824 ch’
1204 782 1248 825 io
1270 781 1386 838 parti
1408 782 1466 827 de
1488 790 1648 838 questa
1668 784 1926 840 prouincia3
1951 791 2000 829 et

361 864 391 906 li
413 862 531 917 altri,
556 863 673 906 delle
695 862 807 904 altre
829 861 920 904 due
942 859 1191 916 prouincie.
1219 859 1273 903 Li
1295 859 1446 903 stiuali
1474 861 1548 905 del
1579 862 1631 904 Ρ.
1658 863 1792 905 Mtro.
1819 860 2001 906 Mirone

361 956 453 984 non
474 942 670 983 hauemo
695 945 853 995 potuto
880 936 1138 980 rimandarli
1162 937 1552 981 commodamente
1575 951 1655 994 per
1676 939 1790 982 altra
1812 938 1901 982 uia:
1925 953 1999 982 sa·

361 1032 503 1061 ranno
526 1032 613 1060 con
635 1015 783 1072 questi
810 1014 986 1058 fratelli:
1021 1015 1158 1059 credo
1180 1016 1265 1059 che
1286 1016 1441 1058 hanno
1471 1015 1643 1059 seruito
1664 1030 1779 1072 poco
1806 1015 1884 1072 piu
1916 1016 2004 1060 che

362 1097 456 1139 fino
480 1096 708 1151 Augusta.
736 1093 821 1136 Del
845 1092 1009 1135 viatico
1032 1091 1180 1135 scriue
1209 1091 1239 1134 il
1272 1094 1324 1136 P.
1351 1091 1536 1136 Canisio
1563 1107 1643 1149 per
1670 1094 1713 1136 13
1742 1107 1846 1147 sua,
1871 1106 2003 1136 come

362 1173 406 1216 io
427 1173 470 1216 le
490 1173 551 1215 ho
572 1171 713 1214 detto.
741 1171 797 1213 Et
819 1185 898 1226 per
922 1176 1082 1225 questa
1099 1184 1189 1212 non
1208 1183 1395 1214 occorre
1411 1170 1540 1213 altro.
1563 1171 1598 1213 Il
1615 1169 1810 1227 Signore
1832 1169 1898 1213 sia
1914 1183 2001 1213 con

363 1250 455 1293 noi.
487 1249 587 1293 Ora
611 1253 701 1304 pro
732 1248 872 1300 nobis,
908 1249 1068 1290 Pater.
1103 1246 1162 1291 Di
1199 1247 1409 1304 Ispruch,
1435 1247 1465 1290 li
1494 1260 1545 1302 14
1575 1248 1621 1290 d’
1647 1248 1844 1292 Ottobre
1871 1247 1999 1302 1566.

365 1329 424 1371 D.
452 1329 505 1371 P.
531 1327 589 1370 V.
616 1340 749 1369 seruo
771 1340 828 1370 en
850 1324 953 1378 X.⁰,
1916 1325 1920 1329 ”

1422 1407 1452 1465 †
1484 1408 1701 1452 NATALE.
1738 1407 1767 1465 †

460 1558 702 1612 Inscriptio
725 1558 774 1599 in
798 1560 963 1612 quarta
980 1557 1178 1613 pagina:
1194 1557 1326 1614 Jhus.
1353 1556 1414 1599 Al
1438 1556 1577 1599 molto
1601 1556 1716 1599 Rdo.
1737 1562 1894 1599 nostro
1918 1557 2008 1598 Pa-

369 1635 450 1677 dre
473 1634 519 1677 in
541 1630 739 1688 Christo,
765 1633 794 1676 il
830 1636 881 1676 P.
908 1635 1161 1677 Francesco
1185 1633 1368 1690 Borgia,
1394 1632 1624 1689 preposito
1644 1633 1859 1690 generale
1890 1633 2008 1676 della

370 1710 658 1768 Compagnia
674 1710 719 1753 di
735 1712 862 1768 Jesu,
889 1717 995 1764 etc.‚
1016 1711 1061 1753 in
1084 1712 1242 1754 Roma.
1262 1710 1371 1753 Alia
1393 1725 1552 1753 manu:
1569 1711 1623 1754 C.
1651 1711 1778 1765 1566.
1799 1710 2006 1766 Ispruch.

371 1790 424 1831 P.
451 1789 628 1831 Natale.
662 1800 713 1841 14
735 1787 779 1830 di
803 1789 1010 1831 Ottobre.
1047 1788 1300 1844 Vestigium
1322 1787 1486 1845 sigilli.

1144 1898 1262 1939 4:35
1278 1870 1282 1875 ’

819 1984 869 2026 P.
910 1984 1323 2028 HIERONYMUS
1345 1983 1564 2027 NADAL

724 2058 966 2096 SANCTO
993 2058 1341 2097 FRANCISCO
1367 2060 1444 2095 DE
1469 2058 1663 2106 BORJA

840 2133 1097 2169 OENIPONTE‚
1121 2133 1161 2170 ¹5
1176 2133 1386 2161 oei-omns
1407 2124 1498 2169 1566
1517 2126 1543 2160 ¹.

370 2199 408 2225 Ι.
436 2189 662 2237 Collegium
680 2192 910 2225 tornacense
927 2190 975 2224 ab
992 2191 1203 2226 haereticis
1219 2191 1491 2226 devastatum.
1503 2199 1585 2226 —2.
1613 2190 1867 2226 Tre-virenses
1880 2191 2013 2225 conta-

414 2249 537 2295 gione
550 2247 629 2295 affl
634 2248 764 2283 icti.—
770 2257 801 2293 3.
825 2247 982 2283 Canisii
995 2249 1254 2291 desiderium,
1273 2251 1316 2284 ut
1329 2248 1492 2284 Natalis
1507 2249 1651 2284 hiemet
1665 2249 1709 2284 in
1727 2247 2017 2284 Germania.—

418 2317 459 2351 4.
480 2306 755 2353 Oenipontani
767 2307 928 2354 collegii
941 2308 1147 2354 inspectio:
1152 2308 1336 2354 simenez
1350 2307 1608 2343 Monachium
1623 2308 1814 2351 mittitur,
1829 2309 1874 2342 ut
1887 2306 2018 2354 officio

422 2366 616 2414 magistri
632 2366 879 2401 novitiorum
889 2365 1216 2413 fatigatum—5.
1242 2366 1397 2403 Novitii
1412 2367 1568 2413 aliquot
1585 2367 1756 2402 Romam
1775 2366 1884 2402 brevi
1890 2365 2017 2413 profi-

419 2424 728 2460 omentum—6.
761 2424 962 2460 Dominus
985 2427 1031 2461 de
1057 2426 1149 2462 Soto
1176 2427 1223 2462 de
1247 2438 1327 2461 non
1356 2427 1525 2474 acceptis
1542 2426 1719 2473 epistolis
1734 2424 1822 2473 filii
1850 2436 2014 2471 conque-

425 2485 550 2519 ritur.

472 2569 509 2599 Ι.
569 2557 701 2613 jhus.
735 2555 877 2599 Molto
916 2557 1029 2599 Rdo.
1065 2556 1109 2599 in
1148 2559 1266 2613 Xpo.
1309 2557 1472 2601 Padre.
1515 2558 1610 2600 Pax
1647 2554 1754 2611 Xpi.
1780 2561 1868 2598 etc.
1911 2555 2014 2599 Con

379 2639 540 2688 questa
561 2631 650 2675 mia
672 2646 765 2674 non
789 2632 897 2675 dari)
915 2640 1049 2676 conto
1071 2649 1097 2677 a
1119 2635 1163 2677 13
1184 2636 1233 2677 R.
1267 2635 1324 2678 V.
1355 2633 1400 2677 di
1429 2639 1548 2676 tutto
1577 2633 1729 2688 quello
1758 2633 1843 2676 che
1869 2631 2016 2688 potrei

378 2709 499 2752 circa
525 2710 568 2753 le
596 2723 702 2753 cose
731 2708 776 2751 di
806 2723 910 2764 qua,
937 2717 981 2753 et
1010 2711 1403 2766 particolarmente
1439 2710 1556 2754 della
1586 2708 1824 2767 prouincia
1846 2709 1891 2752 d’
1915 2709 2019 2752 Au-
2068 2699 2080 2704 ”

378 2785 505 2838 stria,
531 2786 697 2842 perche
718 2792 740 2813 ἢ
765 2786 808 2828 16
833 2788 1118 2842 occupationi
1140 2787 1339 2844 presenti
1361 2802 1453 2831 non
1474 2787 1518 2830 10
1541 2794 1836 2837 consentono;
1855 2786 1899 2829 lo
1922 2786 2021 2828 faro

452 2929 474 2949 a
512 2921 698 2970 Sequitur
713 2922 758 2958 in
778 2923 911 2958 uerita
932 2923 1181 2960 obliteratum
1199 2936 1221 2960 a
1240 2925 1293 2960 N.

459 3048 468 3067 ¹
520 3047 577 3082 Ex
596 3047 823 3094 archetypo,
843 3058 864 3082 a
884 3047 1032 3092 Jacobo
1050 3049 1243 3094 genuensi
1262 3054 1434 3095 exarato,
1451 3053 1492 3084 et
1509 3048 1660 3084 Natalis
1680 3059 1797 3083 manu
1814 3044 2021 3082 emendato

377 3109 423 3140 et
443 3105 675 3152 subscripto,
693 3105 733 3141 in
752 3105 885 3152 Epist.
919 3106 1061 3143 Natal.
1074 3136 1083 3154 ,
1101 3109 1154 3154 ΙΙ,
1173 3108 1318 3155 duplici
1335 3108 1428 3156 fol„
1449 3115 1516 3153 150
1533 3106 1654 3160 (163).
