2228 3548
421 300 490 338 594
936 287 1074 324 EPIST.
1103 287 1148 323 P.
1177 261 1444 334 NADAL-521

372 393 511 436 molto
554 391 591 434 si
639 388 1079 434 raccommandiamo
1109 388 1182 432 nel
1225 388 1438 445 Signore.
1486 390 1718 434 Dominus
1758 392 1818 435 sit
1859 392 2012 434 nobis-

371 484 488 512 cum.
522 468 621 511 Ora
636 472 726 523 pro
747 480 831 519 me,
856 467 1016 508 Pater.
1043 467 1114 509 Da
1138 466 1385 519 Brussella,
1412 465 1487 509 alli
1515 476 1565 521 15
1589 465 1636 509 di
1663 468 1847 525 Maggio
1880 470 2007 524 1568.
2026 484 2038 502 τ

371 549 429 590 D.
453 548 501 589 Ρ.
527 546 584 589 V.
612 558 748 589 seruo
765 558 823 587 en
845 542 948 596 X.⁰,

1437 620 1467 678 †
1520 622 1707 666 NADAL.
1742 623 1772 681 †

459 778 703 833 Inscriptio
729 778 780 820 in
812 780 981 833 quarta
1006 778 1206 834 pagina:
1232 778 1366 835 Jhus.
1403 777 1465 821 Al
1497 791 1607 833 muy
1634 778 1750 822 Rdo.
1787 780 1840 822 Ρ..
1867 781 1925 824 N.
1952 795 2010 824 en

369 854 571 909 Christo,
597 856 655 899 N.
684 856 736 898 Ρ.
763 856 798 898 F
801 854 1007 899 rancisco
1029 855 1085 898 de
1109 854 1261 911 Borja,
1286 854 1518 911 preposito
1535 857 1723 912 general
1740 857 1855 901 dela
1877 859 2012 902 Com·

372 936 505 990 pafxia
527 934 584 978 de
601 934 753 991 Jest'ls,
779 939 867 976 etc.
894 934 1053 976 Roma.
1079 932 1188 975 Alia
1211 946 1370 975 manu:
1392 932 1438 975 b.
1464 931 1494 990 †
1516 947 1559 989 p.
1581 946 1621 977 e.
1649 948 1709 977 m.
1731 935 1856 978 Alia:
1883 936 2010 991 1568.

371 1011 424 1055 C.
454 1010 694 1055 Brusselle.
723 1011 775 1054 Ρ.
802 1010 980 1054 Natale.
1014 1021 1063 1064 15
1087 1009 1133 1053 di
1156 1009 1362 1066 Maggio.
1398 1011 1650 1067 Vestigium
1668 1012 1830 1069 sigilli.

1140 1123 1250 1164 5⁸21

848 1207 896 1244 P.
921 1206 1163 1254 JOANNES
1186 1207 1256 1242 DE
1280 1206 1533 1245 POLANCO

1021 1285 1070 1309 ex
1084 1284 1361 1309 commisslone

710 1340 922 1384 PATRI
963 1340 1396 1384 HIERONYMO
1436 1340 1682 1385 NADAL

948 1423 1108 1456 ROMAE,
1132 1423 1173 1460 15
1192 1424 1284 1459 MAJI
1306 1414 1396 1461 1568
1415 1414 1441 1451 ¹.

371 1506 403 1532 1.
426 1496 471 1531 In
496 1495 680 1532 Galliam
702 1494 872 1541 festinet
891 1493 1154 1529 Natalis.—2.
1175 1493 1236 1529 De
1261 1494 1364 1529 libro
1393 1494 1566 1531 doctoris
1590 1495 1733 1532 Torres
1748 1497 2014 1534 emendando.
2063 1522 2074 1541 x

613 1565 645 1600 3.
669 1554 840 1591 Gratiae
866 1555 1086 1590 nonnullae
1106 1555 1297 1591 Societati
1314 1567 1340 1590 a
1352 1555 1543 1604 pontifice
1560 1567 1775 1593 concessae.

469 1647 503 1678 1.
565 1635 700 1692 Jhus.
727 1633 869 1677 Molto
892 1634 1005 1676 Rdo.
1032 1632 1079 1675 in
1102 1634 1221 1689 Xpo.
1250 1633 1413 1676 Padre.
1437 1635 1533 1678 Pax
1550 1633 1678 1690 Xpi.,
1698 1642 1787 1678 etc.
1809 1636 1898 1678 Per
1919 1642 2013 1679 tro-

373 1711 494 1755 uarsi
517 1718 675 1755 nostro
700 1711 847 1754 Padre
870 1710 1119 1766 indisposto
1143 1710 1339 1753 tuttauia
1366 1711 1486 1755 della
1513 1712 1735 1768 podagra,
1767 1711 1827 1754 mi
1850 1713 1908 1755 ha
1936 1727 2012 1756 or-

371 1789 528 1832 dinato
548 1787 761 1832 scriuessi
784 1802 809 1830 a
832 1789 886 1831 V.
916 1789 989 1839 R.,
1016 1789 1100 1831 6116
1123 1802 1173 1832 se
1196 1802 1287 1831 non
1309 1787 1423 1831 fussi
1443 1802 1612 1833 ancora
1634 1787 1798 1844 partito
1820 1789 1863 1832 la
1885 1790 2010 1834 uolta

372 1867 429 1911 de
452 1865 659 1917 Francia,
686 1864 865 1921 procuri
898 1865 1078 1920 partirsi
1110 1872 1281 1921 quanto
1311 1865 1454 1921 prima
1486 1866 1530 1909 10
1561 1865 1691 1922 ροῒῐὲι
1713 1866 1808 1911 fare
1836 1881 1920 1910 con
1945 1866 2007 1910 si-

372 1945 502 1987 curta
523 1942 568 1985 di
591 1957 674 1986 sua
695 1956 904 1999 persona,
931 1943 1098 1998 perche
1115 1943 1215 1986 sara
1232 1942 1373 1985 molto
1390 1949 1645 1999 opportuna
1666 1942 1713 1986 in
1731 1943 1881 1998 quella
1901 1958 2009 2000 pro-

372 2019 524 2064 uincia
546 2020 589 2062 la
611 2019 745 2063 uisita
766 2019 811 2062 di
835 2021 891 2063 V.
919 2022 993 2073 R.‚
1019 2027 1065 2064 et
1087 2021 1235 2065 anche
1265 2019 1313 2062 in
1341 2020 1491 2076 quella
1517 2019 1637 2064 della
1664 2019 1930 2076 Aquitania,
1961 2035 2011 2065 se

372 2097 676 2142 sicuramente
698 2111 778 2153 per
801 2098 949 2152 quella
972 2097 1010 2140 si
1032 2098 1161 2154 potra
1185 2098 1367 2141 andare.
1394 2096 1557 2142 Scriue
1578 2112 1687 2152 uno,
1712 2099 1798 2141 che
1819 2098 1861 2142 la
1890 2098 2011 2154 logi-

373 2190 427 2219 ca
450 2177 508 2219 ha
530 2174 725 2231 bisogno
747 2172 792 2217 di
821 2188 944 2216 esser
976 2173 1157 2218 uisitata
1186 2173 1525 2230 specialmente.
1557 2175 1614 2218 V.
1651 2175 1705 2218 R.
1737 2175 1913 2231 parlara
1945 2176 2012 2218 fra

373 2253 436 2310 gl‘
462 2251 564 2295 altri
586 2252 629 2295 al
653 2252 706 2294 P.
731 2251 1004 2295 Maldonado
1022 2252 1055 2304 ²,
1081 2252 1154 2296 del
1177 2252 1284 2308 qual
1306 2254 1341 2294 s'
1367 2252 1391 2295 ὲ
1413 2251 1619 2295 riceuuta
1650 2266 1741 2295 una
1767 2252 1944 2305 lettera,
1970 2253 2013 2296 la

373 2331 479 2386 qual
502 2343 651 2372 mosse
668 2335 866 2371 anostro
886 2329 1032 2373 Padre
1049 2345 1075 2372 a
1097 2329 1178 2372 dar
1201 2335 1362 2384 questo
1380 2328 1557 2372 ricordo
1574 2328 1619 2371 di
1641 2343 1796 2372 nuouo
1818 2344 1844 2372 a
1866 2331 1924 2373 V.
1951 2331 2005 2373 R.

465 2420 506 2450 2.
574 2407 760 2462 Quanto
783 2406 825 2448 al
846 2406 961 2449 libro
984 2407 1057 2450 del
1078 2408 1136 2450 D.
1165 2408 1329 2449 Torres
1347 2407 1380 2460 ³,
1408 2407 1455 2450 fu
1477 2406 1635 2450 scritto
1656 2421 1742 2450 con
1770 2407 1801 2449 1¹
1826 2407 2010 2450 ordina-

373 2485 439 2528 rio
463 2484 508 2527 di
531 2486 566 2527 F
569 2484 743 2536 iandra,
767 2484 852 2526 che
875 2485 931 2526 V.
960 2485 1013 2527 R.
1040 2483 1322 2527 acomodassi
1344 2483 1482 2540 quelli
1503 2483 1662 2541 luoghi
1684 2485 1773 2528 che
1798 2484 1830 2526 li
1852 2498 2008 2541 pares-

374 2562 473 2605 sino
496 2563 637 2605 hauer
658 2560 852 2617 bisogno
875 2560 919 2602 di
942 2575 1093 2606 essere
1121 2561 1438 2615 acommodati,
1474 2563 1643 2618 perche
1665 2563 1691 2604 a
1717 2561 1781 2604 lui
1810 2560 1949 2606 isteso
1972 2561 2007 2605 ε’

447 2758 455 2778 ¹
509 2759 567 2793 Ex
585 2758 811 2803 archetypo,
831 2768 852 2791 a
877 2757 1103 2793 Fernandez
1127 2762 1302 2803 exarato,
1329 2762 1370 2793 et
1393 2757 1552 2793 Polanci
1577 2769 1693 2793 manu
1716 2757 1953 2805 subscript0‚
1971 2758 2013 2794 in

378 2817 473 2852 Cod.
495 2817 619 2863 PLB,
638 2815 784 2863 duplici
802 2815 885 2859 fol„
905 2815 972 2851 238
991 2818 1083 2862 (40).
1104 2817 1283 2852 Alterum
1300 2816 1416 2863 hujus
1434 2815 1623 2864 epistolae
1642 2818 1866 2864 exemplum
1884 2822 2012 2854 exstat

375 2876 415 2911 in
433 2877 622 2922 Regesto,
646 2874 741 2911 Cod.
763 2884 807 2921 33
821 2875 886 2922 g),
906 2875 945 2909 ff.
973 2884 1040 2921 140
1059 2888 1098 2922 v,
1121 2884 1203 2921 141.

447 2938 459 2956 ²
511 2936 554 2970 P.
579 2936 750 2982 Joannes
774 2933 1019 2970 Maldonatus
1045 2935 1324 2981 (Maldonado).
1350 2936 1411 2971 De
1435 2946 1483 2970 eo
1506 2935 1559 2972 cf.
1585 2936 1715 2982 PRAT‚
1740 2936 1953 2972 Maldonat
1975 2938 2013 2971 et

374 2994 627 3030 l'universite
646 2994 693 3029 de
712 2992 836 3029 Paris
854 3004 909 3028 au
929 2993 1068 3029 XVI.e
1083 2994 1212 3030 siecle.
1540 3024 1544 3030 .

447 3054 460 3074 ³
511 3053 740 3090 Franciscus
764 3052 813 3089 de
837 3053 994 3100 Torres,
1019 3053 1085 3101 qui
1109 3059 1193 3089 erat
1212 3053 1293 3100 jam
1317 3053 1488 3089 novitius
1509 3052 1732 3090 Societatis.
1751 3051 1852 3088 Vide
1878 3063 2009 3100 supra,

375 3124 464 3160 pag.
486 3111 569 3150 366.
