2228 3548
903 255 947 292 19
970 245 1187 284 Oc'romus
1215 247 1307 293 1566
1707 243 1721 253 '
1802 249 1872 285 263

279 344 312 387 li
333 345 476 389 scritti
496 345 543 389 di
565 347 808 392 Olomucio
829 350 915 394 che
937 364 1131 394 saranno
1160 363 1245 393 con
1268 356 1430 406 questa
1451 350 1618 395 uedera
1641 351 1699 395 V.
1724 352 1780 395 R.
1806 352 1916 408 ogni

282 436 389 466 cosa
410 437 496 468 con
518 425 561 468 la
582 425 730 482 gratia
750 427 824 471 del
846 426 1042 484 Signore
1064 428 1092 470 ¹.

373 510 414 554 7.
479 501 719 546 Venimmo
740 518 767 546 a
789 505 938 561 Praga
962 510 1001 557 ²,
1025 504 1143 548 doue
1166 504 1251 548 feci
1267 504 1331 561 gli
1347 504 1558 548 essamini
1574 512 1619 548 et
1636 505 1912 550 confessioni

282 577 483 634 generali
505 579 526 606 b
551 586 597 623 et
617 581 922 625 essortationi:
947 596 1039 625 non
1065 581 1103 626 si
1126 581 1430 625 rinuouarono
1457 581 1488 624 li
1510 581 1621 635 voti,
1646 583 1814 638 perche
1836 581 1914 639 gia

281 654 312 697 li
333 656 574 701 haueuano
597 657 790 701 rinouati
819 659 865 702 in
886 659 1090 716 Giugno:
1115 659 1156 702 ci
1185 661 1235 702 fu
1261 659 1379 703 assai
1400 659 1687 715 occupationi
1709 659 1758 702 in
1786 659 1912 703 detto

281 732 474 790 collegio
496 749 573 790 per
594 736 956 792 esseregrande,
987 744 1033 780 et
1062 738 1204 781 hauer
1225 750 1331 779 casa
1352 737 1409 779 de
1436 735 1628 792 nouitij‚,
1646 744 1692 781 et
1720 736 1912 793 collegio

278 810 335 854 de
356 811 616 855 conuittori:
642 812 679 856 si
701 820 845 858 attese
866 829 892 857 a
915 814 1080 858 uedere
1100 814 1143 858 le
1170 813 1390 857 difficulta
1416 820 1463 856 et
1485 813 1628 869 dubij,
1655 821 1701 858 et
1718 820 1909 858 mettere

278 888 408 931 alcun
441 888 614 932 ordine.
650 892 778 934 Mtro.
804 890 1082 934 Alessandro
1118 892 1167 934 fu
1204 890 1431 934 chiamato
1458 890 1516 934 da
1552 890 1797 934 Olomucio
1830 905 1910 946 per

277 979 428 1009 essere
459 974 656 1011 maestro
687 967 759 1012 de’
798 967 982 1023 nouitij:
1014 968 1176 1010 furono
1197 967 1424 1010 emendati
1456 973 1474 994 c
1505 967 1616 1010 certi
1647 967 1793 1011 ordini
1826 969 1911 1011 che

278 1043 518 1087 haueuano
534 1044 629 1087 loro
647 1044 746 1088 fatti
763 1059 843 1101 per
858 1044 888 1087 li
905 1044 1082 1100 nouitij‚
1098 1044 1205 1088 dato
1222 1059 1283 1087 un
1301 1043 1549 1087 substituto
1566 1045 1607 1087 al
1626 1047 1759 1089 Mtro.
1775 1045 1910 1088 Ales—

278 1120 458 1172 sandro,
482 1128 528 1164 et
549 1121 663 1166 altre
683 1135 788 1165 cose
810 1123 894 1164 che
915 1135 1144 1178 pareuano
1170 1120 1417 1165 conuenire
1438 1136 1517 1177 per
1545 1121 1694 1176 quella
1721 1136 1827 1164 casa
1851 1121 1909 1164 de

278 1196 453 1253 nouitij.
478 1199 566 1242 Per
602 1199 644 1242 la
679 1213 783 1242 casa
819 1199 877 1243 de
903 1197 1147 1241 conuittori
1168 1199 1228 1241 ho
1250 1199 1395 1242 anche
1427 1197 1650 1249 ordinato,
1681 1199 1766 1241 che
1788 1200 1908 1241 fosse

277 1287 454 1330 sempre
476 1289 539 1318 un
562 1282 767 1332 regente,
791 1283 837 1318 et
865 1277 942 1318 un’
977 1275 1090 1318 altro
1120 1274 1384 1319 coadiutore
1411 1289 1439 1318 o
1471 1289 1580 1318 uero
1608 1276 1904 1331 subregente,

248 1382 254 1387 -
277 1358 323 1394 et
344 1365 424 1406 per
445 1366 474 1409 9
494 1366 522 1395 o
550 1365 601 1395 10
622 1351 881 1406 conuittori,
906 1366 1024 1395 vnus
1046 1353 1312 1410 praefectus
1339 1351 1544 1404 cubiculi,
1572 1359 1618 1396 et
1640 1352 1752 1396 altre
1781 1366 1902 1395 cose.

273 1428 380 1471 Cosi
401 1429 475 1473 nel
495 1429 689 1486 collegio
712 1430 874 1472 furono
896 1428 1102 1473 ordinate
1130 1429 1272 1473 molte
1299 1442 1421 1481 cose,
1453 1430 1537 1472 che
1559 1442 1790 1485 pareuano
1821 1443 1905 1472 ne-

273 1505 468 1551 cessarie
489 1507 530 1550 al
558 1513 767 1563 presente
789 1521 995 1564 gouerno
1022 1514 1068 1550 et
1094 1505 1349 1562 disciplina,
1373 1519 1503 1549 come
1533 1506 1672 1549 uedra
1699 1506 1741 1549 1a
1766 1507 1815 1549 P.
1843 1506 1902 1549 V.

211 1606 219 1608 >
272 1597 354 1639 per
372 1583 403 1626 li
425 1583 569 1627 scritti
591 1585 677 1628 che
697 1583 735 1627 si
757 1584 997 1627 mandano.
1024 1585 1071 1627 [n
1096 1590 1258 1640 questo
1293 1582 1488 1639 collegio
1509 1582 1555 1625 di
1584 1584 1734 1639 Praga
1762 1583 1787 1626 e
1811 1597 1903 1626 una

272 1660 490 1704 difficulta
526 1660 672 1706 simile
708 1675 734 1704 a
754 1662 904 1717 quella
940 1661 1011 1704 del
1049 1659 1246 1717 collegio
1282 1659 1326 1702 di
1364 1659 1540 1705 Vienna
1566 1659 1604 1712 d,
1644 1660 1822 1704 benche
1855 1658 1901 1702 in

274 1737 452 1781 Vienna
473 1753 579 1795 pare
607 1738 857 1795 maggiore,
890 1740 975 1782 che
997 1737 1190 1782 essendo
1212 1744 1231 1764 θ
1259 1736 1484 1794 applicato
1510 1736 1616 1781 beni
1638 1737 1684 1779 di
1715 1751 1775 1780 un
1805 1751 1902 1780 mo-

273 1822 455 1859 nastero
472 1815 625 1871 Oybin
649 1816 664 1836 ³
687 1816 729 1859 al
750 1815 959 1872 collegio,
983 1814 1083 1858 dice
1105 1814 1221 1859 bene
1247 1814 1278 1856 l’
1302 1813 1572 1871 imperatore
1599 1814 1717 1858 nella
1739 1814 1903 1857 lettera

272 1892 390 1935 della
411 1892 686 1946 fondatione,
706 1895 791 1937 che
808 1894 866 1936 ha
888 1894 1000 1935 fatto
1022 1892 1172 1947 quello
1194 1905 1279 1935 con
1304 1892 1468 1935 facolta
1494 1891 1568 1935 del
1594 1906 1727 1948 papa,
1752 1897 1798 1935 et
1819 1905 1900 1946 ap·

271 1968 437 2025 plicato
458 1969 489 2012 il
521 1969 536 1997 f
560 1969 832 2013 monasterio
852 1969 897 2012 di
919 1970 1012 2014 San
1034 1968 1284 2012 Domenico
1305 1969 1320 1990 ⁵
1344 1982 1433 2012 con
1449 1969 1492 2012 la
1507 1968 1752 2012 medesima
1768 1974 1901 2011 auto-

269 2045 370 2099 rita3
410 2061 484 2090 ma
510 2046 586 2089 noi
614 2061 705 2089 non
733 2047 776 2089 lo
814 2046 1037 2102 possiamo
1074 2046 1340 2090 altramente
1360 2052 1384 2080 ⁸
1409 2052 1628 2089 mostrare
1665 2059 1744 2101 per
1779 2045 1900 2087 bolla

267 2123 513 2179 apostolica
534 2138 562 2166 o
582 2123 754 2168 brieue.
781 2124 816 2166 Il
833 2123 1078 2167 medesimo
1100 2130 1146 2166 et
1167 2122 1245 2179 pisi
1264 2122 1447 2167 difficile
1468 2124 1493 2166 ὲ
1525 2122 1571 2165 in
1595 2121 1790 2174 Vienna,
1814 2123 1900 2165 che

267 2200 508 2243 habbiamo
534 2200 565 2243 il
592 2199 863 2245 monasterio
891 2201 948 2244 de
984 2199 1200 2243 carmeliti
1229 2200 1339 2254 ⁴„et
1366 2214 1457 2243 non
1479 2214 1531 2242 so
1560 2205 1730 2254 quante
1757 2197 1899 2254 vigne

264 2276 338 2320 del
365 2277 612 2320 medesimo
650 2276 920 2320 monasterio
956 2277 1178 2333 applicate
1208 2277 1251 2320 al
1277 2277 1486 2334 collegio.
1519 2275 1694 2320 Diceua
1722 2276 1840 2318 bene
1864 2276 1896 2317 l’

265 2352 535 2410 imperatore
572 2353 879 2406 FerdinandO,
920 2355 1006 2396 che
1042 2355 1221 2399 haueua
1253 2354 1409 2410 quello
1433 2355 1548 2397 fatto
1587 2368 1666 2409 per
1702 2351 1900 2395 autorita

337 2490 360 2512 ³
397 2483 655 2520 Emendatum
673 2496 695 2520 a
712 2484 804 2520 libr.
828 2495 877 2519 ex
904 2484 1179 2520 Vienna.-b2
1203 2485 1324 2520 verba
1346 2496 1458 2532 seqq.
1489 2482 1638 2519 addidit
1662 2482 1753 2518 libr.
1782 2493 1899 2528 supra

267 2550 440 2580 vers—0
471 2543 729 2580 Emendatum
747 2554 769 2578 a
787 2543 836 2578 N.
856 2554 905 2579 ex
922 2543 1123 2578 mandati.
1141 2543 1225 2579 Non
1238 2548 1370 2579 autem
1383 2543 1541 2579 omnino
1555 2541 1803 2577 emendatum
1821 2546 1897 2585 est,

265 2614 353 2638 nam
371 2602 558 2639 remansit
574 2604 795 2640 emundati.
806 2602 869 2630 ..d
897 2613 921 2648 4
938 2604 1059 2638 verba
1075 2614 1190 2650 seqq.
1212 2601 1361 2639 addidit
1379 2602 1468 2639 libr.
1487 2613 1604 2648 supra
1621 2612 1742 2644 vers.,
1768 2610 1837 2647 pro
1861 2602 1900 2635 et

261 2661 384 2708 forse,
397 2675 497 2710 quae
514 2663 745 2699 delevit.-e
762 2662 1019 2698 Emendatum
1043 2674 1065 2697 a
1089 2662 1180 2698 libr.
1217 2673 1267 2698 ex
1296 2660 1578 2698 essendoli.-f
1605 2660 1790 2707 Sequitur
1818 2671 1881 2695 me

259 2722 410 2757 desimo
427 2721 677 2758 obliteratum
694 2733 716 2757 a
735 2722 828 2758 libr.
846 2729 906 2756 ..g
936 2721 1122 2768 Sequitur
1138 2724 1333 2758 accettare
1360 2721 1534 2758 deletum
1554 2731 1576 2755 a
1594 2719 1681 2756 libr.

333 2824 343 2844 ¹
394 2822 503 2857 Haec
526 2821 684 2870 scripta,
709 2822 813 2870 quod
836 2821 885 2857 ad
909 2821 1038 2858 studia
1061 2820 1216 2864 attinet,
1241 2822 1363 2858 habes
1386 2821 1427 2858 in
1456 2820 1600 2857 nostris
1625 2819 1897 2854 Monumentu

254 2881 560 2928 paedagogicis,
578 2892 695 2928 pagg.
714 2881 799 2927 800,
817 2880 902 2925 823,
921 2886 962 2917 et
980 2880 1067 2916 828.

331 2942 345 2962 2
396 2941 456 2975 De
473 2941 547 2975 hoe
564 2941 755 2976 coenobio
772 2939 863 2975 vide
882 2940 1016 2987 Epist.
1038 2939 1204 2982 Natal„
1222 2940 1275 2984 11,
1294 2948 1377 2986 241.

335 2999 350 3019 ³
398 2998 460 3035 Cf.
480 2999 612 3047 Epist.
636 2999 800 3043 Natal.,
819 2999 870 3044 II,
888 3009 971 3044 499,
992 3006 1080 3043 500.

335 3060 350 3080 ⁴
399 3057 464 3095 Cf.
488 3058 705 3104 ΡοιΑΝοο,
727 3058 891 3103 chron„
910 3058 983 3103 111,
1001 3057 1083 3103 2583
1103 3058 1174 3105 IV,
1191 3057 1363 3105 232-234,
1381 3063 1422 3094 et
1440 3067 1526 3103 249.
