2228 3548
926 281 950 317 4
975 271 1079 316 MAJr
1109 272 1200 318 1566
1788 272 1837 320 89

239 371 287 417 in
306 372 498 430 imperio
518 373 814 418 confirmatae
835 373 1038 428 fuerunt,
1063 374 1112 419 in
1132 376 1221 419 hoc
1241 374 1341 432 ipso
1362 389 1546 421 recessu
1568 390 1749 420 rursum
1770 390 1884 421 con-

240 450 544 504 firmarentur,
577 465 634 494 an
664 450 850 506 idcirco,
874 452 997 508 quod
1025 452 1084 496 ad
1110 452 1360 497 catholicos
1380 453 1564 507 attinet,
1589 453 1883 511 dogmatibus

239 528 418 585 concilij
442 528 675 574 tridentini
696 529 1108 586 praejudicaretur?

330 606 503 650 Contra
529 606 667 650 huius
688 606 866 664 concilij
895 608 1136 664 dogmata,
1162 621 1280 663 quae
1308 608 1415 652 fidei
1442 623 1543 653 esse
1563 609 1878 667 intelligimus,

239 683 338 728 fieri
361 684 434 729 uel
456 683 755 741 praeiudicari
776 699 869 728 non
891 684 1089 738 videtur,
1114 684 1152 728 si
1174 699 1266 742 pax
1286 684 1334 729 in
1355 686 1667 743 superioribus
1687 687 1880 732 recessi·

238 762 325 805 bus
347 762 612 815 constituta,
636 776 759 805 nunc
781 761 944 807 iterum
967 762 1327 816 confirmaretur,
1352 764 1461 807 dum
1490 764 1763 809 Germaniae
1784 772 1881 810 sta-

235 845 310 883 tus
330 839 377 882 in
401 839 470 883 his
492 839 630 883 tantis
652 839 848 897 dissidijs
869 839 1073 897 grauiter
1093 855 1203 884 sane
1224 841 1413 885 laborat.

322 916 500 961 Deinde
521 917 559 960 si
582 917 786 962 adiectae
807 917 914 961 huic
935 917 1035 974 paci
1056 917 1340 963 conditiones
1362 919 1692 975 expendantur,
1717 919 1880 965 viden-

232 1002 307 1038 tur
337 994 441 1039 illae
476 1009 635 1039 omnes
667 1002 875 1039 constare
910 1009 1015 1039 cum
1046 994 1180 1039 dictis
1211 996 1503 1052 dogmatibus
1540 996 1742 1054 concilij,
1773 1011 1878 1041 cum

232 1086 388 1117 earum
412 1072 535 1115 nulla
557 1079 715 1116 contra
736 1071 1009 1116 catholicum
1032 1073 1218 1129 dogma,
1250 1072 1296 1116 in
1318 1073 1479 1118 eodem
1501 1073 1693 1118 concilio
1714 1075 1875 1120 defini·

236 1156 349 1202 tum,
374 1150 524 1192 facere
545 1149 769 1193 uideatur.
795 1150 846 1192 In
869 1149 1036 1205 quibus
1057 1149 1240 1206 quidem
1268 1150 1606 1195 conditionibus
1627 1150 1749 1195 aliud
1777 1166 1879 1197 esse

234 1226 346 1269 nihil
381 1225 700 1283 intelligimus,
729 1233 1047 1283 praeterquam
1076 1226 1414 1283 permissionem
1430 1260 1440 1280 ,
1470 1227 1876 1272 dissimulationem

233 1303 568 1348 ecclesiasticae
582 1302 922 1356 iurisdictionis,
935 1317 989 1347 ac
1001 1303 1112 1348 iuris
1125 1303 1262 1348 etiam
1275 1304 1520 1361 imperialis
1530 1304 1670 1350 debiti
1682 1320 1876 1362 suspen-

231 1381 424 1426 sionem.
451 1382 584 1437 Quae
605 1380 770 1434 media,
796 1382 854 1425 ab
877 1381 1151 1438 aduersarijs
1173 1382 1377 1436 obtrusa,
1402 1381 1573 1426 idcirco
1594 1397 1621 1426 a
1642 1383 1877 1427 catholicis

229 1464 464 1515 acceptata
486 1457 715 1511 videntur,
741 1465 792 1502 ut
813 1459 956 1503 durae
977 1466 1022 1503 et
1043 1457 1297 1503 ineuitabili
1318 1459 1578 1504 necessitati
1602 1466 1872 1517 temporum,

229 1542 276 1580 et
293 1534 586 1580 sectariorum
603 1535 907 1592 peruersitati,
922 1535 979 1580 ad
996 1543 1178 1592 tempus
1192 1536 1396 1590 cedatur3
1414 1544 1554 1592 utque
1570 1537 1740 1581 maiora
1758 1538 1877 1581 mala

213 1612 477 1665 enitentur,
497 1626 602 1656 cum
621 1612 922 1670 grauissimus
942 1619 1107 1665 metus,
1129 1612 1207 1669 qui
1224 1612 1271 1656 in
1287 1612 1413 1657 viros
1429 1620 1695 1659 constantes
1712 1615 1875 1660 cadere

217 1697 423 1746 poterat,
447 1689 557 1746 ipsis
580 1689 814 1735 uideretur
835 1690 1038 1747 consilijs
1061 1690 1324 1735 melioribus
1340 1691 1491 1736 locum
1509 1707 1600 1736 non
1621 1692 1871 1748 reliquisse.

319 1767 547 1823 Quoniam
565 1782 675 1812 uero
691 1769 937 1812 nonnullae
953 1767 1236 1825 suspiciones
1253 1775 1300 1813 et
1321 1768 1712 1826 praesumptiones
1730 1770 1874 1814 malae

230 1844 489 1889 huiusmodi
500 1844 600 1902 paci
613 1844 804 1901 eiusque
817 1844 1156 1889 conditionibus
1168 1852 1360 1902 possunt
1374 1846 1557 1903 opponi,
1572 1862 1631 1892 ne
1644 1855 1875 1903 praeterea

231 1921 425 1965 concilio
442 1921 691 1966 tridentino
708 1922 884 1966 ratione
902 1923 993 1966 ulla
1010 1922 1310 1978 praeiudicari
1322 1922 1547 1975 videatur,
1563 1924 1697 1967 ualde
1712 1931 1875 1981 optan-

229 1998 338 2041 dum
361 2005 407 2044 et
429 1999 614 2043 omnino
635 2000 889 2043 curandum
921 1999 1124 2052 uidetur,
1149 2007 1200 2043 ut
1230 1999 1277 2043 in
1303 2001 1391 2044 hoc
1419 2008 1649 2057 postremo
1672 2015 1872 2053 recessu,

230 2089 345 2119 curn.
372 2076 585 2120 catholici
622 2076 789 2121 dictam
822 2091 980 2133 pacem
1018 2077 1286 2121 confirmare
1316 2077 1546 2122 uoluerint
1559 2114 1570 2135 ‚
1612 2093 1873 2135 expressam

227 2152 504 2197 mentionem
526 2160 572 2197 et
589 2153 919 2210 professionem
942 2153 1110 2197 faciant
1131 2154 1398 2211 dogmatum
1421 2155 1598 2211 concilij
1619 2154 1869 2199 tridentini.

316 2231 479 2287 Neque
500 2245 659 2287 parum
682 2231 820 2275 refert
842 2231 975 2284 illud,
1002 2237 1068 2285 ut,
1094 2245 1212 2286 quae
1233 2238 1493 2277 statuentur
1514 2233 1571 2277 de
1593 2247 1721 2289 pace,
1747 2232 1870 2275 affir-

228 2307 419 2360 matiue,
445 2306 618 2363 reliqua
639 2321 750 2352 uero
777 2308 834 2351 de
863 2307 1224 2363 conditionibus,
1249 2308 1415 2365 quibus
1442 2308 1655 2353 catholici
1685 2308 1874 2366 grauari

229 2384 523 2437 videbuntur,
549 2398 642 2428 non
663 2383 750 2428 nisi
776 2384 995 2441 negatiue
1025 2385 1343 2439 enuncientur,
1369 2393 1420 2429 ut
1452 2387 1621 2430 factum
1651 2384 1870 2442 permitti,

230 2476 326 2505 non
357 2461 430 2505 ius
462 2462 536 2506 uel
569 2461 776 2517 potentia
811 2460 950 2504 statui
986 2461 1210 2506 videatur.
1246 2462 1324 2508 Sic
1360 2463 1481 2507 enim
1519 2470 1642 2507 recte
1679 2462 1872 2506 dicetur:

230 2553 389 2595 pacem
409 2538 711 2592 semabimus,
737 2545 1023 2595 augustanae
1043 2539 1342 2584 confessionis
1369 2540 1576 2584 homines
1608 2554 1701 2583 non
1730 2539 1874 2583 mole-

229 2615 467 2669 stabimus,
492 2614 850 2659 iurisdictionem
873 2629 964 2658 non
987 2615 1316 2672 exercebimus,
1342 2624 1492 2661 stante
1514 2631 1626 2673 pace
1646 2624 1736 2660 etc.

229 2738 292 2769 tus
309 2733 517 2780 augustani
534 2733 825 2770 informaretur.
846 2733 1000 2780 Scripta
1019 2739 1110 2770 sunt
1129 2733 1259 2770 omnia
1277 2735 1326 2771 ab
1345 2735 1484 2772 eodem
1499 2735 1650 2771 Natalis
1665 2746 1874 2771 amanuen-

227 2803 271 2827 se
289 2791 336 2827 P.
361 2792 553 2839 Jimenez,
572 2792 743 2840 demptis
761 2793 838 2829 illis
856 2792 1216 2840 protestationibus,
1237 2793 1287 2830 ad
1302 2794 1423 2830 finem
1442 2794 1686 2841 singulorum
1710 2794 1873 2841 scripto-

222 2862 309 2886 rum
326 2851 484 2897 additis,
503 2863 582 2888 sc.:
602 2852 714 2888 Haec
737 2865 763 2888 a
782 2852 892 2888 nobis
917 2853 1026 2888 dicta
1049 2853 1132 2888 sint
1147 2855 1186 2888 et
1201 2851 1375 2900 sulq‘ecta
1395 2857 1629 2890 reuerenter
1648 2854 1693 2890 S.
1715 2854 1874 2889 domim·

226 2911 358 2946 nostri
380 2913 417 2946 et
442 2911 487 2948 S.
515 2912 620 2947 sedis
650 2912 908 2960 apostolicae.
923 2937 958 2948 ..
987 2916 1069 2948 etc.
1102 2923 1203 2959 quae
1227 2918 1320 2949 sunt
1344 2912 1495 2950 Canisii
1520 2925 1636 2949 manu
1666 2918 1865 2949 exaratae.

226 2968 545 3017 Subscriptiones
570 2970 736 3013 Natalis,
767 2970 916 3007 Canisii
941 2975 982 3007 et
1011 2970 1228 3007 Ledesmae
1258 2977 1349 3008 sunt
1379 2973 1663 3020 autographae.
1692 2971 1802 3008 Folia
1832 2976 1872 3006 et

160 3073 164 3078 ,
227 3027 390 3075 paginas
413 3029 587 3065 numeris
611 3029 868 3066 crassioribus
892 3035 1089 3066 notamus.
1118 3030 1165 3066 In
1189 3031 1364 3078 margine
1390 3031 1506 3079 primi
1531 3031 1772 3077 documenti,
1796 3029 1872 3066 alia

229 3098 361 3123 manu:
381 3098 408 3132 4
426 3087 532 3135 Maji
547 3088 662 3133 1566.
