2228 3548
1993 0 1996 2 ’
2020 0 2228 35 (ΜΨ-(ζωῇ

2082 31 2085 35 .
2120 30 2124 43 ‹
2186 50 2187 53 Ἴ
2216 29 2228 40 ,.

460 306 507 344 50
972 298 1113 334 EPIST.
1140 295 1184 331 P.
1214 294 1364 331 NADAL
1372 293 1485 340 -370

408 400 594 457 drigues
637 400 663 443 ¹.
698 400 771 443 No
801 400 966 442 hauem
990 398 1151 454 volgut
1173 397 1311 441 dexar
1332 396 1390 441 de
1411 396 1584 441 scriure
1606 401 1703 454 aco.
1730 399 1788 443 V.
1820 400 1874 443 P.
1899 414 1984 444 vea
2005 398 2042 443 si

404 477 668 522 conuendra
689 476 819 519 dirho
841 476 883 519 31
903 474 969 518 dit
991 474 1122 518 amic.
1148 475 1184 517 F
1186 472 1258 517 ins
1279 475 1347 517 aci
1370 479 1389 500 0
1417 487 1476 516 en
1497 473 1564 517 las
1586 481 1711 519 corts
1732 490 1792 519 no
1815 477 1906 521 han
1927 490 2040 520 con-

402 554 513 598 cluit
530 553 567 597 si
585 557 809 596 tractaran
832 552 1001 609 primer
1022 552 1079 595 de
1100 551 1143 594 13
1165 565 1331 608 guerra
1346 565 1376 606 y
1398 550 1723 606 contribution,
1748 556 1776 597 ό
1793 553 1909 598 dela
1931 554 2037 599 reli-

403 631 527 688 gion.
554 631 615 675 Se
642 644 783 686 pensa
810 644 900 686 que
927 629 1131 685 vendran
1159 632 1186 672 ἐι
1207 634 1346 671 tratar
1382 627 1635 672 iuntament
1663 629 1720 673 de
1747 645 1838 674 vna
1865 646 1894 688 y
1922 631 2036 676 altra

401 723 525 761 cosa,
550 724 580 764 y
598 722 686 763 que
706 716 841 750 tenen
862 721 924 750 vn
939 706 1063 759 scrit,
1085 715 1144 750 no
1161 705 1295 762 aquel
1312 719 1401 762 que
1418 706 1475 750 he
1492 705 1676 760 embiat,
1697 706 1799 752 sino
1816 709 1929 754 altre
1946 723 2035 766 que

401 787 502 828 no's
519 800 599 841 sap
640 784 665 829 f.
693 786 796 828 Deu
819 798 901 827 nos
923 783 1033 827 aiut.

521 877 548 905 o
571 862 629 906 de
652 863 789 906 Mars.

490 875 540 984 gi
571 941 626 983 V.
662 941 715 982 P.
747 942 923 995 pogues
953 939 1019 983 fer
1048 939 1167 982 bona
1195 938 1306 982 obra
1336 951 1392 981 en
1427 938 1498 995 [lo]
1523 944 1547 973 8
1574 953 1664 996 que
1696 939 1755 984 he
1791 939 1880 994 dit,
1920 944 2037 985 seria

403 1031 504 1061 erec
523 1017 565 1060 13
587 1016 729 1060 maior
751 1018 859 1060 obra
882 1031 994 1072 ques
1010 1030 1135 1074 puga
1151 1017 1219 1059 fer
1235 1023 1396 1073 aquest
1415 1022 1576 1073 temps,
1595 1031 1626 1073 y
1643 1016 1833 1074 principi
1851 1018 1908 1063 de
1924 1018 2036 1061 molt

398 1093 540 1138 maior
574 1094 606 1137 ².

485 1172 728 1227 Inscriptio
755 1186 783 1213 a
807 1176 950 1228 tergo:
981 1172 1114 1229 Jhus.
1147 1172 1200 1214 R.
1236 1172 1288 1214 P.
1315 1171 1373 1215 Ν.
1406 1170 1550 1228 S[oli].
1583 1171 1692 1214 Alia
1713 1186 1872 1214 manu:
1900 1173 2026 1228 1566.

394 1249 627 1306 Augusta.
654 1250 707 1292 P.
733 1249 909 1293 Natale.
938 1262 994 1304 30
1016 1248 1061 1292 di
1084 1247 1288 1305 Maggio.
1315 1248 1368 1292 C.
1406 1249 1657 1307 Vestigium
1679 1250 1843 1308 sigilli.

835 1397 854 1420 ,
1149 1359 1269 1400 330

865 1439 905 1474 S.
935 1437 1266 1475 FRANCISCUS
1292 1438 1364 1474 DE
1388 1437 1558 1485 BORJA

728 1506 930 1549 PATRI
974 1505 1403 1549 HIERONYMO
1446 1505 1695 1549 NADAL

925 1590 1086 1634 ROMA-E,
1113 1591 1134 1626 5
1160 1589 1321 1617 Amums
1351 1581 1441 1626 1566
1460 1582 1488 1617 ⁵.

387 1655 425 1682 Ι.
449 1646 581 1682 Deum
600 1647 757 1689 laudat,
777 1650 813 1683 et
826 1649 981 1695 gaudet
997 1649 1044 1684 de
1062 1647 1225 1683 Natalis
1241 1647 1469 1683 ministerio
1486 1648 1531 1683 in
1552 1646 1884 1686 Germania.—2.
1905 1646 2030 1685 Colle-

429 1706 505 1754 gia
524 1706 732 1741 Societatis
749 1718 921 1742 romana
938 1719 965 1742 a
983 1707 1141 1755 Borgia
1166 1707 1414 1743 lustrantur:
1433 1708 1480 1743 de
1497 1706 1659 1754 collegii
1681 1707 1845 1743 romani
1860 1707 2029 1743 dotatio—

431 1775 586 1811 ne.-3.
611 1766 825 1813 Philippus
843 1767 889 1801 II
900 1769 937 1803 et
956 1767 1004 1803 P.
1021 1768 1169 1802 Araoz:
1183 1778 1247 1803 res
1262 1766 1470 1803 societatis
1482 1767 1527 1802 in
1540 1766 1747 1814 Hispania
1759 1766 1851 1803 bene
1865 1767 2024 1803 cedunt.-

432 1825 644 1860 instructio
668 1826 882 1873 Borgiana
900 1829 977 1874 pro
1001 1827 1317 1871 visitatore.—4.
1342 1826 1602 1873 Imperatrici
1623 1837 1772 1862 munus
1794 1826 1975 1862 mittitur
1997 1838 2022 1862 a

431 1886 604 1931 Borgia:
624 1885 725 1920 Pius
751 1885 793 1926 V,
818 1886 995 1933 exemplo
1012 1886 1228 1922 modestiae
1249 1885 1438 1921 illustris:
1457 1884 1664 1920 Societatis
1686 1895 1846 1920 amans:
1863 1884 2022 1932 Borgia

426 1947 710 1992 paupertatem
720 1944 849 1991 fovet:
869 1945 947 1981 Dei
963 1957 1063 1993 erga
1082 1945 1317 1982 Societatem
1328 1944 1631 1992 providentiam
1649 1944 1806 1980 laudat.

479 2035 516 2066 Ι.
576 2024 675 2079 Jhs.
702 2024 813 2077 Muy
842 2023 953 2065 Rdo.
983 2023 1129 2066 Padre
1156 2037 1215 2066 en
1241 2021 1328 2066 X.⁰
1358 2023 1453 2066 Pax
1491 2020 1597 2078 Xpi.
1623 2020 1673 2066 Si
1707 2035 1848 2078 agora
1879 2028 2020 2078 tengo

384 2099 568 2156 tiempo‚
590 2100 781 2142 acabare
799 2099 841 2142 lo
864 2114 951 2154 que
974 2101 1015 2143 el
1034 2107 1134 2144 otro
1155 2101 1228 2143 dia
1251 2099 1526 2155 comencaba
1547 2102 1574 2142 3
1595 2097 1783 2142 escriuir
1804 2102 1830 2142 3
1847 2099 1904 2143 V.
1927 2100 1982 2142 R.
2004 2099 2019 2120 ⁴

383 2179 423 2221 Y
447 2184 618 2232 quanto
643 2180 668 2219 3
696 2177 739 2218 10
777 2175 986 2231 primero,
1016 2192 1141 2234 sepa,
1169 2177 1316 2221 Padre
1336 2176 1595 2229 charisimo,
1621 2190 1710 2232 que
1732 2176 1789 2220 de
1810 2175 1923 2220 cada
1945 2176 2019 2219 dia

381 2256 473 2310 doy
496 2267 703 2310 mayores
726 2253 902 2310 gracias
925 2255 963 2297 3]
988 2255 1134 2299 Sefior
1154 2269 1237 2311 por
1258 2268 1312 2298 su
1341 2253 1415 2298 ida
1437 2257 1463 2297 3
1489 2252 1758 2307 Germania,
1783 2252 2018 2309 parecien-

382 2332 515 2375 dome
541 2344 629 2387 que
658 2343 743 2373 con
778 2330 864 2373 ella
897 2345 946 2374 se
974 2346 1045 2375 me
1073 2331 1198 2386 quita
1226 2346 1287 2374 vn
1323 2345 1438 2386 gran
1467 2330 1675 2387 cuydado
1705 2343 1762 2373 en
1794 2329 1859 2373 las
1886 2342 2015 2373 cosas

452 2472 470 2492 e
516 2464 678 2500 Addidit
696 2463 751 2500 N.
774 2475 889 2511 supra
907 2477 1012 2501 vers.
1037 2467 1110 2502 hoc
1129 2466 1315 2502 verb.-—f
1336 2465 1359 2501 3
1373 2466 1493 2501 verba
1511 2477 1624 2513 seqq.
1644 2463 1775 2500 addita
1788 2469 1880 2501 sunt
1897 2476 2013 2512 supra

380 2535 482 2559 vers.
503 2535 524 2558 3
543 2523 674 2558 N.-g
699 2523 786 2558 Hoc
803 2534 1016 2570 pronomen
1035 2525 1166 2561 omisit
1184 2525 1249 2570 N.;
1269 2524 1339 2561 sed
1357 2523 1616 2572 supplendum
1633 2523 1805 2560 videtur.

452 2637 461 2656 ¹
513 2635 696 2671 Summus
715 2635 907 2682 pontifex,
926 2637 1066 2673 secreti
1083 2637 1224 2684 gratia,
1254 2637 1318 2674 hic
1335 2642 1376 2673 et
1393 2636 1488 2673 alias
1513 2637 1729 2684 appellatur
1745 2637 1782 2672 el
1799 2637 1937 2684 amigo
1964 2638 2012 2674 de

378 2692 622 2740 Rodriguez.
643 2694 744 2730 Vide
763 2693 876 2741 epist.
904 2694 987 2739 353.

447 2751 461 2770 ²
510 2753 765 2788 Desideratur
779 2754 1011 2801 subscriptio
1027 2755 1192 2792 Natalis.
1216 2755 1325 2792 Alias
1343 2756 1461 2792 etiam
1475 2755 1580 2792 illam
1595 2755 1740 2791 omittit
1754 2766 1800 2791 ea
1817 2754 1867 2791 de
1880 2766 2012 2802 causa,

373 2811 434 2854 (ut
451 2810 535 2857 ipse
554 2811 594 2847 in
612 2811 687 2848 alio
704 2813 790 2848 loco
808 2812 877 2857 ait)
895 2814 985 2860 quia
1003 2814 1087 2861 ejus
1106 2827 1243 2851 manus
1261 2815 1465 2851 notissima
1483 2819 1562 2851 est.

447 2871 461 2892 ³
512 2871 569 2905 Ex
588 2872 845 2918 autographo,
865 2872 904 2907 in
925 2872 1025 2909 Cod.
1051 2884 1114 2921 34,
1132 2873 1279 2922 duplici
1295 2874 1366 2910 fol.
1379 2903 1388 2921 ‚
1407 2882 1470 2920 171
1490 2876 1567 2921 (45,
1581 2874 1660 2920 46).
1679 2874 1792 2910 Hanc
1809 2873 2013 2921 epistolam

373 2928 438 2964 die
456 2937 477 2964 2
495 2929 587 2975 Maji
607 2941 649 2965 se
674 2930 873 2977 recepisse
898 2931 951 2966 ait
975 2932 1126 2968 Natalis
1151 2933 1191 2968 in
1217 2932 1337 2980 epist.
1359 2931 1444 2979 384,
1462 2932 1592 2969 littera
1616 2933 1667 2978 D,
1686 2937 1823 2980 quarta
1846 2931 1941 2979 Maji
1963 2933 2012 2968 ab

373 2987 457 3035 ipso
474 2988 604 3024 Natali
631 2988 775 3035 scripta
793 2994 833 3024 et
851 3000 873 3024 a
897 2990 977 3025 PP.
1004 2990 1163 3027 Canisio
1187 2996 1228 3027 et
1251 2991 1442 3027 Ledesma
1467 2991 1705 3039 subscripta.
1728 2991 1829 3028 Vide
1852 2999 1953 3039 quae
1970 2990 2010 3027 in

370 3053 506 3084 annot.
526 3047 630 3083 illius
650 3048 839 3094 epistolae
858 3047 1023 3084 dicimus
1038 3049 1087 3085 de
1106 3062 1200 3086 vero
1217 3055 1375 3087 auctore
1393 3049 1483 3086 talis
1503 3050 1709 3098 epistolae.

440 3109 455 3130 ⁴
506 3107 606 3143 Vide
625 3108 744 3154 epist.
765 3106 850 3154 366,
870 3113 958 3154 post
975 3109 1163 3156 scriptum
1181 3111 1464 3157 autographum
1481 3109 1665 3157 Borgiae.
