2228 3548
649 329 908 367 Pnoommm
932 337 1076 368 Tam-11
1100 337 1329 368 vetuimus
1684 340 1758 368 xxx

158 437 358 488 tumque
378 431 437 477 de
457 445 512 476 ea
531 431 668 476 domo
688 431 1012 489 supprimenda
1033 431 1322 478 deliberavit.
1353 433 1576 488 Tandem,
1600 433 1813 478 consulto

169 514 357 573 Borgia,
380 516 497 559 duos
518 514 669 559 socios
690 514 753 558 ibi
779 515 962 572 reliquit
982 515 1031 559 in
1052 516 1211 561 eadem
1238 517 1375 561 domo
1395 517 1809 572 dominicanorum,

174 598 253 643 ubi
273 599 689 654 commorabantur,
713 599 860 644 donec
880 598 1004 643 aliud
1021 614 1047 643 a
1068 600 1328 657 praeposito
1355 600 1559 659 generali
1585 608 1813 646 statuere-

164 689 249 727 tur
269 682 389 741 (355,
414 695 522 740 391-
529 695 630 740 394,
654 683 773 739 465).
798 683 941 726 Porro
961 682 1009 727 in
1035 682 1345 727 contractibus
1371 683 1691 728 fundationum
1713 699 1813 729 ma*

169 780 314 824 gnam
337 766 527 811 offendit
548 766 723 810 Natalis
744 765 1075 821 difficultatem,
1093 766 1264 824 duplici
1279 767 1564 824 potissimum
1581 769 1640 813 de
1655 782 1812 813 causa.

174 849 331 894 Primo
352 849 552 906 quidem,
582 849 883 907 collegiorum
913 849 1197 895 institutores
1227 850 1421 909 obligari
1453 851 1729 897 Societatem
1755 851 1816 895 ad

161 933 389 988 dandum,
415 940 591 991 praeter
612 933 855 991 magistros
873 933 1038 977 artium
1059 941 1105 978 et
1120 934 1388 987 litterarum,
1408 934 1545 979 etiam
1563 935 1816 979 conciona-

167 1024 318 1063 torem
339 1025 385 1063 et
412 1016 668 1084 theologi-ae
695 1017 877 1062 moralis
903 1017 1063 1062 saltem
1101 1031 1245 1062 unum
1274 1018 1491 1063 lectorem
1522 1019 1814 1076 expetebant.

172 1101 225 1144 Id
246 1107 399 1146 autem
421 1099 822 1144 constitutionibus
850 1115 1109 1158 repugnare
1131 1100 1388 1147 videbatur,
1423 1101 1501 1144 ubi
1523 1103 1579 1146 de
1602 1101 1814 1159 collegio,

170 1199 271 1228 non
297 1185 354 1228 de
383 1183 678 1228 universitate
713 1183 993 1227 instituenda
1028 1191 1257 1241 ageretur.
1299 1185 1459 1230 Altera
1486 1184 1731 1229 difficultas
1761 1199 1820 1230 ex

169 1267 355 1326 ‘ingenti
373 1268 677 1325 professorum
698 1281 891 1311 numero
913 1266 1161 1322 oriebatur,
1186 1267 1264 1325 qui
1285 1267 1332 1311 in
1355 1269 1548 1312 formula
1567 1268 1821 1312 institutio-

179 1351 253 1396 nis
274 1351 569 1408 collegiorum
592 1350 1032 1407 praescribebantur.
1054 1351 1250 1396 Multum
1270 1351 1452 1408 quidem
1483 1352 1703 1396 laboravit
1726 1353 1824 1396 Na-

175 1435 302 1490 talis,
326 1442 378 1479 ut
399 1435 445 1479 in
467 1434 538 1478 his
559 1441 605 1479 et
626 1434 674 1478 in
695 1434 928 1479 dotatione
946 1434 1173 1492 exigenda
1195 1435 1370 1479 facilior
1400 1435 1630 1493 germanis
1659 1436 1825 1481 redde-

179 1526 308 1565 retur
323 1518 618 1576 collegiorum
637 1518 824 1564 erectio.
844 1519 931 1563 Ast
949 1519 1027 1562 ubi
1045 1519 1240 1576 Borgiae
1255 1527 1454 1564 mentem
1472 1528 1531 1565 ex'
1546 1520 1646 1576 ejus
1662 1519 1825 1564 litteris

172 1602 415 1660 cognovit,
440 1601 556 1645 miro
579 1601 864 1647 obedientiae
880 1603 1088 1660 exemplo
1104 1602 1334 1659 proprium
1347 1603 1571 1659 judicium
1589 1594 1836 1660 deposuit,‘

176 1692 234 1729 ut
253 1699 340 1730 suo
360 1684 633 1730 moderatori
656 1700 826 1730 morem
848 1692 1029 1743 gereret
1052 1688 1285 1743 (439-445‚
1306 1687 1524 1744 449-456,
1545 1687 1665 1742 477).

243 1768 541 1814 Colonienses
563 1783 762 1825 quoque,
781 1769 937 1812 multis
954 1768 1316 1813 adversariorum
1340 1769 1658 1813 vexationibus
1679 1770 1827 1813 obno-

177 1854 299 1907 xios,
323 1860 579 1910 opportune
595 1852 838 1896 admodum
866 1851 1020 1896 invisit
1036 1852 1227 1906 Natalis,
1245 1867 1417 1909 eosque
1438 1852 1629 1898 mirifice
1646 1867 1803 1898 recrea
1815 1881 1826 1885 -

178 1937 267 1981 vit.
287 1938 385 1981 Nec
405 1936 552 1980 solum
576 1935 726 1980 verbis
747 1942 793 1980 et
814 1935 947 1979 solita
974 1950 1056 1979 eos
1082 1935 1345 1980 affabilitate
1373 1935 1599 1980 consolari
1627 1935 1825 1990 studuit,

179 2021 270 2066 sed
289 2034 426 2077 opere
452 2020 582 2076 plura
610 2019 743 2063 valde
765 2018 892 2063 utilia
913 2018 1079 2072 effecit,
1110 2018 1229 2063 inter
1257 2034 1375 2077 quae
1411 2026 1663 2064 memoratu
1685 2019 1828 2077 digna

180 2111 258 2149 est
278 2103 354 2148 illa
375 2103 534 2161 petitio
551 2103 744 2161 Borgiae
767 2105 902 2156 facta,
927 2110 979 2146 ut
1010 2103 1183 2148 litteras
1203 2103 1598 2149 commendatitias
1625 2118 1652 2147 a
1673 2103 1826 2160 ponti-

185 2188 273 2232 fice
298 2174 702 2245 postularethuas
723 2187 906 2243 quidem
928 2186 1053 2231 dedit
1074 2186 1278 2243 pontifex
1310 2187 1412 2230 urbi
1443 2194 1490 2231 et
1522 2186 1825 2242 universitati,

180 2285 280 2314 non
297 2270 396 2315 sine
417 2283 595 2314 summo
617 2269 798 2326 collegii
815 2269 1121 2314 emolumento
1139 2270 1258 2327 (405,
1277 2271 1396 2327 406).
1424 2271 1675 2313 Pulchrum
1698 2269 1827 2313 insu-

185 2352 407 2411 petillius
428 2351 609 2409 collegii
630 2350 831 2408 elogium
853 2351 1032 2408 scripsit
1053 2351 1244 2408 Natalis,
1268 2351 1347 2395 ubi
1365 2354 1475 2396 haec
1498 2352 1617 2397 inter
1633 2351 1720 2395 alia
1742 2352 1829 2395 ha-

188 2438 374 2480 bentur:
403 2437 609 2492 «Questo
630 2435 839 2492 collegio,
866 2435 1029 2488 Padre,
1054 2435 1079 2479 ὲ
1100 2436 1240 2479 molto
1261 2435 1389 2489 utile,
1408 2443 1454 2479 et
1476 2436 1615 2479 molto
1636 2448 1825 2492 pouero,

187 2526 242 2565 et
262 2521 323 2564 ho
342 2534 422 2577 per
444 2526 570 2564 certo
591 2520 676 2562 che
699 2518 824 2562 Iddio
846 2499 1168 2575 specialmente
1194 2533 1416 2564 concorre
1436 2533 1524 2562 con
1547 2533 1649 2563 esso
1670 2524 1717 2561 et
1738 2518 1830 2561 co’l

114 2662 117 2664 Ι
195 2610 338 2648 rettor
358 2617 460 2649 suo,
486 2605 543 2647 Et
566 2603 830 2657 realmente,
854 2615 985 2645 come
1005 2602 1068 2645 mi
1089 2617 1174 2646 son
1194 2602 1524 2660 marauegliato
1545 2602 1683 2645 molte
1705 2602 1829 2647 uolte

186 2687 270 2730 del
291 2686 487 2743 collegio
508 2687 566 2731 de
587 2687 747 2738 Roma,
767 2699 898 2730 come
914 2684 953 2728 si
969 2691 1192 2739 sustenta,
1211 2685 1307 2730 cosi
1330 2699 1495 2729 ancora
1516 2684 1562 2728 di
1584 2692 1747 2742 questo
1769 2684 1831 2728 mi

190 2770 489 2827 maranegli03
514 2776 560 2815 et
581 2770 734 2822 credo,
759 2769 921 2822 Padre,
946 2769 1034 2812 che
1057 2770 1095 2812 c'
1119 2769 1143 2812 ὲ
1166 2769 1360 2824 qualche
1387 2782 1609 2812 concorso
1635 2767 1832 2825 speciale

183 2851 266 2897 del
288 2851 473 2909 signore
494 2851 639 2905 Iddio,
664 2866 744 2908 per
765 2851 796 2894 il
817 2865 933 2908 gran
955 2851 1098 2894 frutto
1118 2851 1205 2895 che
1226 2853 1263 2895 s’
1288 2851 1312 2895 ὲ
1342 2851 1456 2895 fatto
1484 2851 1531 2894 in
1559 2857 1720 2906 questa
1742 2850 1834 2894 cita

188 2940 242 2979 et
258 2933 509 2991 prouincia,
533 2941 579 2980 et
599 2935 639 2978 s’
663 2940 842 2991 aspetta
864 2931 1069 2991 magiore
1089 2947 1176 2977 con
1197 2934 1243 2977 la
1270 2934 1428 2978 diuina
1448 2933 1614 2991 gratia,
1637 2932 1834 2978 essendo

186 3018 284 3062 che
304 3016 343 3061 si
364 3018 409 3060 fa
440 3016 550 3074 ogni
571 3031 680 3062 cosa
714 3022 983 3075 puramente
1004 3031 1086 3073 per
1122 3015 1283 3061 aiutar’
1308 3017 1340 3060 l'
1365 3016 1514 3060 anime
1535 3023 1582 3061 et
1608 3018 1779 3060 seruar’
1803 3014 1838 3060 il

195 3100 266 3144 fin
281 3100 355 3145 del
376 3110 533 3144 nostro
556 3099 791 3144 instituto»
818 3099 1067 3158 (427-429).
