2228 3548
968 290 992 328 3
1015 291 1118 336 MAJI
1146 292 1237 339 1567
1802 296 1873 335 459

278 393 517 447 Bohemia,
543 401 588 439 et
616 393 870 451 parimente
896 393 1003 438 delli
1030 394 1149 448 altri,
1173 393 1241 439 sia
1266 393 1475 452 obligato
1503 407 1530 437 a
1550 389 1869 446 comunicarsi‚
1891 404 1923 434 o

279 472 327 517 di
346 470 561 529 quindeci
592 471 639 514 in
672 482 721 527 15
746 471 912 529 giorni,
946 486 975 516 o
1006 470 1053 515 di
1085 486 1210 517 mese
1245 471 1293 515 in
1327 484 1467 516 mese.
1494 468 1756 514 Puotrebbe
1782 467 1919 512 etiam

280 549 503 608 giongere
523 551 612 594 che
634 548 672 592 si
686 556 708 577 a
721 548 861 593 facesi
882 549 1080 606 qualche
1100 549 1306 593 oratione
1326 555 1373 593 et
1393 545 1576 605 pregasi
1597 559 1677 603 per
1698 545 1763 602 gli
1784 546 1919 590 here-

281 626 361 671 tici
380 634 427 671 et
453 626 700 671 scismatici
727 633 773 671 et
801 626 940 683 quelli
966 628 1053 671 che
1080 632 1213 671 stano
1239 626 1286 670 in
1319 624 1546 671 necessita
1573 624 1616 668 d’
1639 623 1764 668 aiuto
1790 621 1919 680 spiri·

279 705 417 750 tuale.
442 704 546 749 Alle
574 704 687 747 altre
714 704 874 748 lettere
905 718 997 748 non
1019 717 1209 748 occorre
1234 703 1398 748 adesso
1420 703 1507 747 che
1531 698 1782 758 risponder'
1803 700 1921 744 altra

276 796 398 843 cosa:
424 797 474 827 se
495 782 688 838 qualche
709 795 816 825 cosa
836 781 959 835 sara,
984 781 1187 825 scriuerc')
1221 781 1281 826 da
1311 779 1445 837 Spita
1476 793 1563 824 con
1589 779 1634 822 la
1665 776 1812 836 gratia
1842 776 1917 821 del

275 859 472 917 signore
494 874 503 913 ;
528 855 562 902 il'
581 859 714 916 quale
736 858 803 902 sia
829 872 1008 916 sempre
1029 872 1116 902 con
1138 856 1231 902 noi.
1262 857 1363 902 Ora
1377 861 1468 913 pro
1489 855 1636 908 nobis,
1658 856 1819 899 Pater.
1843 854 1917 898 Da

276 936 473 993 Treuiri,
497 936 571 979 aui
595 937 649 979 28
671 936 716 979 d'
736 935 896 992 Aprile
923 936 1050 991 1567.
1076 937 1147 980 De
1170 937 1223 979 P.
1249 935 1309 979 V.
1335 947 1469 978 seruo
1490 932 1537 975 in
1555 933 1658 985 X.⁰,

1357 1016 1388 1075 †
1420 1017 1607 1061 NADAL.
1644 1016 1674 1074 †

364 1168 609 1224 Inscriptio
630 1168 680 1211 in
702 1171 869 1224 quarta
883 1167 1082 1225 pagina:
1096 1167 1228 1225 jhus.
1255 1165 1518 1210 Admodum
1541 1165 1655 1208 Rdo.
1682 1162 1807 1207 Patri
1828 1176 1913 1207 no-

275 1252 370 1289 stro
398 1244 444 1288 in
475 1244 674 1297 Christo,
706 1243 947 1288 Francisco
974 1258 1001 1288 a
1029 1242 1218 1301 Borgia‚
1249 1241 1492 1288 Societatis
1513 1243 1624 1300 Jesu
1656 1239 1914 1298 praeposito

275 1312 608 1379 generaliJetc.
634 1323 794 1366 Roma.
819 1321 928 1365 Alia
948 1335 1107 1364 manu:
1123 1335 1169 1377 p.
1189 1333 1231 1364 e.
1251 1334 1312 1363 m.
1339 1320 1467 1375 1567.
1490 1317 1695 1363 Treueri.
1723 1319 1795 1362 P}
1816 1318 1913 1362 Na*

275 1399 380 1443 tale.
403 1399 458 1442 28
481 1397 526 1441 d'
545 1397 718 1455 Aprile.
753 1398 1004 1455 Vestigium
1026 1397 1190 1455 sigilli.

1038 1508 1152 1550 429

766 1593 807 1629 S.
827 1591 1159 1630 FRANCISCUS
1177 1593 1248 1628 DE
1264 1590 1435 1639 BORJA

606 1660 818 1704 PATRI
860 1658 1293 1704 HIERONYMO
1333 1658 1581 1716 NADAssL

836 1743 1032 1780 Tuscum,
1050 1734 1073 1771 3
1089 1743 1183 1779 mm
1202 1734 1292 1780 1567
1310 1734 1338 1772 ¹.

265 1822 307 1849 1.
329 1812 391 1849 De
407 1813 575 1861 collegio
592 1813 911 1850 coloniensi.—2.
939 1813 998 1849 De
1013 1812 1189 1860 spirensi
1195 1821 1301 1858 .—3.
1323 1811 1385 1849 De
1401 1811 1642 1859 quibusdam
1661 1812 1808 1848 litteris
1824 1812 1906 1848 edi-

317 1872 370 1908 tis
385 1873 434 1908 de
454 1873 580 1920 gestis
600 1873 641 1911 S.
666 1873 812 1909 Pii-V.-
833 1873 971 1908 studia
999 1872 1045 1907 in
1073 1871 1262 1908 tirocinio
1288 1882 1368 1907 non
1390 1872 1546 1919 passim
1567 1871 1910 1918 permittenda.—

314 1941 359 1976 4.
384 1931 445 1968 De
462 1931 626 1968 Natalis
638 1932 985 1980 peregrinatione,
1003 1934 1041 1967 et
1058 1931 1106 1967 de
1122 1930 1366 1967 scholasticis
1381 1930 1671 1978 approbatis.—
1677 1940 1717 1974 5.
1741 1930 1803 1966 De
1820 1941 1910 1966 ora-

311 1991 418 2027 tione
435 1991 678 2039 vespertina,
696 1992 744 2027 de
754 1990 1004 2039 fundatione
1021 1990 1183 2038 collegii
1198 1990 1444 2038 moguntini,
1459 1995 1496 2026 et
1513 1991 1560 2026 de
1573 1990 1734 2038 scriptis
1747 1989 1912 2026 Natalis

311 2049 486 2086 Romam
513 2049 762 2087 missis.—6.
800 2050 862 2086 De
890 2050 1057 2098 collegio
1078 2048 1453 2097 herbipolensi.—7.
1484 2049 1546 2085 De
1569 2050 1836 2095 dimittendis,
1859 2049 1908 2086 de

308 2108 476 2157 collegio
493 2108 750 2152 olomucensi,
764 2110 862 2145 etde
879 2111 1087 2145 contractu
1096 2107 1363 2156 fundationis
1374 2108 1732 2157 dilingensis.—8.
1754 2109 1816 2145 De
1834 2109 1911 2145 Pe·

306 2170 371 2204 tro
388 2168 547 2215 Haupt,
565 2171 603 2205 et
619 2169 667 2204 de
684 2169 846 2215 scriptis
858 2171 938 2215 pro
955 2168 1041 2204 vita
1060 2167 1104 2204 S.
1129 2167 1287 2216 Ignatii
1303 2168 1594 2215 componenda.

355 2256 392 2288 1.
451 2246 584 2303 Jhus.
612 2246 754 2290 Molto
776 2246 899 2291 Rdo.
931 2244 978 2288 in
999 2246 1119 2302 Xpo.
1146 2245 1310 2290 Padre.
1335 2246 1433 2289 Pax
1454 2245 1561 2301 Xpi.
1588 2252 1675 2290 etc.
1702 2243 1902 2300 Rispon-

262 2321 374 2366 deri)
394 2335 478 2378 per
499 2327 660 2377 questa
682 2322 755 2365 all'
781 2321 938 2365 ultima
959 2321 1006 2364 di
1027 2323 1085 2366 V.
1111 2323 1165 2366 R.
1190 2321 1238 2365 d'
1266 2334 1314 2367 11
1338 2321 1385 2366 di
1407 2324 1578 2374 Marzo,
1609 2328 1655 2366 et
1682 2320 1756 2365 alli
1773 2320 1904 2377 punti

267 2401 354 2443 che
374 2405 617 2445 restauano
638 2399 684 2443 di
707 2401 856 2456 quelle
877 2399 923 2443 di
946 2412 1003 2444 20
1024 2406 1070 2444 et
1088 2412 1146 2455 24
1165 2400 1211 2444 di
1231 2400 1445 2447 Febraro.
1473 2402 1530 2444 Et
1550 2399 1711 2457 prima,
1732 2405 1905 2455 quanto

266 2476 308 2520 al
324 2476 459 2520 modo
475 2475 521 2519 di
537 2477 785 2533 procedere
807 2491 894 2520 con
914 2476 946 2520 li
966 2477 988 2505 ¹²
1015 2477 1160 2521 nostri
1181 2477 1300 2524 della
1320 2485 1338 2507 c
1366 2477 1616 2521 vniuersita
1632 2476 1678 2519 di
1694 2475 1900 2528 Colonia,

261 2554 456 2597 hauemo
478 2554 619 2597 molto
641 2568 756 2610 poca
776 2553 1106 2608 sodisfattione‚
1132 2555 1297 2612 perche
1317 2569 1426 2612 pare
1446 2554 1485 2598 si
1508 2553 1650 2598 faccia
1666 2551 1898 2610 pregiudi-

260 2628 334 2673 cio
354 2644 446 2674 non
474 2629 681 2688 leggiero
718 2630 759 2674 al
788 2637 946 2674 nostro
969 2629 1192 2675 instituto.
1223 2630 1274 2677 Si
1302 2631 1529 2690 aspettara
1560 2645 1646 2688 pur
1681 2629 1899 2672 informa-

331 2794 352 2816 ⁸
391 2789 477 2825 Hoc
494 2791 609 2827 verb.
635 2790 785 2828 addidit
804 2791 892 2828 libr.
912 2802 1028 2839 supra
1046 2792 1231 2828 verm-1¹³
1243 2792 1502 2829 Emendatum
1520 2804 1542 2828 a
1560 2792 1646 2828 libr.
1668 2802 1716 2827 ex
1732 2791 1832 2827 delli
1838 2812 1906 2827 .—

260 2854 278 2875 c
294 2847 555 2884 Emendatum
574 2861 596 2886 a
614 2850 703 2886 libr.
724 2862 773 2887 ex
791 2851 917 2887 nella.

331 2983 341 3004 ¹
394 2984 455 3020 Ex
473 2985 701 3034 archetypo,
722 2998 745 3023 a
763 2986 991 3024 Fernandez
1008 2992 1180 3035 exarato,
1202 2993 1243 3024 et
1258 2989 1427 3036 Borgiae
1450 3000 1566 3025 manu
1591 2987 1709 3025 variis
1734 2986 1900 3024 additio—

256 3041 375 3079 nibus
394 3048 510 3079 aucto
527 3049 568 3080 et
585 3045 820 3093 subscripto,
842 3046 883 3082 in
903 3045 1002 3082 Cod.
1028 3056 1092 3093 34,
1110 3046 1256 3094 duplici
1273 3047 1356 3095 fol„
1375 3056 1443 3084 201
1465 3047 1540 3095 (82,
1559 3047 1638 3094 83).
1662 3046 1763 3083 Vide
1781 3047 1898 3094 epist.

257 3101 436 3148 464-465,
454 3102 525 3148 468
543 3108 584 3139 et
601 3103 686 3150 469,
703 3105 848 3153 quibus
868 3104 932 3142 hic
948 3105 1221 3153 respondetur.
