2228 3548
442 305 513 343 742
961 293 1098 328 Ems'r.
1126 291 1171 326 P.
1199 290 1470 336 NADAL—617

1163 448 1266 487 61⁷

841 531 894 573 P.
921 528 1334 573 HIERONYMUS
1366 529 1585 572 NADAL

652 618 855 654 PATRI
895 616 1265 655 EVERARDO
1308 616 1766 655 MERCURIANO

881 703 1138 741 oENJPONTE,
1157 695 1202 730 28
1219 703 1381 732 APRlLls
1402 703 1492 740 1577
1510 694 1536 730 ¹.

703 774 766 810 De
782 785 854 809 suo
871 773 1007 809 reditu
1025 773 1069 808 in
1087 772 1270 818 Italiam,
1288 773 1336 809 de
1351 773 1456 809 socio
1472 776 1510 809 et
1526 774 1573 810 de
1591 773 1718 809 libris.

484 861 514 917 ἦ·
549 859 693 903 Molto
706 858 822 902 Rdo.
842 859 895 901 P.
914 858 973 901 N.
991 857 1037 900 in
1055 858 1134 900 X.⁰
1149 858 1246 901 Pax
1261 858 1304 900 X
1317 856 1339 908 ‚¹
1361 858 1411 900 In
1429 863 1546 901 tutte
1562 857 1605 902 le
1620 858 1760 903 letere
1773 858 1891 903 della
1902 860 1954 902 P.
1967 859 2030 903 V.

394 938 457 981 mi
479 938 537 981 da
559 936 591 979 il
613 936 782 993 Signor
802 934 971 991 special
999 934 1301 989 consolation,
1325 949 1399 978 ma
1426 934 1781 991 singularmente
1808 935 1852 978 in
1882 936 2032 991 quelle

395 1018 483 1059 che
508 1020 790 1071 pertengona
810 1012 905 1068 [sic]
932 1012 1018 1055 alla
1039 1011 1180 1068 praxi.
1207 1011 1320 1056 Cusi
1342 1026 1431 1055 con
1453 1012 1496 1055 13
1518 1026 1601 1057 sua
1620 1011 1666 1055 di
1689 1022 1742 1068 25
1766 1012 1811 1056 di
1833 1014 1869 1056 F
1871 1013 2038 1056 ebrato-

397 1091 731 1149 grandamente
756 1089 850 1147 [sic]
874 1089 935 1131 mi
956 1103 1038 1132 son
1067 1089 1315 1142 consolato,
1340 1096 1387 1133 et
1414 1088 1474 1133 mi
1501 1091 1560 1133 ha
1587 1103 1719 1146 parso
1740 1090 1858 1135 nelle
1878 1091 2038 1147 parole

396 1170 442 1213 di
460 1170 521 1213 V.
551 1170 603 1211 P.
630 1166 772 1211 sentir
793 1167 836 1210 13
852 1166 1073 1210 direction
1089 1165 1178 1209 mia
1200 1167 1258 1210 da
1278 1181 1412 1210 mano
1434 1166 1479 1210 di
1510 1181 1593 1210 sua
1620 1166 1775 1211 diuina
1806 1169 1918 1211 Mta.
1952 1167 2033 1212 Sia

398 1246 644 1291 benedetto
665 1243 806 1287 Iddio.
833 1244 932 1287 Con
955 1244 997 1286 13
1018 1244 1119 1287 luce
1141 1245 1225 1287 che
1247 1243 1308 1286 mi
1331 1244 1374 1287 fa
1395 1245 1453 1288 V.
1481 1246 1532 1288 P.
1559 1245 1727 1289 vedero
1757 1244 1803 1288 di
1830 1244 2029 1289 caminar

396 1322 456 1376 13,
477 1322 659 1379 quando
680 1321 719 1365 si
740 1320 865 1378 sapia
880 1328 973 1364 star
990 1320 1184 1365 Venetia
1205 1335 1315 1364 sana
1331 1327 1376 1365 et
1392 1321 1451 1364 da
1466 1321 1645 1377 podersi
1666 1328 1833 1375 entrar,
1853 1322 1926 1366 del
1943 1323 2035 1366 che

398 1399 606 1457 supplico
624 1414 650 1442 a
673 1400 731 1443 V.
753 1401 805 1442 P.
827 1398 887 1440 mi
911 1398 1055 1441 faccia
1072 1398 1286 1453 aduertir,
1306 1413 1334 1442 o
1350 1399 1408 1442 da
1425 1400 1583 1452 Roma,
1604 1413 1631 1442 o
1646 1399 1704 1442 da
1721 1399 1930 1452 Venetia,
1949 1413 2031 1456 per

401 1478 465 1535 gli
483 1475 641 1521 nostri.
658 1477 723 1520 Le
739 1475 893 1532 parole
912 1483 1039 1519 tanto
1057 1475 1326 1521 charitatiue
1337 1475 1382 1519 di
1396 1477 1454 1520 V.
1473 1478 1524 1520 P.
1539 1490 1611 1520 me
1627 1478 1672 1521 fa
1689 1476 1784 1535 [sic]
1802 1476 1991 1520 inclinar
2006 1491 2033 1520 a

345 1604 353 1612 ·
402 1556 545 1598 Roma
558 1560 580 1581 a
599 1567 679 1610 per
701 1560 793 1596 star
815 1567 904 1596 con
925 1554 968 1596 la
991 1555 1044 1596 P.
1071 1554 1149 1606 V.,
1175 1559 1220 1597 et
1241 1567 1315 1597 ser
1330 1553 1519 1610 sepelito
1535 1568 1620 1597 con
1638 1553 1780 1597 nostri
1797 1553 1941 1611 padri,
1961 1555 2033 1598 del

403 1633 491 1676 che
519 1631 687 1673 trataro
715 1630 857 1674 sendo
884 1629 931 1672 in
953 1629 1167 1684 Venetia,
1192 1644 1278 1674 con
1305 1630 1349 1674 13
1376 1630 1524 1687 gratia
1551 1631 1625 1675 del
1651 1631 1833 1688 Signor,
1858 1632 2041 1676 benche

403 1722 580 1764 sempre
602 1706 760 1750 dubito
781 1707 826 1749 di
849 1714 978 1763 poter
999 1707 1213 1751 eaminar.
1239 1708 1274 1750 Il
1296 1707 1465 1765 Signor
1485 1707 1706 1765 agiutara.
1734 1709 1795 1754 Se
1810 1722 1946 1765 posso
1966 1710 2041 1752 far

403 1785 662 1828 altrimente
682 1785 767 1827 che
788 1784 949 1840 pigliar
971 1784 1003 1826 il
1023 1784 1188 1829 viatico
1209 1785 1283 1829 del
1306 1785 1458 1829 Padre
1475 1785 1740 1842 prouincial,
1759 1786 1804 1828 lo
1825 1784 2038 1829 desidero
2078 1839 2082 1843 1

407 1861 490 1915 far,
509 1868 555 1904 et
577 1875 668 1904 non
684 1860 891 1917 pigliarlo
905 1861 925 1888 b
939 1862 995 1905 da
1010 1861 1074 1904 lui
1091 1875 1233 1904 senon
1250 1860 1295 1904 in
1313 1861 1536 1906 necessita
1556 1868 1591 1915 ⁰,
1612 1875 1741 1907 come
1757 1863 1893 1906 credo
1909 1877 2038 1907 esser

403 1940 447 1982 13
475 1938 662 1982 volunta
691 1937 736 1981 di
764 1939 821 1982 V.
849 1941 901 1982 P.
933 1939 967 1982 Il
997 1940 1049 1982 P.
1075 1938 1312 1982 Zonhouio
1331 1940 1364 1992 ²,
1395 1938 1486 1982 mio
1514 1953 1787 1997 compagno,
1812 1940 1979 1983 andara
2007 1954 2034 1984 a

406 2018 442 2060 F
443 2015 603 2060 iandra
614 2029 701 2059 con
713 2016 756 2059 le
770 2014 957 2072 imagini
971 2023 1017 2059 et
1030 2015 1190 2068 scritti,
1205 2016 1381 2060 benche
1397 2031 1490 2060 non
1505 2030 1556 2059 so
1573 2017 1680 2061 sele
1697 2030 1804 2062 cose
1820 2023 2039 2060 staranno-

406 2093 573 2146 sicum,
592 2092 728 2137 etiam
748 2106 835 2135 con
858 2101 1017 2148 questa
1038 2107 1165 2150 pace.
1192 2093 1403 2137 Plantino
1420 2108 1603 2150 sapemo
1620 2095 1704 2138 che
1721 2093 1745 2137 ὲ
1760 2100 1879 2137 stato
1896 2108 2036 2151 gran-

406 2171 617 2215 demente
640 2169 894 2213 maltratato
916 2171 990 2213 nel
1011 2184 1116 2214 saco
1139 2170 1185 2212 di
1213 2171 1412 2223 Anuers,
1439 2177 1483 2214 et
1506 2185 1596 2214 non
1617 2170 1656 2214 si
1677 2185 1728 2214 sa
1754 2185 1804 2216 se
1826 2170 2038 2227 ripiglara

407 2248 448 2291 la
471 2254 647 2303 stampa
667 2246 713 2289 in
736 2247 772 2289 F
774 2247 966 2290 landres.
995 2248 1081 2291 Era
1105 2247 1169 2290 ito
1191 2262 1217 2291 3
1241 2246 1368 2291 Paris
1390 2248 1510 2292 doue
1537 2249 1596 2291 ha
1625 2248 1793 2305 botega
1813 2263 1843 2304 y
1864 2262 1925 2290 vn
1948 2247 2041 2292 fra-⁷

410 2324 534 2368 tello.
560 2324 595 2366 Il
617 2322 787 2380 Signor
808 2324 1017 2380 guidara,
1043 2331 1088 2368 et
1111 2328 1262 2367 tamen
1283 2324 1345 2378 io,
1365 2338 1497 2368 como
1513 2326 1575 2368 ho
1597 2325 1734 2369 molte
1750 2325 1871 2368 volte
1892 2323 2037 2381 signi-

408 2401 560 2453 ficato,
586 2414 678 2443 non
698 2415 781 2443 son
810 2400 1025 2445 inclinato
1053 2416 1079 2445 3
1107 2409 1267 2457 questa
1295 2409 1484 2458 stampa.
1512 2401 1639 2447 Seria
1661 2401 1753 2445 mio
1781 2415 2039 2458 compagno

408 2493 434 2522 a
456 2477 687 2535 proposito
706 2491 787 2534 per
807 2479 849 2520 13
871 2478 1202 2534 penitentiaria.
1227 2480 1287 2524 Sa
1318 2480 1434 2522 bene
1455 2480 1632 2523 frances
1654 2486 1699 2524 et
1720 2479 1964 2535 fiamengo,
1989 2486 2035 2522 et

408 2561 560 2611 presto
582 2557 712 2611 potra
732 2555 961 2598 confessas
991 2555 1181 2600 tudesci.
1217 2558 1307 2599 Par
1328 2555 1348 2583 ἃ
1368 2570 1460 2599 non
1488 2547 1551 2613 gli
1579 2569 1738 2599 manca
1765 2554 2037 2600 sufficientia

408 2646 487 2689 per
508 2632 756 2676 habilitarsi
777 2632 823 2675 in
846 2633 1135 2677 confessioni.
1161 2635 1219 2678 V.
1246 2636 1299 2677 P.
1320 2634 1482 2686 vedda,
1502 2634 1589 2676 che
1605 2647 1684 2690 per
1700 2647 1773 2677 me
1793 2646 1935 2689 penso
1952 2633 2041 2675 che

479 2777 500 2798 a
539 2770 562 2805 6
580 2771 702 2806 verba
719 2781 830 2817 seqq.
855 2781 970 2816 supra
988 2782 1091 2806 vers.
1111 2770 1259 2806 addidit
1278 2770 1400 2806 N.—b
1414 2775 1435 2805 '2
1454 2770 1574 2805 verba
1591 2781 1700 2817 seqq.
1719 2780 1836 2816 supra
1853 2779 1956 2804 vers.
1976 2767 2045 2804 ad-

410 2820 511 2864 didit
528 2830 659 2865 N.—c
677 2828 699 2865 8
724 2829 843 2864 verba
867 2841 975 2876 seqq.
1001 2841 1117 2877 supra
1141 2835 1181 2865 et
1205 2829 1303 2865 infra
1327 2841 1429 2865 vers.
1456 2828 1604 2864 addidit
1628 2828 1700 2873 N.‚
1727 2828 1868 2864 deietis
1891 2827 2045 2864 aliis.-

411 2889 431 2916 d
452 2890 537 2925 Hoc
555 2889 665 2925 verb.
683 2899 799 2935 supra
817 2899 919 2924 vers.
940 2888 1087 2924 addidit
1105 2889 1154 2925 N.

484 2990 493 3011 ¹
545 2992 603 3026 Ex
633 2989 885 3036 autographo,
917 2988 956 3024 in
986 2990 1116 3036 Epist.
1144 2989 1300 3036 Natal.,
1327 2990 1379 3036 ΙΙ,
1408 2988 1555 3036 duplici
1583 2988 1666 3031 fol„
1698 2988 1767 3033 256
1792 2987 1905 3034 (178).
1938 2986 2041 3022 Vide

407 3049 524 3095 epist.
544 3049 630 3096 613,
647 3049 711 3085 cui
727 3049 823 3085 haec
839 3047 1064 3094 respondet.

477 3111 491 3131 ²
542 3110 713 3155 Joannes
730 3106 969 3144 Zonhovius.
990 3106 1089 3143 Vide
1108 3107 1223 3155 epist.
1243 3106 1327 3144 603.
