2228 3548
833 614 1359 701 APPENDIX

1087 914 1105 955 I

704 1001 920 1038 MARCUS
946 1000 1222 1038 ANTONIUS
1248 1000 1486 1038 AMULIUS

582 1093 786 1133 JOANNI
842 1092 1160 1123 FRANCISCO
1208 1092 1605 1123 COMMENDONO

752 1169 938 1221 Romae,
965 1180 990 1211 2
1013 1167 1250 1212 Februarii
1277 1168 1388 1222 1566
1417 1170 1445 1210 ¹.

454 1256 616 1292 Natalis
631 1259 667 1292 et
689 1256 878 1292 Ledesma
891 1256 935 1292 in
953 1258 1190 1292 conventum
1208 1258 1487 1303 augustanum
1506 1257 1746 1292 mittuntur.

371 1335 513 1378 Illmo.
538 1341 584 1378 et
606 1336 737 1378 Rmo.
762 1335 833 1379 Sr.
859 1332 952 1377 mio
974 1339 1125 1378 oss,mo
1153 1333 1320 1377 Manda
1341 1333 1466 1376 costa
1488 1334 1546 1377 N.
1573 1334 1673 1378 Sre.
1695 1333 1726 1376 il
1746 1336 1797 1378 P.
1818 1336 1915 1378 Na-

277 1394 372 1438 tale
394 1400 440 1438 et
468 1407 724 1450 compagno
751 1393 840 1438 del’
870 1392 1027 1437 ordine
1054 1393 1112 1438 de
1137 1391 1291 1448 jesuiti
1315 1406 1395 1449 per
1426 1407 1614 1449 operare
1646 1394 1797 1448 quello
1829 1396 1915 1439 che

281 1453 414 1510 potra
435 1453 586 1497 uscire
606 1453 665 1496 da
685 1453 781 1496 loro
802 1467 860 1498 ne
882 1452 1052 1509 negoci
1073 1453 1189 1496 della
1210 1451 1332 1496 dieta
1353 1451 1399 1495 in
1422 1452 1619 1497 seruicio
1635 1453 1682 1495 di
1699 1453 1787 1497 Dio
1806 1460 1851 1496 et
1868 1453 1914 1495 di

275 1519 442 1568 questa
463 1520 594 1555 santa
616 1513 724 1556 sede
745 1511 1013 1568 apostolica3
1038 1519 1085 1556 et
1111 1511 1277 1568 perche
1299 1512 1357 1555 V.
1383 1512 1431 1556 S.
1458 1511 1598 1555 Illma.
1624 1512 1648 1555 ὲ
1670 1527 1750 1568 per
1772 1526 1916 1555 cono-

280 1586 409 1618 scere
430 1578 585 1628 presto
605 1572 724 1615 dalla
746 1571 919 1628 pratica
939 1578 986 1615 et
1007 1571 1095 1615 dal'
1121 1584 1256 1627 opere
1283 1571 1380 1614 loro
1402 1571 1443 1614 la
1461 1572 1616 1624 bonta,
1643 1571 1685 1614 13
1706 1571 1844 1628 pieta,
1869 1578 1915 1615 et

281 1630 313 1673 il
334 1646 426 1675 non
447 1631 675 1676 mediocre
697 1645 780 1674 suo
802 1631 973 1684 ualore,
998 1630 1041 1674 io
1063 1645 1153 1674 non
1175 1631 1218 1674 le
1234 1629 1333 1672 diro
1355 1630 1487 1683 altro,
1519 1644 1568 1674 se
1597 1645 1688 1673 non
1723 1631 1828 1683 che,
1864 1646 1915 1675 se

280 1690 400 1735 bene
423 1697 612 1746 portano
633 1689 925 1735 instruttione
945 1689 991 1733 di
1013 1704 1119 1745 qua,
1153 1690 1306 1732 hanno
1335 1692 1444 1745 pero
1477 1691 1647 1732 anchor
1679 1690 1837 1734 ordine
1868 1689 1914 1732 di

284 1763 378 1792 non
401 1750 496 1794 fare
516 1764 566 1793 se
587 1764 682 1793 non
696 1756 874 1816 ‘quanto
895 1751 953 1794 V.
980 1750 1028 1794 S.
1054 1750 1195 1792 Illma.
1216 1747 1417 1792 iudicata
1434 1749 1714 1804 espediente,
1736 1750 1778 1792 al
1795 1748 1913 1791 iudi-

283 1809 354 1852 cio
376 1810 493 1852 della
515 1809 648 1865 quale
669 1808 707 1852 si
726 1809 929 1865 ripporta
950 1808 981 1852 il
1003 1815 1138 1852 tutto.
1166 1807 1378 1863 Capitara
1401 1807 1634 1851 anchora
1623 1822 1668 1850 1n
1699 1809 1915 1864 Augusta

283 1867 315 1910 il
337 1869 389 1911 P.
416 1868 616 1921 Canisio,
642 1883 668 1911 a
689 1867 856 1911 iudicio
878 1867 984 1920 mio,
1025 1866 1140 1911 assai
1162 1868 1280 1911 bene
1315 1867 1581 1910 conosciuto
1603 1867 1661 1910 da
1683 1866 1742 1911 lei
1767 1881 1845 1923 per
1872 1867 1915 1910 le

283 1941 383 1993 rare
404 1927 573 1982 qualita
590 1928 714 1994 *della
730 1929 885 1979 bonta,
910 1934 955 1971 et
971 1925 1092 1970 uirtu
1115 1940 1214 1979 sua3
1233 1925 1265 1968 il
1281 1927 1414 1982 quale
1431 1927 1625 1993 essendo
1642 1932 1762 1969 stato
1781 1939 1915 1982 espe-

275 2045 418 2102 gione
445 2046 564 2090 nella
590 2039 837 2090 Germania
870 2044 1103 2097 inferiore,
1143 2019 1256 2088 hora
1291 2019 1410 2089 deue
1445 2059 1597 2089 essere
1634 2045 1680 2086 di
1718 2044 1909 2086 ritorno.

273 2105 432 2149 Credo
461 2106 546 2148 che
572 2105 658 2148 ella
684 2105 728 2148 lo
756 2118 950 2148 conosca
981 2118 1060 2160 per
1085 2103 1390 2147 instrumento
1422 2105 1563 2147 molto
1591 2104 1719 2157 utile,
1761 2110 1808 2145 et
1825 2103 1914 2147 che

0 2171 11 2220 ᾗ
279 2177 416 2208 senza
451 2164 567 2207 altro
595 2163 745 2207 officio
774 2163 839 2206 sia
867 2177 947 2219 per
975 2163 1211 2208 ualersene
1237 2162 1284 2206 in
1312 2162 1507 2207 seruicio
1535 2163 1581 2205 di
1611 2169 1771 2218 questa
1805 2162 1914 2205 sede

0 2227 6 2243 ²
279 2222 544 2278 apostolica:
575 2222 620 2265 in
651 2229 777 2266 tanto
805 2222 842 2265 si
871 2224 1061 2278 pregara
1088 2222 1134 2265 di
1165 2236 1254 2278 qua
1281 2222 1370 2266 Dio
1399 2237 1479 2278 per
1507 2222 1538 2265 il
1567 2222 1696 2265 felice
1727 2220 1843 2265 esito
1867 2219 1913 2263 di

276 2281 428 2337 questi
451 2281 630 2338 negoci,
654 2283 711 2324 de
733 2281 854 2338 quali
875 2281 914 2324 si
934 2288 1005 2325 sta
1027 2281 1071 2324 in
1095 2282 1248 2325 buona
1269 2295 1503 2337 speranza,
1530 2296 1607 2337 per
1630 2281 1672 2323 13
1694 2281 1837 2323 bonta
1867 2286 1914 2322 et

280 2341 422 2383 molto
445 2342 598 2384 ualore
619 2340 665 2383 di
687 2342 744 2385 V.
771 2341 820 2385 S.
846 2341 1006 2394 Illma.;
1031 2347 1077 2384 et
1099 2340 1142 2383 io
1162 2354 1275 2384 sono
1297 2340 1343 2383 in
1365 2340 1589 2384 desiderio
1611 2339 1656 2382 di
1687 2339 1913 2383 riuederla

282 2406 436 2456 presto
458 2399 502 2443 di
524 2414 630 2455 qua,
656 2406 702 2444 et
723 2400 767 2443 lo
789 2413 939 2455 spero,
960 2399 1127 2455 perche
1148 2413 1346 2442 conosco
1367 2401 1452 2442 che
1469 2399 1498 2441 il
1515 2398 1709 2443 seruicio
1731 2404 1776 2441 et
1794 2396 1914 2441 inte—

0 2473 8 2504 5
283 2473 408 2502 resso
430 2458 475 2501 di
498 2459 546 2503 S.
580 2460 642 2502 M.
674 2459 870 2502 Cesarea
899 2457 1070 2501 ricerca
1103 2459 1190 2501 che
1221 2458 1395 2502 soleciti
1426 2459 1454 2501 l’
1488 2457 1766 2514 espeditione
1795 2456 1914 2499 della

0 2528 1 2533 ’
283 2517 419 2562 dieta:
444 2532 493 2560 se
515 2520 612 2573 por'
636 2516 680 2560 io
702 2531 835 2573 posso
856 2531 963 2560 cosa
989 2518 1150 2560 alcuna
1177 2516 1224 2560 in
1251 2517 1444 2560 seruicio
1476 2525 1520 2560 et
1538 2515 1835 2562 sattisfatione
1867 2514 1913 2561 di

278 2578 342 2622 'V.
367 2577 416 2621 S.
441 2577 603 2630 Illma.,
626 2577 713 2620 ella
734 2576 796 2622 mi
817 2576 1085 2624 commanda
1105 2576 1417 2630 liberamente,
1437 2577 1514 2633 piu
1530 2578 1615 2619 che
1637 2591 1663 2619 a
1680 2573 1912 2630 qualsiuo-

281 2635 373 2692 glia
394 2636 507 2678 altro
529 2635 575 2678 di
612 2641 773 2691 questo
809 2634 1017 2691 collegio,
1048 2636 1135 2678 che
1162 2649 1254 2678 non
1281 2635 1319 2678 si
1347 2635 1534 2678 trouara
1559 2641 1697 2690 ponto
1729 2633 1923 2677 defrau-·

280 2697 387 2738 dato
407 2695 524 2739 della
546 2693 720 2739 seruitu
742 2693 848 2746 mia,
873 2694 916 2736 la
938 2694 1071 2750 quale
1091 2693 1134 2737 io
1155 2694 1198 2737 le
1214 2695 1328 2738 offro
1346 2693 1634 2750 prontissima
1651 2706 1846 2748 sempre,
1867 2697 1914 2734 et

270 2753 319 2799 le
352 2755 461 2797 baso
489 2755 532 2797 13
558 2767 708 2805 manO,
739 2752 784 2795 in
817 2753 971 2796 buona
1002 2752 1150 2809 gratia
1180 2767 1264 2796 sua
1295 2751 1816 2796 raccommandandomi.
1853 2750 1913 2793 Di

269 2812 435 2865 Roma,
460 2813 488 2868 ij
514 2814 646 2856 Febr.
673 2812 745 2855 del
768 2812 929 2855 LXVI.

367 2873 633 2915 Cardinalis
655 2871 831 2914 Amulii
852 2884 1011 2913 manu:
1027 2872 1064 2913 E
1083 2869 1278 2927 raggion
1297 2872 1385 2915 che
1402 2873 1460 2916 V.
1482 2872 1530 2915 S
1552 2870 1618 2912 111.
1624 2875 1681 2896 ¹¹¹²
1703 2867 1764 2911 mi
1783 2881 1913 2911 com-

348 3004 358 3025 ¹
409 3003 467 3038 Ex
483 3002 740 3049 archetypo,
730 3014 770 3037 m
787 3000 946 3037 archivo
963 3011 1062 3036 secr.
1083 2999 1228 3046 Vatic.,
1243 3001 1396 3037 Lettere
1415 3002 1462 3036 de
1473 2998 1670 3047 principi,
1689 3006 1748 3044 25,
1766 2997 1914 3045 duplici

275 3061 345 3097 fol.
365 3060 423 3107 53.
447 3061 544 3097 Vide
561 3072 650 3108 pag.
671 3070 692 3096 2
710 3067 750 3097 et
767 3072 884 3108 seqq.

457 3143 572 3172 Eptsr.
592 3143 630 3174 P.
650 3143 785 3177 ΝΔυΑι,
806 3149 880 3170 τοι.
903 3140 966 3170 111.
1697 3139 1735 3167 ⁴8
