2228 3548
457 235 530 272 818
1036 233 1173 269 Epls‘r.
1202 232 1246 267 P.
1274 231 1424 268 NADAL

1110 386 1346 429 LXXVIII

874 474 917 509 P.
948 472 1222 510 ANTONIUS
1248 471 1573 510 POSSEVINUS

759 566 959 596 PATRI
1001 564 1303 596 ANTONIO
1342 552 1677 596 MICHAfiLI

933 643 1122 694 Romae,
1155 653 1200 684 11
1227 640 1334 697 Maji
1362 651 1473 696 1574
1501 642 1529 686 ¹.

779 730 954 766 Litterae
971 730 1321 766 commendatitiae
1333 731 1410 776 pro
1429 730 1478 765 P.
1497 721 1653 765 Natali.

487 808 537 853 Si
560 810 611 852 R.
641 808 775 851 Pater
798 807 1088 864 prouincialis
1110 807 1194 852 erit
1231 806 1384 860 isthic,
1411 808 1465 852 T.
1496 808 1552 852 R.
1582 821 1638 850 ex
1665 806 1826 850 litteris
1847 807 1902 851 ad
1925 821 2029 851 eum

398 883 426 911 a
449 869 502 912 Ρ.
527 869 585 912 N.
611 867 815 924 generali
842 867 959 911 datis
984 866 1114 910 facile
1144 865 1369 922 intelliget
1395 873 1566 921 quanto
1597 866 1797 909 omnium
1828 873 2030 910 uestrum

398 929 519 970 bono
543 926 697 971 ueniat
720 927 777 969 ad
799 941 886 970 uos
908 928 963 971 R.
988 928 1040 971 Ρ.
1067 927 1153 971 Mr.
1186 925 1492 981 Hieronymus
1519 924 1710 978 Natalis,
1737 924 1962 981 quibusue
1983 925 2029 968 in

396 987 551 1040 rebus,
576 993 655 1029 aut
676 985 752 1030 ille
775 986 908 1029 uobis
925 986 1164 1028 commodo
1190 998 1290 1029 esse
1317 984 1498 1041 poterit,
1530 990 1609 1027 aut
1635 999 1721 1028 uos
1749 984 1869 1028 illius
1900 999 2029 1029 sene-

395 1052 568 1089 ctutem
591 1052 637 1088 et
659 1044 878 1100 optimum
901 1047 1083 1088 Patrem
1121 1044 1281 1087 iuuare
1317 1043 1555 1088 debebitis.
1577 1044 1714 1099 Quod
1742 1050 1793 1087 ut
1823 1044 1918 1096 fiat,
1943 1044 2028 1087 erit

397 1111 656 1161 pergratum
673 1106 727 1149 R.
742 1105 795 1149 P.
812 1105 871 1149 N.
886 1104 1104 1161 generali.
1120 1103 1219 1146 Nisi
1237 1118 1345 1148 uero
1361 1103 1494 1146 isthic
1514 1102 1601 1161 [sit]
1619 1104 1753 1147 Pater
1769 1102 2025 1158 prouincia-

396 1164 467 1216 lis,
490 1163 653 1220 poterit
671 1165 724 1207 T.
746 1165 802 1208 R.
822 1164 1010 1215 litteras,
1032 1177 1147 1218 quae
1165 1163 1221 1206 ad
1239 1177 1342 1207 eum
1359 1163 1619 1206 scribuntur
1640 1161 1888 1218 resignare,
1913 1176 2025 1218 quas

396 1224 536 1267 lectas
558 1222 832 1279 obsignabit,
858 1230 903 1266 et
926 1224 982 1265 ad
1004 1223 1185 1265 Patrem
1208 1222 1530 1278 prouincialem
1557 1221 1721 1266 mittet.
1755 1222 1813 1264 Et
1834 1222 1956 1277 quod
1977 1221 2024 1264 in

395 1282 483 1325 illis
505 1282 717 1325 scribitur
737 1283 794 1325 de
815 1283 867 1324 P.
896 1284 959 1326 M.
985 1281 1252 1337 Hieronymi
1270 1281 1445 1325 Natalis
1461 1280 1798 1337 scriptionibus,
1819 1287 1905 1325 etc.
1928 1295 2024 1324 ser-

396 1341 521 1385 uabit
544 1343 598 1386 T.
625 1343 680 1386 R.
704 1340 815 1384 illud
837 1341 987 1397 ipsum
1010 1340 1255 1393 silentium,
1282 1347 1360 1383 aut
1382 1349 1622 1394 secretum,
1647 1340 1769 1397 quod
1790 1339 2021 1395 scribitur.

396 1402 582 1454 Romae,
607 1400 714 1458 di[e]
744 1413 790 1444 11
824 1400 931 1456 Maji
959 1411 1085 1455 1574.

1117 1550 1309 1592 LXXIX

819 1644 864 1679 P.
882 1643 1198 1680 EVERARDUS
1218 1642 1598 1680 MERCURIANUS

712 1738 1192 1771 PROVINCIALIBUS
1237 1741 1305 1770 ET
1349 1740 1704 1770 RECTORIBUS

912 1823 1096 1876 Rornae,
1128 1834 1176 1865 12
1201 1821 1309 1877 Maji
1337 1831 1448 1876 1574
1469 1822 1500 1864 ².

857 1910 1028 1946 Litterae
1038 1913 1232 1956 patentes,
1246 1913 1323 1958 pro
1339 1911 1388 1946 P.
1404 1909 1557 1946 Natali.

481 1993 842 2037 Prouincialibus
874 2001 919 2035 et
948 1993 1199 2037 rectoribus
1227 2000 1314 2037 etc.
1348 1994 1465 2037 Cum
1495 2007 1672 2047 eorum,
1705 1994 1782 2049 qui
1810 2001 1934 2039 recte
1965 2009 2017 2038 ac

392 2053 586 2098 fideliter
601 2053 648 2096 in
666 2052 800 2095 uinea
817 2053 998 2095 Domini
1016 2054 1292 2105 laborarunt,
1313 2052 1599 2108 praeeipuam
1616 2053 1835 2097 rationem
1851 2054 2018 2098 habere

392 2114 653 2164 debeamus,
680 2111 959 2168 potissimum
985 2126 1092 2155 uero
1114 2114 1168 2155 R.
1195 2111 1341 2155 Patris
1369 2111 1574 2168 magistri
1604 2111 1854 2155 Hieronimi
1876 2114 2018 2157 Nata-

392 2171 463 2225 lis,
489 2171 566 2227 qui
593 2173 649 2215 de
678 2170 904 2216 Societate
933 2171 1099 2226 optime
1130 2186 1307 2226 semper
1337 2178 1406 2215 est
1437 2171 1623 2214 meritus
1650 2179 1830 2227 propter
1857 2171 2012 2224 uitam,

388 2231 659 2283 doctrinam,
681 2237 816 2286 atque
833 2230 1037 2273 assiduos
1053 2230 1195 2286 ipsius
1211 2230 1257 2272 in
1275 2245 1327 2274 ea
1342 2231 1533 2282 labores,
1554 2237 1789 2286 propterea
1806 2232 2017 2275 uolumus

393 2297 444 2332 ut
466 2303 752 2356 quocumque
772 2288 818 2330 in
841 2289 1032 2344 collegio
1055 2296 1208 2332 nostro
1230 2303 1411 2333 manere
1433 2289 1652 2342 uoluerit,
1675 2291 1796 2332 hunc
1818 2290 1938 2332 omni
1960 2304 2014 2333 ea

390 2347 611 2392 charitate
627 2347 873 2404 excipiatis,
891 2362 941 2390 ac
958 2348 1183 2392 reuerenti
1200 2348 1348 2391 animo
1366 2348 1582 2400 tractetis,
1596 2363 1685 2404 quo
1701 2363 1811 2405 erga
1832 2355 1922 2393 tam
1939 2348 2012 2392 in-

389 2407 567 2474 signem
590 2414 636 2452 et
656 2406 992 2463 perantiquum,
1019 2409 1319 2463 eumdemque
1348 2407 1479 2450 nobis
1506 2407 1784 2450 carissimum
1807 2408 2005 2461 fratrem,

391 2467 457 2509 uti
496 2467 806 2523 unusquisque
842 2466 990 2510 debet.
1023 2468 1072 2509 In
1109 2481 1302 2522 quorum
1337 2467 1472 2510 fidem
1509 2473 1596 2511 etc.
1627 2468 1818 2519 Romae,
1856 2479 1905 2510 12
1934 2466 2008 2511 die

386 2526 494 2582 Maij
525 2537 651 2581 1574.

460 2655 470 2675 ¹
522 2655 579 2690 Ex
597 2655 784 2701 Regesto
806 2652 899 2689 Cod
923 2664 963 2699 33
975 2654 1032 2699 j),
1053 2654 1119 2690 fol.
1140 2663 1198 2690 12.
1219 2655 1264 2690 In
1278 2654 1467 2700 margine:
1484 2655 1606 2689 Patri
1619 2655 1794 2690 Antonio
1807 2654 2007 2692 Michaeli.

388 2713 431 2750 P.
454 2713 649 2749 Antonius
673 2711 911 2749 Possevinus
936 2719 1018 2748 erat
1041 2713 1147 2748 Patri
1171 2712 1366 2749 Everardo
1389 2711 1630 2748 Mercuriano
1655 2724 1678 2748 a
1700 2712 1880 2749 secretis.
1910 2713 2010 2749 Vide

385 2772 592 2818 epistolam
610 2771 921 2820 praecedentem

457 2833 471 2852 ²
522 2831 581 2866 Ex
598 2830 747 2876 codice,
766 2829 829 2866 cui
847 2829 982 2865 titulus
1003 2829 1117 2866 Liber
1129 2831 1359 2877 patentium
1371 2833 1450 2878 pro
1467 2830 1720 2866 missionibus
1736 2834 1773 2867 et
1789 2831 1897 2868 aliis.
1915 2831 1958 2867 L.
1974 2832 2007 2867 I.

386 2897 475 2933 1573
497 2889 617 2925 annis
634 2892 726 2925 ante
744 2889 854 2933 1600,
875 2899 963 2935 pag.
987 2897 1042 2934 10,
1063 2901 1102 2924 n.
1121 2888 1179 2935 39.
1198 2890 1244 2925 In
1261 2890 1334 2925 hoc
1351 2894 1601 2925 monumento
1619 2888 1749 2925 variae
1773 2889 2009 2926 emendatio-

387 2959 469 2993 nes,
490 2950 553 2984 vel
572 2948 701 2995 potius
720 2948 970 2993 mutationes,
989 2947 1169 2983 inductae
1188 2948 1493 2995 conspiciuntur,
1512 2953 1555 2984 ut
1574 2948 1709 2984 eadem
1724 2949 1887 2986 formula
1900 2950 2007 2986 Patri

381 3005 667 3043 Ribadeneirae
687 3011 897 3054 aptaretur.
