2228 3548
396 304 466 332 100
911 292 1050 329 EPIST.
1076 289 1122 325 P.
1149 287 1422 335 Nutu—384

344 396 510 441 stantie
531 395 605 439 del
626 408 778 452 paese,
806 400 957 450 tempo
979 397 1024 436 et
1046 403 1254 448 persone.
1275 390 1334 433 Et
1350 405 1444 434 non
1459 392 1755 449 pretendemo
1768 398 1790 421 ²
1806 392 1923 438 altro
1940 407 1990 437 se

344 488 436 517 non
456 474 541 516 che
555 472 592 525 ¹³,
613 470 855 515 informato
871 471 901 512 Γ
921 468 1069 512 amico
1087 468 1145 512 de
1167 466 1446 524 Rodriguez‚
1464 467 1587 526 possi
1609 468 1818 514 ordinare
1834 471 1988 527 quello

344 552 428 594 che
449 563 627 605 sempre
648 561 916 604 pensaremo
937 547 1038 590 sara
1059 544 1271 601 maggior
1293 545 1530 603 seruiggio
1551 546 1610 591 de
1626 545 1809 600 Christo
1825 554 1987 592 nostro

345 627 543 683 signore.
565 626 623 668 Et
638 624 670 667 il
686 631 830 681 punto
847 624 904 667 de
922 629 1043 667 tutto
1059 623 1085 666 e
1102 628 1281 678 questo,
1302 621 1404 666 cioe
1419 622 1566 667 22⁷2»
1586 625 1688 678 che,
1711 638 1805 668 non
1825 638 1983 669 essen-

346 704 406 747 do
433 702 587 746 chiaro
615 703 688 745 ch’
713 701 744 744 il
771 715 951 746 recesso
981 699 1048 744 sia
1075 698 1125 743 in
1149 697 1400 755 preiudicio
1429 699 1537 744 delli
1564 699 1720 758 dogmi
1745 707 1854 755 etc.,
1889 716 1982 746 non

346 794 453 837 pare
480 793 604 824 esser
631 779 674 822 la
702 778 891 822 uolonta
917 777 1025 823 dell'
1048 775 1195 820 amico
1226 778 1311 820 che
1342 775 1380 820 si
1407 777 1582 834 ponghi
1608 777 1653 822 la
1679 791 1786 822 cosa
1811 778 1858 822 in
1886 779 1984 823 cosi
2055 836 2058 847 Ι

347 857 519 915 grande
548 855 771 913 pericolo,
796 855 990 900 essendo
1018 862 1172 911 tempo
1200 853 1338 898 etiam
1366 854 1486 911 dopo
1507 854 1550 898 la
1578 854 1700 900 dieta
1727 855 1774 899 di
1802 857 1868 899 far
1899 871 1985 900 con

345 933 553 991 maggior
569 932 803 990 conseglio
820 931 1048 976 authorita
1065 938 1112 976 et
1123 930 1402 988 prouidenza
1417 931 1461 975 la
1476 938 1678 989 protesta
1691 938 1729 986 θ,
1743 933 1989 978 concioche

345 1011 504 1055 adesso
527 1009 673 1054 consti
696 1011 845 1067 (come
867 1008 943 1066 gia
972 1023 1165 1066 procura
1191 1009 1221 1051 Γ
1246 1014 1414 1066 agente
1436 1008 1482 1052 di
1505 1009 1621 1065 fare)
1649 1010 1735 1055 che
1763 1024 1855 1054 non
1877 1024 1988 1054 con-

345 1095 487 1140 sente,
507 1088 565 1131 ne
587 1087 618 1130 il
639 1087 801 1140 amico,
821 1087 879 1130 ne
901 1086 963 1142 luj
989 1093 1077 1131 ete.
1104 1086 1171 1130 La
1194 1086 1291 1130 Pffl
1314 1087 1400 1130 V.²
1417 1119 1427 1139 ‚
1449 1101 1529 1143 per
1545 1086 1578 1129 Γ
1597 1101 1750 1131 amore
1771 1087 1815 1131 d’
1839 1087 1986 1141 Iddio,

344 1164 678 1209 raccommandi
713 1172 760 1207 et
797 1162 910 1207 sacci
946 1162 1347 1207 raccommandare
1379 1163 1422 1207 al
1448 1162 1637 1220 signore
1663 1163 1791 1208 Iddio
1821 1171 1984 1221 questo

346 1241 545 1299 negotio,
565 1243 650 1286 che
667 1255 774 1298 pare
791 1255 942 1286 essere
962 1239 1069 1285 delli
1091 1239 1184 1297 piu’
1203 1239 1482 1297 importanti‚
1508 1247 1554 1285 et
1577 1240 1720 1285 faccia
1740 1240 1893 1286 subito
1907 1240 1927 1269 ‘¹
1949 1241 1979 1284 Γ

346 1318 497 1363 officio
526 1333 610 1362 con
638 1319 669 1360 Γ
693 1318 838 1362 amico
868 1324 913 1361 et
936 1331 1024 1361 con
1045 1317 1148 1361 altri
1169 1318 1255 1363 che
1284 1331 1439 1374 puono
1466 1317 1674 1375 agiutare
1702 1307 1981 1363 caldissima-

344 1402 510 1439 mente.
536 1397 593 1438 Et
619 1410 699 1452 per
726 1379 888 1451 questo
910 1409 1001 1438 non
1029 1394 1091 1437 mi
1113 1409 1302 1440 occurre
1323 1401 1342 1422 θ
1365 1395 1480 1438 altro
1505 1394 1533 1439 f.
1560 1395 1595 1438 Il
1616 1395 1783 1453 Signor
1806 1395 1873 1440 sia
1894 1410 1981 1440 con

345 1472 436 1517 noi.
462 1473 560 1516 Ora
570 1477 658 1528 pro
673 1473 813 1526 nobis,
838 1474 997 1516 Pater.
1021 1478 1085 1527 4g
1103 1471 1228 1528 Maij,
1255 1472 1515 1529 Augustae,
1547 1473 1672 1528 1566.
1690 1474 1762 1518 De
1778 1474 1864 1518 V.a
1887 1474 1984 1518 P.'ssa

349 1549 469 1595 serui
487 1550 533 1593 in
550 1548 748 1603 Christo,

890 1627 1075 1686 NATAL.
1134 1626 1187 1670 P.
1208 1626 1461 1670 CAmsms.
1517 1626 1750 1672 LEDESMA
1771 1629 1800 1671 ¹.

424 1738 576 1779 2781·
1134 1739 1176 1778 E

1082 1824 1215 1881 Jhus.

343 1931 735 1961 DECHIARATIONE
758 1932 913 1962 DELLE
934 1931 1056 1962 cosE
1074 1931 1345 1963 PRINCIPALI
1366 1931 1659 1963 PERTmENTr
1683 1933 1744 1964 AL
1766 1933 1978 1965 RECEsso

555 2006 818 2038 IMPERIALE
840 2006 999 2039 FATTo
1022 2009 1072 2039 IN
1095 2008 1321 2040 AUGUSTA
1345 1997 1454 2040 DEL'
1479 2009 1609 2040 ANNO
1638 2006 1765 2052 1555.

427 2090 462 2132 Il
484 2103 661 2133 recesso
684 2090 755 2133 del
781 2100 834 2144 55
864 2104 948 2133 con
978 2091 1021 2133 le
1047 2103 1131 2135 sue
1159 2089 1435 2144 conditioni,
1461 2089 1726 2147 simpliciter
1746 2106 1839 2135 non
1868 2107 1978 2149 pare

340 2167 424 2210 che
446 2166 676 2222 preiudica
698 2181 778 2223 per
800 2174 927 2223 parte
955 2168 1012 2211 de
1041 2167 1253 2211 catholici
1285 2167 1358 2224 allj
1388 2167 1545 2225 dogmi
1566 2169 1640 2213 del
1671 2168 1863 2213 concilio
1896 2168 1978 2212 tri-

409 2298 429 2319 a
462 2291 532 2326 Bo.
550 2291 926 2337 pretendiamo.—b
964 2292 1039 2327 Bo.
1069 2291 1124 2327 ita
1142 2291 1348 2339 sequentia
1365 2291 1518 2339 polivit:
1539 2291 1765 2339 informato
1783 2294 1816 2329 il
1839 2294 1975 2341 Papa,

331 2353 449 2396 possa
467 2350 660 2386 ordinare
674 2350 805 2396 quello
822 2351 887 2385 che
905 2354 1060 2398 sempre
1074 2351 1379 2399 giudicheremo
1393 2363 1518 2388 essere
1536 2352 1581 2388 di
1597 2353 1791 2400 maggior
1806 2353 1975 2389 servizio

338 2410 381 2444 di
402 2407 532 2444 cristo
554 2411 691 2444 nostro
716 2409 901 2456 Signore.
922 2410 962 2445 Il
975 2413 1105 2456 punto
1130 2411 1175 2446 di
1195 2413 1298 2446 tutto
1321 2411 1341 2446 ἑ
1360 2414 1508 2458 questo,
1527 2411 1608 2447 cioe
1632 2413 1698 2447 che
1716 2423 1797 2447 non
1814 2413 1976 2448 essendo

338 2468 473 2503 chiaro
490 2469 554 2503 che
571 2468 603 2503 il
618 2469 779 2504 Recesso
797 2468 861 2503 del
877 2478 971 2513 1555
988 2470 1051 2504 sia
1069 2470 1114 2505 in
1127 2471 1387 2518 pregiudizio
1404 2471 1470 2507 dei
1486 2471 1639 2519 dogmi,
1658 2482 1738 2506 non
1751 2473 1854 2518 pare
1879 2482 1974 2507 esse-

338 2539 380 2562 re
395 2527 436 2561 la
449 2527 609 2562 volonta
624 2527 688 2562 del
704 2527 829 2562 santo
844 2528 980 2564 Padre
998 2530 1063 2564 che
1080 2530 1116 2564 si
1127 2532 1269 2577 ponga
1287 2530 1329 2565 la
1346 2541 1435 2566 cosa
1452 2530 1497 2566 in
1514 2527 1592 2566 cosi
1607 2531 1768 2578 grande
1780 2531 1975 2577 pericolo,

337 2587 538 2621 essendovi
551 2588 680 2633 tempo
694 2587 816 2621 anche
831 2587 931 2633 dopo
945 2588 987 2622 Za
1000 2588 1110 2624 dieta
1122 2589 1167 2624 di
1171 2589 1272 2636 sare
1285 2600 1357 2625 con
1372 2589 1565 2637 maggior
1578 2589 1773 2637 consiglio
1790 2589 1973 2626 autorita

337 2655 356 2680 e
364 2645 638 2691 provvidenza
656 2645 698 2680 Za
708 2647 978 2691 protesta.—c
996 2647 1071 2683 Bo.
1094 2647 1225 2683 omitt.
1249 2657 1291 2694 19
1306 2648 1428 2684 verba
1441 2647 1623 2695 seqq.—d
1643 2649 1716 2683 Bo.
1737 2648 1791 2684 ita
1809 2660 1973 2696 sequen·
2008 2670 2012 2673 ·

338 2702 391 2738 tia
409 2703 649 2739 emendavit:
671 2703 837 2751 l’ufficio
861 2716 932 2740 con
957 2706 1040 2741 Sua
1066 2706 1228 2743 Santita
1259 2719 1278 2743 e
1307 2718 1380 2743 con
1402 2707 1505 2742 altri
1527 2708 1593 2743 che
1614 2709 1788 2754 possano
1812 2708 1977 2744 aiutare

337 2762 716 2798 caldissimamente.
729 2770 792 2790 ...e
809 2764 880 2798 Bo.
900 2765 1144 2802 occorre.—f
1165 2766 1238 2802 Bo.
1272 2765 1418 2802 omittit
1441 2775 1463 2811 9
1487 2766 1609 2801 verba
1627 2773 1818 2813 seqq.——g
1831 2767 1901 2801 Bo.
1921 2765 1977 2803 ita

336 2820 481 2856 claudit
504 2821 647 2867 epist.:
673 2822 863 2870 Augusta
886 2824 962 2859 alli
985 2834 1010 2868 4
1035 2826 1080 2860 di
1102 2825 1273 2873 Maggio
1296 2824 1411 2870 1566.
1435 2824 1600 2861 Natale.
1626 2826 1680 2861 P.
1707 2824 1884 2862 Canisio.
1907 2825 1976 2862 Le-

336 2880 487 2914 desma.

409 2980 418 3000 ²
470 2979 787 3026 Subscriptiones
816 2981 888 3015 hae
918 2987 1007 3017 sunt
1031 2985 1312 3032 autographae.
1348 2985 1508 3021 Nullum
1536 2985 1657 3032 sigilli
1685 2985 1899 3032 vestigium
1932 2985 1972 3022 in

333 3039 404 3074 hac
422 3038 585 3084 epistola
603 3044 775 3084 apparet3
795 3051 867 3074 nec
886 3040 1037 3083 mirum,
1058 3054 1146 3079 nam
1164 3055 1253 3079 cum
1270 3043 1357 3080 aliis
1378 3044 1624 3081 documentis
1643 3045 1973 3092 praecedentibus

332 3102 373 3133 et
391 3097 719 3144 subsequentibus
739 3098 855 3133 missa
873 3105 951 3135 est.
976 3101 1076 3137 Vide
1094 3102 1197 3138 dicta
1215 3103 1255 3139 in
1273 3114 1365 3150 pag.
1389 3102 1436 3149 96
1468 3109 1608 3140 annot.
1634 3113 1650 3139 1
1662 3131 1671 3139 .
