2228 3548
961 302 1184 340 Appssnmx
1769 299 1843 346 763

247 404 351 458 rali,
382 412 428 450 et
454 405 558 472 ipse
576 406 686 448 baro
718 404 815 461 agit
843 419 1028 460 quoque
1059 418 1163 447 cum
1199 403 1485 460 imperatore.
1516 404 1706 446 Romam
1734 402 1885 446 adhuc

247 463 362 507 nihil
402 464 561 521 scripsi
602 465 814 521 cuipiam,
854 471 1172 520 praeterquam
1213 465 1271 506 ad
1311 461 1633 520 praepositum.
1674 462 1885 505 Vestram

245 530 400 568 autem
427 525 494 567 Ill.
501 531 591 551 mam
615 523 942 568 Celsitudinem
974 529 1236 567 reuerenter
1267 536 1380 579 rogo
1409 521 1494 565 sibi
1530 523 1617 564 hoc
1646 520 1883 578 negotium

247 583 373 626 cordi
389 597 490 628 esse
507 583 631 636 velit,
652 590 697 628 et
715 583 874 627 iuuare
890 597 989 635 nos,
1010 589 1062 625 ut
1077 582 1211 625 citius
1227 580 1612 647 dispensationem
1629 595 1656 623 a
1672 581 1720 625 S.
1740 582 1800 624 D.
1819 581 1879 623 N.

247 641 555 698 impetremus.
591 644 784 686 Tractus
811 641 925 686 ille
913 657 959 684 1n
993 641 1219 686 territorio
1255 640 1425 683 domini
1447 655 1474 683 a
1496 639 1627 683 Rosis
1658 646 1728 684 est
1760 647 1884 682 totus

246 702 396 745 adhuc
426 702 702 756 catholicus,
733 710 780 745 et
806 702 944 744 habet
971 702 1100 757 plura
1127 699 1413 744 monasteria.
1447 701 1678 744 Mereatur
1713 713 1883 754 quaeso

245 761 363 804 hanc
385 762 565 804 laudem
586 762 716 805 111.ῑιηι
730 763 788 805 D.
810 762 996 814 Vestra,
1021 768 1066 804 et
1087 766 1351 817 promoueat
1378 758 1614 815 negotium
1643 765 1733 801 tam
1756 757 1883 815 pium

244 826 289 862 et
317 820 427 865 vtile
455 821 692 864 ecclesiae.
722 820 828 864 Dixi
857 820 977 865 enim
1005 819 1167 863 baroni
1199 833 1270 876 me
1302 820 1414 861 haec
1447 833 1526 874 per
1542 818 1684 861 solam
1712 817 1881 860 ΙΙΙ.Ῑιῐιειῐιιι

243 880 302 923 D.
330 881 539 924 Vestram
563 887 879 924 tractaturum.
891 914 899 922 .
910 914 919 923 .

1013 992 1118 1035 XIII

781 1082 813 1116 B
822 1107 832 1117 .
862 1079 1066 1116 PETRUS
1092 1077 1338 1115 CANISIUS

614 1172 826 1203 SANCTo
865 1170 1182 1203 FRANCISCO
1220 1170 1290 1200 DE
1330 1169 1507 1209 BORJA

748 1246 979 1304 Dilingae‚
1006 1257 1060 1301 25
1078 1245 1187 1304 Julii
1215 1246 1327 1300 1566
1354 1246 1381 1287 ¹.

242 1335 404 1372 Natalis
421 1337 465 1372 in
483 1337 696 1372 Austriam
711 1336 999 1383 proficiscitur:
1017 1336 1065 1371 de
1083 1336 1351 1371 instrumento
1361 1332 1628 1380 fundationis
1642 1333 1804 1380 collegii
1817 1334 1880 1368 di·

291 1396 456 1444 lingani
469 1407 559 1431 cum
576 1395 755 1443 episcopo
773 1398 1004 1444 augustano
1021 1393 1278 1441 colloquitur:
1296 1393 1538 1441 reginarum
1553 1404 1694 1428 curam
1710 1404 1735 1427 a
1751 1391 1879 1428 Socie-

291 1457 371 1490 tate
387 1455 498 1490 haud
514 1456 798 1491 assumendam
804 1454 938 1503 fuisse
955 1455 1173 1490 existimat.

409 1533 453 1576 A
478 1545 527 1576 21
555 1532 600 1575 di
623 1539 786 1588 questo
809 1547 932 1576 mese
953 1531 991 1574 si
1015 1530 1131 1587 parti
1154 1530 1199 1573 di
1222 1545 1311 1587 qua
1337 1529 1369 1572 il
1387 1530 1501 1573 Rdo.
1541 1529 1688 1572 Padre
1716 1535 1874 1571 nostro

240 1591 489 1644 visitatore,
509 1598 554 1635 et
570 1592 759 1636 insieme
776 1606 862 1635 con
879 1591 943 1634 lui
959 1591 989 1633 il
1008 1593 1064 1634 D.
1091 1590 1246 1634 Pietro
1261 1591 1522 1646 hungaro‚
1489 1590 1503 1609 ¹
1548 1589 1627 1644 ‘Im'
1645 1602 1871 1645 magnum

237 1652 314 1694 sui
335 1651 613 1694 desiderium
643 1652 798 1694 multis
827 1651 908 1694 hoc
939 1651 1029 1693 loco
1060 1650 1259 1705 relumit,
1294 1651 1346 1692 P.
1369 1649 1535 1700 Ρ3655,
1572 1648 1602 1690 11
1625 1649 1731 1704 qual
1754 1648 1873 1690 forse

238 1725 339 1754 sara
361 1710 643 1766 predicatore
664 1711 755 1755 dell
776 1710 1064 1767 imperatrice
1087 1709 1136 1751 in
1159 1708 1352 1762 Vienna,
1377 1715 1423 1752 et
1446 1708 1476 1751 il
1508 1682 1667 1750 nostro
1695 1707 1872 1750 fratello

236 1769 512 1822 Giacomo⁴‚
538 1772 623 1814 che
645 1770 674 1812 l'
699 1784 819 1813 anno
842 1778 1021 1826 passato
1045 1769 1093 1811 fu
1115 1782 1244 1812 meco
1266 1767 1313 1810 in
1335 1769 1496 1819 Roma,
1529 1774 1574 1809 et
1597 1767 1625 1807 l’
1648 1765 1806 1808 ultimo
1823 1767 1871 1807 fu

237 1828 584 1886 Sigismondo⁵‚
609 1829 640 1871 11
656 1830 763 1884 qual
784 1828 1037 1872 hauendosi
1059 1827 1235 1883 spedito
1257 1840 1341 1869 con
1362 1826 1391 1869 li
1408 1826 1508 1870 suoi
1525 1826 1570 1868 in
1592 1827 1756 1881 Praga,
1777 1832 1872 1867 tor—

238 1890 348 1932 nara
370 1888 415 1931 di
438 1903 595 1932 nuouo
619 1903 644 1931 a
666 1888 868 1945 Dilinga‚
901 1889 1120 1954 piacendo
1143 1887 1185 1930 al
1202 1886 1412 1942 Signore.
1451 1886 1581 1930 Oltra
1612 1885 1657 1927 di
1691 1891 1870 1939 questo,

237 1947 430 2014 pigliara
450 1947 481 1990 il
502 1949 628 1991 detto
651 1948 799 1992 Padre
821 1947 898 1991 doi
920 1946 1078 2002 nouitij
1102 1945 1145 1989 d'
1168 1945 1445 2002 Ingolstadio
1468 1960 1547 2001 per
1570 1943 1756 1987 menarli
1784 1956 1870 1986 con

237 2021 344 2050 5600
365 2006 410 2048 111
434 2007 636 2059 Austria,
662 2006 954 2074 adiungendo
976 2019 1142 2050 ancora
1162 2004 1194 2047 il
1211 2007 1264 2048 P.
1286 2004 1544 2049 Cimenesa
1552 2018 1665 2056 ,suo
1682 2001 1869 2057 antiquo

237 2065 463 2110 scrittore.
492 2068 581 2109 Per
603 2066 711 2109 tutti
732 2066 895 2121 questi,
927 2065 1221 2132 monsignore
1242 2065 1376 2108 Rmo.
1402 2072 1449 2107 et
1471 2038 1612 2106 1111110.
1640 2061 1869 2105 cardinale

237 2124 283 2167 di
305 2126 520 2180 Augusta
541 2127 600 2168 ha
621 2126 727 2168 dato
749 2140 841 2168 una
862 2139 981 2168 naue
1003 2124 1152 2167 insino
1180 2138 1207 2167 a
1234 2123 1427 2177 Vienna,
1463 2130 1509 2167 et
1541 2123 1563 2165 ὲ
1596 2123 1653 2164 (13
1683 2122 1868 2164 credere

238 2185 324 2227 che
346 2185 388 2226 la
410 2191 583 2227 uenuta
603 2184 678 2228 del
698 2185 906 2240 predetto
928 2184 1078 2227 Padre
1099 2182 1333 2227 visitatore
1353 2197 1454 2226 sara
1471 2198 1496 2225 a
1514 2182 1663 2237 quella
1679 2179 1867 2236 prouin-

236 2242 306 2286 cia
327 2242 373 2285 di
396 2242 583 2286 Austria
604 2243 744 2286 molto
767 2244 808 2286 al
830 2243 1059 2299 proposito
1082 2242 1127 2285 in
1150 2241 1298 2298 questi
1315 2241 1453 2297 tempi
1472 2249 1597 2284 tanto
1616 2238 1868 2282 turbulenti

237 2309 283 2344 et
305 2301 562 2357 periculosi,
588 2316 669 2358 per
690 2309 890 2358 respetto
913 2303 968 2346 de
990 2308 1115 2345 tante
1142 2300 1346 2354 motioni,
1381 2303 1467 2344 che
1496 2299 1754 2356 procedono
1785 2312 1868 2354 per

238 2367 376 2403 conto
397 2359 443 2402 di
465 2369 626 2416 questa
647 2361 948 2417 grandissima
969 2375 1151 2417 guerra,
1177 2362 1240 2403 ita
1269 2364 1318 2404 ut
1345 2361 1399 2403 de
1424 2374 1604 2403 summa
1635 2372 1795 2400 rerum
1827 2361 1869 2399 et

237 2421 374 2462 totius
395 2420 582 2476 imperij
603 2434 728 2463 nunc
747 2421 832 2477 agi
852 2421 1080 2463 uideatur.
1106 2419 1232 2463 Iddio
1256 2419 1407 2476 uoglia
1434 2433 1514 2475 per
1542 2420 1584 2460 13
1617 2432 1698 2460 sua
1727 2417 1867 2459 bonta

310 2564 331 2584 a
370 2556 449 2602 Sic,
468 2566 538 2603 pro
547 2556 744 2602 Jimenez.

309 2675 318 2695 ¹
370 2676 429 2710 Ex
447 2676 701 2722 autographo,
720 2675 760 2711 in
778 2675 907 2723 Epist.
932 2674 1103 2717 Canini,
1124 2675 1171 2720 H,
1191 2686 1231 2711 n.
1254 2683 1334 2720 172.
1354 2674 1455 2711 Vide
1474 2685 1562 2721 pag.
1582 2672 1662 2718 1343
1686 2672 1766 2718 1963
1784 2680 1866 2718 1973

237 2742 319 2780 2093
339 2740 379 2771 et
399 2743 480 2780 275.

305 2798 319 2816 ²
370 2795 511 2830 Petrus
535 2795 726 2831 Hernath.

304 2854 319 2875 ³
368 2854 562 2889 Henricus
580 2854 682 2890 Paez
706 2853 850 2900 (Paes),
880 2853 1086 2898 lusitanus,
1116 2852 1166 2889 de
1183 2864 1260 2901 quo
1277 2852 1369 2890 vide
1399 2864 1530 2900 supra,
1557 2862 1650 2898 pag.
1678 2858 1759 2896 194,
1779 2858 1863 2895 214,

232 2917 365 2949 annot.
386 2923 422 2958 43
442 2917 483 2948 et
501 2913 584 2958 216,
604 2918 737 2950 annot.
756 2921 793 2958 7.

303 2974 318 2994 ⁴
367 2971 516 3018 SecIer,
543 2971 592 3008 de
615 2983 692 3020 quo
717 2971 865 3008 dictum
895 2978 958 3009 est
987 2973 1028 3009 in
1059 2972 1188 3020 Epist.
1214 2971 1372 3018 Natal.,
1403 2972 1454 3013 11,
1487 2969 1569 3015 558.
1603 2968 1703 3004 Vide
1733 2979 1866 3015 supra,

232 3043 322 3079 pag·
346 3040 427 3078 194,
449 3039 534 3077 195-

304 3091 319 3112 5
368 3090 628 3127 Dominatius.
644 3089 746 3126 Vide
762 3102 852 3138 pag.
872 3099 953 3138 229,
970 3096 1102 3127 annot.
1122 3098 1158 3135 53
1177 3095 1218 3126 et
1233 3098 1318 3137 247,
1336 3094 1471 3126 annot.
1496 3097 1530 3123 1.
