2228 3548
946 294 971 329 6
996 292 1214 332 Ocronms
1242 295 1333 340 1566
1842 304 1885 342 24
1890 304 1911 341 5

318 407 384 438 na
409 395 420 417 ¹
443 401 533 438 ete.
559 396 703 452 Spero
723 398 809 440 che
836 398 994 441 sarano
1015 398 1133 441 bene
1153 396 1184 440 li
1206 397 1306 442 suoi
1329 397 1481 454 officij,
1504 404 1551 441 et
1572 397 1720 454 questi
1742 397 1833 451 doi,
1851 405 1903 442 ‘et
1927 398 1959 442 il

248 483 251 486 ⁴
324 471 380 515 P.
409 471 562 516 Pietro
583 474 793 530 hungaro
815 474 831 495 ²
854 473 901 517 in
923 473 1170 530 Tymauia,
1195 481 1242 519 et
1268 474 1300 518 il
1322 470 1376 519 P.
1401 470 1611 519 Hurtado
1639 476 1655 497 ⁸
1687 474 1735 518 in
1763 476 1957 520 01011111-

326 548 408 602 tio,
433 549 551 613 doue
573 550 634 593 mi
655 549 755 594 dice
776 550 808 593 il
830 552 884 595 P.
909 553 1067 608 Lanoy
1089 551 1135 609 (11
1156 553 1289 607 quale
1309 551 1460 596 31111ιό
1481 566 1570 608 qua
1590 551 1718 609 hieri)
1731 554 1820 596 ¹che
1835 553 1861 596 ὲ
1878 567 1960 596 an-

324 626 436 670 dato
456 626 832 683 piaceuolmente.
858 629 944 672 Del
967 630 1020 672 P.
1047 629 1242 673 Morales
1263 628 1463 673 scriuero
1484 630 1570 672 che
1585 629 1623 672 si
1645 629 1736 686 puo
1756 629 1958 674 mandar'

322 717 356 747 a
377 705 535 758 Roma3
561 712 607 750 et
628 709 779 749 tamen
800 707 886 749 che
907 720 999 749 non
1020 706 1244 762 aspettino
1266 707 1380 750 altro
1399 707 1669 763 spagnuolo,
1689 713 1736 751 et
1750 706 1963 750 13301310-

326 781 371 825 10
392 781 439 824 111
461 781 646 826 arbitrio
668 783 779 826 loro.
805 783 866 827 Al
890 785 942 827 P.
967 782 1189 827 Ximenez
1211 783 1226 804 ⁴
1249 784 1466 828 mandato
1488 784 1556 827 fra
1576 783 1654 828 doi
1675 797 1703 827 0
1723 791 1793 829 tre
1814 783 1962 841 giorni

320 874 353 903 a
375 859 635 914 Monaehio,
660 859 876 904 accioche
897 859 1141 903 incominci
1162 859 1317 904 auanti
1339 860 1426 904 che
1446 860 1490 904 io
1506 861 1609 906 vadi
1630 862 1674 904 la
1694 876 1721 904 a
1737 862 1961 906 attender'

327 937 414 981 alla
435 951 540 980 casa
560 938 617 980 de
643 937 830 994 nouicij,
856 937 895 981 si
915 951 1044 982 come
1066 937 1095 980 il
1120 938 1173 980 Ρ.
1201 938 1401 982 Polanco
1430 938 1507 995 gia
1533 938 1595 981 mi
1622 938 1750 982 scrisi
1777 953 1858 995 per
1884 953 1964 983 00-

328 1013 543 1058 missione
564 1015 621 1057 de
643 1015 701 1058 V.
728 1015 782 1058 Ρ.
808 1015 953 1071 Spero
982 1013 1012 1056 li
1042 1013 1214 1058 seruira
1242 1015 1286 1058 13
1311 1013 1457 1058 sanita
1484 1030 1564 1071 per
1596 1016 1762 1071 quello,
1797 1023 1843 1059 et
1878 1017 1964 1060 che

326 1092 502 1150 Jacobo
525 1092 539 1113 ⁵
562 1091 623 1133 mi
645 1091 818 1135 aiutara
837 1090 971 1144 bene,
996 1091 1172 1134 benche
1194 1092 1392 1134 anchora
1412 1105 1505 1134 non
1531 1092 1576 1135 lo
1597 1093 1657 1135 ho
1685 1092 1959 1149 speriamen-

333 1174 427 1211 tato
449 1167 545 1226 [sic]
568 1167 697 1224 quasi
719 1168 764 1211 in
787 1167 957 1212 niente:
983 1181 1089 1224 pare
1110 1168 1280 1221 buono,
1299 1174 1346 1211 et
1362 1170 1448 1213 che
1465 1168 1612 1213 scriue
1629 1170 1760 1213 bene.
1782 1171 1828 1212 Io
1850 1185 1962 1227 pen-

333 1246 476 1290 sando
498 1248 582 1289 che
604 1259 684 1302 per
707 1244 921 1289 Pultouia
942 1257 1033 1288 non
1062 1244 1100 1288 si
1122 1252 1326 1301 puoteua
1354 1246 1612 1301 proueder',
1643 1247 1701 1290 ne
1728 1247 1773 1289 di
1802 1248 1960 1300 Roma,

330 1322 459 1366 scrisi
481 1338 507 1366 a
538 1323 672 1366 Mtro.
704 1323 958 1367 Francesco
985 1321 1152 1366 Sunier
1173 1322 1258 1365 che
1280 1321 1542 1378 persuadesi
1563 1323 1607 1366 la
1634 1337 1724 1366 non
1753 1326 1889 1368 esser’
1919 1323 1965 1366 di

278 1387 280 1390 Α
331 1399 543 1457 bisognio
570 1414 651 1456 per
678 1399 708 1442 il
731 1399 877 1456 primo
903 1414 1023 1444 anno
1051 1398 1096 1443 di
1126 1398 1367 1453 rhetorico,
1402 1413 1477 1443 rna
1503 1401 1588 1444 che
1615 1401 1804 1444 bastaua
1832 1402 1904 1444 ch’
1936 1400 1965 1443 il

329 1484 527 1522 maestro
548 1478 596 1520 d’
633 1477 866 1521 humanita
888 1476 1114 1534 preparasi
1151 1476 1181 1518 li
1210 1475 1309 1520 suoi
1331 1490 1411 1534 per
1432 1477 1475 1521 la
1501 1477 1725 1522 rhetorica
1761 1478 1818 1521 al'
1848 1492 1967 1522 anno

326 1554 563 1611 prossimo,
589 1561 636 1599 et
654 1554 823 1612 passasi
840 1568 930 1598 con
951 1553 1090 1610 quelli
1108 1554 1194 1596 alla
1212 1553 1452 1609 rhetorica,
1473 1568 1603 1600 come
1618 1557 1678 1598 ho
1699 1555 1907 1599 ordinato
1929 1554 1965 1598 si

326 1630 470 1675 faccia
491 1631 538 1675 in
561 1631 810 1676 Olornutio.
831 1632 918 1675 Del
938 1633 990 1675 P.
1016 1629 1251 1676 Scorichio
1268 1631 1364 1674 fara
1381 1632 1439 1675 V.
1462 1632 1515 1675 P.
1534 1633 1676 1676 molto
1695 1632 1919 1677 beneficio
1941 1646 1966 1675 a

327 1707 391 1751 lui
412 1715 458 1753 et
480 1724 505 1751 a
527 1707 816 1766 Alamagnia,
836 1723 887 1754 se
904 1707 1043 1765 piglia
1060 1706 1381 1764 specialmente
1397 1709 1454 1753 de
1476 1708 1665 1753 aiutarlo
1683 1724 1763 1766 per
1779 1723 1827 1753 se
1848 1716 1966 1753 stes—

328 1799 394 1838 sa3
419 1787 584 1842 perche
606 1801 698 1829 non
719 1787 912 1830 essendo
934 1785 1121 1837 aiutato,
1142 1785 1229 1828 alla
1246 1784 1461 1829 ritornata
1477 1787 1503 1830 0
1519 1787 1578 1830 da
1599 1794 1771 1831 temere
1791 1794 1900 1839 etc.,
1921 1794 1966 1831 et

329 1877 410 1919 per
430 1862 460 1905 il
483 1862 710 1907 contrario
733 1862 989 1907 aiutandosi
1017 1864 1179 1918 puotra
1207 1861 1368 1906 aiutar’
1392 1863 1547 1906 molto.
1574 1865 1639 1907 La
1675 1863 1965 1907 inclinatione

324 1941 415 1984 che
442 1939 474 1982 il
494 1955 609 1996 papa
630 1942 689 1983 113
710 1946 928 1984 mostrato
949 1953 1083 1995 sopra
1104 1938 1134 1981 il
1156 1938 1348 1996 collegio
1369 1941 1413 1983 d’
1439 1939 1674 1984 Olomutio
1695 1943 1754 1983 m'
1774 1942 1834 1984 ha
1855 1954 1965 1984 con-

330 2017 521 2061 fermato
539 2018 690 2074 quello
710 2016 933 2074 principio
950 2018 1035 2060 che
1051 2017 1089 2059 s’
1113 2006 1139 2059 e
1163 2017 1273 2059 fatto
1293 2017 1354 2071 la,
1372 2018 1446 2062 del
1462 2018 1595 2073 quale
1611 2017 1761 2061 scriuo
1778 2032 1858 2074 per
1875 2031 1966 2060 una

327 2093 489 2138 lettera
506 2109 532 2137 3
548 2103 674 2150 parte
690 2095 803 2137 satta
818 2094 864 2137 in
882 2092 1116 2137 Olomutio
1134 2094 1166 2136 ⁸.
1189 2093 1223 2136 11
1240 2095 1293 2137 P.
1314 2094 1556 2138 Dominico
1575 2096 1589 2117 ⁷
1606 2105 1697 2137 non
1713 2095 1849 2137 credo
1866 2095 1966 2137 sara

328 2170 542 2226 possibile
564 2185 644 2227 per
665 2171 813 2226 quest’
838 2185 958 2213 anno
980 2170 1151 2213 leuarlo
1172 2169 1218 2212 di
1240 2171 1496 2215 Monaehio.
1517 2173 1582 2216 La
1597 2170 1675 2215 lite
1691 2171 1749 2214 de
1765 2172 1965 2214 Leonar-

324 2247 387 2290 do
407 2247 422 2269 ⁸
447 2248 663 2291 thedesco
684 2246 731 2289 in
753 2247 932 2291 Vienna
948 2253 1018 2290 sta
1033 2245 1080 2289 in
1097 2246 1171 2290 via
1185 2247 1242 2291 de
1257 2248 1520 2302 concordia,
1540 2263 1668 2293 come
1684 2249 1746 2290 m'
1765 2249 1823 2290 ha
1840 2248 1965 2290 detto

327 2323 359 2366 il
383 2325 433 2367 Ρ.
457 2323 630 2379 Lanoy.
656 2323 787 2368 Delle
808 2337 918 2368 cose
939 2323 1056 2366 delle
1079 2335 1104 2378 3
1126 2337 1318 2380 persone
1339 2326 1355 2348 ⁹
1386 2325 1585 2369 scriuero
1606 2324 1887 2382 partendomi
1907 2324 1965 2367 da

326 2407 492 2457 questo
513 2399 721 2458 collegio.

420 2479 463 2521 6.
529 2479 594 2522 La
615 2477 893 2535 obligatione
913 2477 971 2524 de
993 2484 1061 2521 tre
1082 2476 1260 2522 lettioni
1281 2479 1339 2524 de
1368 2479 1650 2536 philosophia
1671 2478 1717 2521 in
1738 2478 1963 2534 Ingolsta-

327 2554 422 2607 dio,
442 2569 534 2598 non
555 2555 584 2596 l’
609 2556 803 2599 hauemo
820 2554 1007 2611 pigliata
1028 2555 1106 2597 fin'
1125 2555 1301 2609 adesso,
1320 2556 1496 2601 benche
1517 2571 1596 2613 per
1617 2554 1885 2599 comissione
1905 2555 1963 2598 de

331 2632 390 2675 V.
416 2633 470 2675 P.
497 2631 766 2688 particolare
786 2638 1063 2688 puoteuamo
1085 2631 1262 2688 pigliar’
1282 2633 1359 2677 doi
1381 2633 1514 2687 corsi,
1539 2635 1623 2676 che
1643 2646 1781 2676 erano
1803 2638 1963 2687 quatro

404 2750 413 2770 ¹
463 2748 665 2785 Emericus
682 2749 855 2785 Forsler.
878 2748 937 2783 Ex
955 2749 1133 2795 catalogo
1151 2748 1436 2786 vindobonensi
1455 2749 1546 2786 anni
1574 2750 1679 2795 1566,
1703 2754 1791 2796 post
1814 2748 1964 2785 Natalis

326 2806 613 2855 inspectionem
622 2835 631 2844 .

398 2868 412 2889 ²
463 2867 658 2903 Hernath.
873 2865 888 2887 ³
938 2866 1074 2902 Perez.
1290 2866 1307 2888 ⁴
1354 2868 1542 2910 Didaeus,
1570 2867 1699 2903 socius
1717 2866 1765 2904 P.
1789 2866 1959 2904 Natalis.

463 2927 634 2972 Jacobus
650 2926 884 2973 genuensis.

465 2985 601 3022 Sermo
620 2991 681 3022 est
698 2986 747 3022 de
765 2986 932 3034 epistola
951 2987 1025 3022 sub
1043 2998 1086 3022 n.
1109 2995 1180 3032 424
1198 2982 1323 3024 edita.

463 3043 685 3091 Menginus.
878 3047 894 3068 ⁸
942 3045 1086 3082 Graiff.
1109 3045 1210 3081 Vide
1227 3046 1345 3093 epist.
1370 3055 1456 3094 422,
1475 3058 1516 3082 n.
1541 3057 1582 3093 9.

465 3103 708 3151 Magdalena,
728 3104 936 3151 Margarita
954 3109 994 3140 et
1016 3104 1183 3149 Helena,
1201 3103 1305 3141 fixiae
1323 3105 1559 3142 Ferdinandi
1577 3106 1612 3142 1.

399 2926 416 3124 eh—lmot
