2228 3548
386 254 434 292 38
904 251 1042 286 Emsr.
1069 247 1114 283 P.
1141 243 1414 282 NADAL—363

337 364 525 402 nuestro
555 370 613 400 en
643 353 827 399 Christo
858 353 900 397 el
933 353 986 395 P.
1022 348 1266 394 Francisco
1303 346 1496 406 Borgia,
1521 347 1751 405 preposito
1786 347 1975 405 general

337 435 454 479 della
475 434 728 488 Compania
743 431 800 474 de
816 432 967 488 JesuS‚
992 434 1080 471 etc.
1106 427 1263 470 Roma.
1281 426 1390 469 Alia
1408 433 1566 469 manu}
1587 426 1714 481 1566.
1734 426 1967 482 Augusta.

339 514 390 555 Ρ.
417 510 594 554 Natale.
623 522 677 564 23
700 508 745 551 di
770 509 940 551 Marzo.
961 504 1120 561 Sigilli
1140 504 1403 562 vestigium.

783 706 835 747 P.
872 701 1286 747 HIERONYMUS
1316 700 1537 745 NADAL

667 779 913 818 SANCTO
951 776 1302 816 FRANCISCO
1344 777 1422 813 DE
1458 776 1651 825 BORJA

827 853 1068 892 AUGUSTAE,
1094 844 1141 880 26
1164 852 1309 882 MARTII
1337 843 1429 889 1566
1455 845 1484 880 ¹.

336 922 370 949 1.
391 913 552 949 Natalis
569 915 605 948 et
626 912 814 948 Ledesma
831 912 874 947 in
892 911 1034 947 aulam
1050 910 1311 958 imperatoris
1322 912 1695 956 convocantur.-2,
1712 919 1745 956 3.
1767 908 1978 958 Colloquia

408 985 496 1010 cum
515 984 675 1009 caesare
692 972 844 1009 habita.-
860 983 1043 1008 summus
1056 971 1243 1019 pontifex
1259 973 1296 1007 et
1313 971 1473 1018 Borgia
1490 970 1540 1006 ab
1555 971 1641 1018 ipso
1658 971 1900 1007 laudantur.

434 1063 471 1095 Ι.
531 1052 662 1109 Jhus.
705 1051 847 1095 Molto
884 1050 999 1094 Rd0.
1043 1050 1191 1093 Padre
1221 1054 1378 1092 nostro
1410 1048 1456 1092 in
1484 1048 1679 1092 Christo.
1712 1049 1808 1092 Pax
1840 1048 1976 1092 Chri-

340 1128 399 1172 sti
423 1135 510 1173 etc.
538 1127 631 1172 Alli
654 1140 709 1183 23
732 1128 806 1171 del
827 1134 1038 1184 presente
1059 1126 1188 1171 scrisi
1208 1126 1295 1170 alla
1318 1127 1369 1170 P.
1387 1127 1445 1171 V.
1466 1126 1618 1182 quello
1633 1127 1719 1171 che
1735 1126 1798 1168 m'
1816 1139 1974 1170 occor-

341 1219 468 1258 reua,
509 1212 555 1250 et
596 1219 725 1249 come
762 1220 854 1249 non
890 1206 1072 1250 haueuo
1111 1205 1311 1248 anchora
1349 1205 1544 1248 hauutto
1587 1202 1816 1247 audientia
1857 1203 1978 1248 dalla

343 1283 452 1327 Mffa
475 1297 686 1327 caesarea
703 1297 782 1339 per
798 1283 839 1326 le
856 1281 1073 1326 continue
1088 1280 1348 1338 ocupationi
1365 1282 1449 1325 che
1465 1282 1612 1325 hauea
1628 1283 1822 1324 hauutta
1837 1282 1892 1326 S.
1906 1283 1969 1325 M.

343 1373 428 1403 con
451 1360 481 1402 l’
506 1359 671 1404 intrate
693 1367 738 1404 et
759 1358 989 1404 audientie
1010 1358 1056 1402 di
1078 1357 1227 1415 questi
1243 1357 1450 1415 principi;
1469 1365 1516 1402 et
1531 1358 1626 1401 cosi
1642 1357 1684 1401 ci
1701 1359 1848 1403 hauea
1863 1358 1980 1402 fatto

346 1436 595 1493 significar'
620 1451 700 1493 per
721 1437 751 1479 il
774 1451 857 1480 suo
879 1435 1139 1491 secretario,
1164 1437 1249 1480 che
1277 1449 1406 1479 come
1433 1436 1604 1479 hauese
1636 1442 1788 1492 tempo
1815 1435 1977 1488 libero,

345 1513 387 1557 ci
407 1513 533 1557 daria
549 1513 794 1558 audientia.
815 1515 848 1557 Il
866 1520 1088 1570 sequente
1104 1513 1268 1571 giorno
1284 1513 1506 1566 adonche‚
1527 1514 1612 1556 che
1630 1513 1794 1556 furono
1810 1512 1886 1556 alli
1902 1525 1979 1567 24,

345 1604 481 1635 uerso
503 1589 534 1632 il
556 1591 700 1644 tardo,
726 1591 775 1636 S.
801 1592 864 1635 M.
890 1591 931 1634 ci
954 1592 1052 1636 fece
1073 1590 1272 1634 chiamar
1294 1592 1372 1634 un'
1402 1590 1517 1634 altra
1539 1591 1679 1643 uolta,
1705 1589 1982 1646 (imperoche

344 1667 387 1710 13
407 1667 572 1724 prima‚·
592 1681 722 1711 come
743 1667 818 1724 gia
840 1670 899 1712 ho
920 1668 1079 1712 scritto
1098 1682 1125 1712 a
1153 1669 1212 1712 V.
1238 1669 1312 1721 Ρ.,
1343 1682 1423 1724 per
1443 1666 1731 1724 occupationi
1753 1669 1838 1712 che
1859 1668 1982 1724 dopo

344 1744 388 1787 d’
414 1744 599 1788 hauerci
623 1746 735 1788 fatto
756 1745 980 1789 chiamare
1002 1744 1365 1802 sopragionsero,
1390 1760 1482 1789 non
1502 1744 1545 1788 ci
1566 1746 1705 1801 puote
1722 1745 1979 1801 admetter’)

345 1827 391 1866 et
427 1821 469 1864 ci
507 1822 611 1867 dete
647 1821 876 1867 audientia
912 1830 1102 1876 secreta,
1142 1822 1256 1876 cioe,
1295 1823 1486 1867 essendo
1523 1823 1622 1866 sola
1649 1822 1695 1865 in
1724 1836 1902 1867 camera
1933 1822 1979 1865 la

345 1899 409 1942 M.
435 1899 503 1952 S.,
527 1899 740 1942 restando
761 1899 806 1942 di
828 1899 955 1943 fuora
976 1899 1103 1943 molti
1125 1899 1314 1957 signori,
1345 1906 1390 1944 et
1417 1899 1568 1943 subito
1597 1901 1682 1944 che
1711 1898 1978 1943 arriuasimo

344 1975 420 2020 nel
455 1976 660 2032 palazzo,¹
679 1976 721 2020 ci
758 1978 854 2021 fece
882 1977 1065 2031 intrare,
1097 1976 1353 2022 hauendoci
1381 1984 1605 2034 aspettato
1642 1976 1719 2033 piu
1747 1976 1793 2020 di
1824 1991 1979 2022 mezza

345 2052 473 2105 hora,
498 2052 756 2108 imperoche
778 2068 856 2109 per
872 2056 1220 2100 manchamento
1236 2061 1283 2099 et
1298 2055 1462 2098 scordo
1479 2055 1524 2097 d'
1545 2069 1609 2097 un
1625 2053 1872 2098 camariero
1888 2068 1980 2097 non

347 2142 500 2172 eramo
521 2129 627 2172 stati
649 2130 861 2174 chiamati
887 2139 931 2174 et
954 2131 1131 2176 auisati.

439 2217 481 2249 2.
547 2207 779 2250 Entrando
801 2207 1006 2251 adonche
1027 2208 1057 2250 il
1086 2210 1140 2252 P.
1172 2211 1253 2253 Dr.
1290 2209 1511 2254 Ledesma
1537 2216 1584 2254 et
1612 2209 1672 2261 io,
1706 2215 1753 2252 et
1785 2208 1981 2253 uolendo

346 2282 505 2326 bassar
526 2283 569 2326 13
591 2297 725 2327 mano
746 2284 819 2326 all'
844 2283 1129 2340 imperatore,
1155 2287 1202 2331 S.
1231 2288 1294 2331 M.
1320 2301 1412 2330 non
1433 2301 1487 2330 ce
1513 2286 1557 2329 13
1586 2286 1715 2329 uolse
1746 2286 1870 2330 dare:
1905 2300 1978 2328 ma

346 2357 388 2400 ci
410 2358 611 2419 riceuete
632 2360 771 2402 molto
792 2360 1162 2417 benignamente.
1187 2364 1234 2407 Io
1255 2363 1287 2406 li
1314 2362 1424 2406 dissi
1453 2362 1595 2420 prima
1627 2364 1712 2406 che
1738 2363 1782 2406 la
1811 2361 1976 2405 santita

346 2435 403 2479 de
426 2443 582 2480 nostro
604 2436 787 2493 signore
809 2436 850 2480 ci
870 2439 1017 2482 hauea
1036 2440 1249 2484 mandato
1270 2441 1345 2484 dal
1366 2441 1508 2485 Illmo.
1529 2441 1682 2497 legato
1703 2454 1783 2496 per
1803 2438 1975 2483 seruire

418 2591 428 2612 ¹
479 2591 536 2626 Ex
551 2592 809 2638 archetypo,a
822 2592 867 2627 P.
883 2593 1060 2638 Jimenez
1074 2600 1245 2642 exarato,
1255 2601 1295 2632 et
1313 2607 1335 2632 a
1349 2596 1393 2632 P.
1409 2595 1532 2632 Nadal
1547 2594 1831 2642 subscripto‚in
1844 2594 1976 2642 Epist.

343 2647 500 2693 Natal.,
518 2650 570 2695 II,
589 2649 735 2696 duplici
752 2649 836 2695 fol.,
859 2659 923 2697 107
945 2652 1058 2699 (438).
1083 2654 1166 2690 Sub
1183 2667 1222 2691 n.
1245 2654 1313 2691 108
1330 2654 1408 2700 (73)
1426 2660 1555 2691 exstat
1572 2655 1738 2690 alterum
1755 2655 1979 2701 exemplum

344 2707 613 2754 archetypum,
633 2714 676 2744 ut
693 2709 815 2756 prius,
834 2721 856 2746 a
875 2711 1053 2757 Jimenez
1071 2713 1259 2761 scriptum
1277 2719 1317 2750 et
1333 2726 1356 2750 a
1373 2714 1503 2750 Natali
1520 2713 1799 2760 subscriptum,
1817 2713 1980 2749 Romam
2058 2703 2064 2709 ’

346 2765 523 2812 missum,
542 2767 606 2803 die
621 2779 715 2804 vero
733 2777 777 2814 27
796 2769 925 2805 Martii
942 2771 1088 2808 datum.
1108 2772 1330 2810 Concordat
1347 2785 1436 2810 cum
1449 2772 1582 2820 priori,
1596 2772 1729 2819 paucis
1744 2772 1889 2809 nullius
1903 2784 1983 2808 mo-

345 2824 467 2860 menti
481 2827 670 2872 exceptis.
681 2826 764 2863 Sub
775 2839 936 2864 numero
948 2838 961 2864 1
972 2839 1028 2875 10,
1039 2830 1077 2867 in
1087 2831 1226 2868 eodem
1239 2832 1375 2869 codice
1385 2831 1633 2879 reperiuntur
1644 2836 1828 2879 excerpta
1837 2843 1983 2868 coaeva

343 2882 461 2929 hujus
485 2884 688 2932 epistolae,
708 2886 748 2922 in
771 2886 913 2934 quibus
938 2889 1088 2926 Natalis
1113 2903 1250 2927 manus
1274 2902 1352 2928 non
1375 2896 1552 2939 apparet.
1576 2891 1722 2927 Romae
1740 2896 1983 2939 transumpta

343 2942 516 2989 fuerunt,
529 2949 571 2980 ut
585 2956 737 2981 summo
751 2945 924 2992 pontifici
938 2949 1229 2998 exhiberentur,
1246 2955 1361 2998 prout
1378 2949 1462 2997 ipse
1480 2948 1652 2986 indicare
1670 2949 1826 2986 videtur
1843 2950 1883 2987 in
1901 2950 1979 2997 epi-

344 3002 443 3037 stola
473 3001 555 3047 377,
576 3015 615 3039 n.
651 3012 683 3039 1.
715 3004 911 3052 Incipiunt
937 3007 996 3042 his
1026 3009 1171 3045 verbis:
1204 3008 1253 3045 Ci
1276 3010 1330 3046 ha
1344 3008 1457 3056 fatto
1475 3009 1703 3045 chiamar...
1724 3009 1920 3046 Desinunt
1938 3009 1978 3045 in

339 3060 449 3097 haec:
470 3061 543 3098 bon
559 3063 697 3099 animo
715 3075 827 3100 verso
845 3065 886 3100 la
904 3066 953 3102 P.
982 3067 1022 3103 V.
1043 3071 1080 3103 et
1093 3080 1205 3104 verso
1222 3068 1266 3105 la
1286 3066 1555 3116 Compagnia‚
1569 3072 1639 3105 etc.
