2228 3548
0 280 41 421 sums
3 239 8 253 “’

913 286 960 325 28
987 287 1158 326 Arimis
1188 289 1280 334 1568
1802 293 1872 338 583

1038 391 1152 466 515

716 497 769 539 Ρ.
802 497 1219 543 HIERONYMUS
1251 500 1472 544 NADAL

604 570 846 611 SANCTO
885 574 1234 613 FRANCISCO
1272 577 1349 612 DE
1387 576 1582 624 BORJA

791 646 979 687 LovANn,
997 639 1043 676 28
1060 649 1222 677 Amums
1243 641 1334 686 1568
1352 644 1381 678 ¹.

267 720 302 747 1.
324 711 383 748 De
407 713 661 751 institutione
684 716 847 764 collegii
875 718 1187 755 duacensis.-2.
1214 719 1329 755 Duos
1352 720 1500 756 Patres
1522 721 1711 768 hispanos
1734 723 1914 758 nondum

314 772 583 821 Antverpiam
602 776 768 812 venisse:
787 776 901 813 breve
914 781 992 824 pro
1010 777 1173 826 collegii
1192 779 1333 815 Sancti
1348 780 1583 816 Audomari
1599 781 1917 818 institutione.—

317 841 350 878 3.
382 832 445 869 De
474 834 642 882 collegio
671 836 1029 882 tornacensi.—4.
1066 837 1128 874 De
1157 839 1242 874 suis
1266 839 1594 886 occupationibus
1617 833 1656 876 et
1683 842 1914 888 scriptis.—

310 902 347 936 5.
364 892 430 939 >De
447 893 581 930 libello
599 895 809 931 Benedicti
825 895 987 943 Moreji:
1005 897 1054 933 de
1070 909 1157 940 suo,
1175 898 1377 934 scribendi
1394 902 1537 935 contra
1563 900 1792 944 haereticos,
1814 902 1915 938 desi·
1931 917 1940 927 ·

310 952 439 988 derio:
466 952 554 999 ejus
575 954 619 989 in
647 953 831 992 Galliam
856 955 935 992 iter
957 955 1265 1002 differtur.—6.
1293 957 1356 993 De
1381 959 1464 993 suis
1487 961 1525 994 et
1550 959 1647 995 socii
1669 961 1914 1006 expensis.-

309 1019 344 1056 7.
364 1012 427 1048 De
446 1012 569 1049 Sil-vii
580 1014 771 1059 pecunia:
789 1014 838 1050 de
855 1014 1025 1062 collegio
1042 1017 1332 1052 cameracensi:
1349 1017 1397 1052 de
1422 1017 1471 1052 P.
1499 1018 1679 1053 Henrico
1703 1018 1913 1066 Dionysio:

309 1072 357 1108 de
374 1072 555 1120 collegiis
578 1073 781 1110 Dionanti
803 1076 841 1110 et
867 1074 1054 1110 Lovanii:
1078 1076 1126 1111 de
1149 1076 1351 1123 magistro
1367 1075 1534 1122 jacobo,
1549 1078 1728 1123 parocho
1754 1081 1913 1114 curtra-

308 1133 427 1167 censi.
438 1132 517 1167 —8.
540 1132 599 1168 De
617 1133 733 1169 rebus
749 1132 929 1170 Galliae:
941 1135 990 1170 de
1007 1135 1249 1171 virdunensi
1266 1135 1450 1182 collegio:
1468 1134 1669 1171 Claudius
1683 1137 1911 1173 Matthaeus

312 1204 337 1226 a
357 1192 404 1227 P.
424 1191 622 1229 Manareo
634 1195 713 1240 pro
729 1193 897 1242 collegio
909 1193 1134 1241 parisiensi
1146 1193 1442 1242 postulatum-
1449 1204 1490 1239 9.
1511 1195 1573 1230 De
1591 1194 1725 1231 libello
1749 1196 1911 1243 Moreji:

305 1252 503 1298 pecuniae
510 1253 683 1289 Romam
695 1253 856 1290 missae:
870 1255 950 1290 duo
962 1255 1185 1291 sacerdotes
1196 1253 1359 1301 hispani
1371 1257 1634 1302 expectantur
1646 1256 1909 1303 Antverpiae.

361 1342 398 1373 1.
458 1330 591 1388 Jhus.
627 1330 771 1374 Molto
802 1331 916 1375 Rdo.
954 1332 1007 1375 P.
1043 1332 1102 1375 N.
1139 1331 1187 1375 in
1220 1330 1420 1376 Christo.
1458 1333 1556 1375 Pax
1589 1332 1777 1384 Christi,
1814 1341 1902 1377 etc.

264 1406 358 1450 Alli
382 1419 438 1465 29
459 1406 503 1450 di
528 1408 683 1451 Marzo
704 1407 873 1454 riceuei
894 1408 924 1451 l’
949 1407 1119 1463 ultima,
1132 1409 1251 1454 della
1275 1410 1326 1452 P.
1361 1409 1419 1453 V.
1451 1409 1558 1452 delli
1592 1422 1645 1464 14
1666 1409 1711 1452 di
1735 1411 1771 1453 F
1774 1411 1907 1454 ebra—

261 1498 326 1527 ro.
355 1485 413 1527 Et
432 1499 514 1542 per
537 1484 566 1528 il
590 1484 777 1542 negotio
798 1486 843 1528 d’
869 1485 1120 1543 Aquicinto
1141 1486 1156 1507 ¹
1180 1487 1241 1530 ho
1262 1471 1396 1543 posto
1424 1486 1577 1530 subito
1607 1486 1834 1544 diligenza
1856 1487 1901 1531 in

262 1562 343 1604 far’
367 1563 442 1604 vn'
467 1561 762 1607 instruttione
782 1577 863 1620 per
884 1562 915 1606 il
938 1564 991 1607 Ρ.
1019 1562 1282 1607 Eleutherio
1311 1565 1344 1618 ³;
1370 1564 1413 1607 13
1442 1563 1636 1620 risposta
1665 1564 1740 1608 del
1768 1565 1902 1620 quale

257 1645 304 1684 et
326 1639 431 1682 dell’
457 1638 622 1684 abbate
650 1639 710 1683 mi
732 1641 791 1683 ha
813 1639 1033 1685 ritrouato
1065 1640 1112 1683 in
1142 1641 1372 1686 Brussella
1401 1641 1444 1684 13
1473 1641 1725 1698 septimana
1754 1648 1901 1695 santa,

258 1723 483 1772 occupato
514 1716 560 1759 in
595 1716 698 1760 udir
729 1716 1020 1770 confessioni,
1056 1718 1252 1763 essendo
1286 1724 1405 1762 stato
1444 1717 1671 1762 chiamato
1710 1718 1903 1774 special-

257 1800 411 1839 mente
430 1794 488 1837 da
512 1795 603 1837 don
626 1795 662 1838 F
664 1809 882 1839 rancesco
904 1795 962 1838 de
982 1796 1019 1838 F
1021 1809 1188 1839 onseca
1208 1795 1225 1816 ⁸
1248 1807 1330 1851 per
1351 1802 1515 1851 questo
1535 1797 1715 1841 effetto.
1746 1796 1795 1841 Si
1818 1797 1903 1840 che

258 1871 308 1914 fu
332 1871 591 1916 necessario
614 1871 768 1916 diferir
789 1871 835 1915 di
858 1872 1109 1929 risponder'
1134 1872 1222 1916 alla
1245 1874 1298 1917 Ρ.
1323 1873 1402 1926 V.,
1428 1881 1474 1918 et
1496 1873 1715 1917 mandarli
1745 1874 1788 1917 13
1815 1874 1901 1917 let-

260 1955 355 1992 tera
377 1950 463 1994 che
484 1939 516 1991 Γ
540 1950 706 1995 abbate
727 1949 878 1993 scriue
899 1950 942 1993 al
966 1951 1018 1993 Ρ.
1046 1950 1278 1994 Euerardo
1302 1951 1334 2003 ⁵,
1359 1951 1480 2007 dopo
1502 1951 1545 1994 la
1567 1952 1751 2007 pas‘cha3
1776 1958 1901 1994 tanto

259 2026 337 2082 pin
363 2028 450 2072 che
471 2034 653 2084 passata
675 2028 842 2083 quella,
868 2027 978 2084 ogni
1000 2026 1164 2084 giorno
1185 2034 1423 2085 aspettauo
1445 2027 1602 2071 venesi
1623 2027 1668 2070 di
1691 2029 1843 2072 Gante
1871 2028 1901 2071 il

261 2104 409 2147 Padre
430 2104 710 2160 prouinciale
732 2106 765 2158 ⁶,
791 2105 881 2148 co'l
902 2104 1036 2160 quale
1058 2103 1118 2147 mi
1140 2118 1310 2162 pareua
1326 2104 1631 2150 conueniente
1649 2105 1896 2148 consultar'

256 2180 287 2223 il
310 2181 512 2238 negotio,
536 2181 691 2226 auanti
714 2181 759 2225 di
782 2181 970 2226 scriuer’
995 2181 1083 2225 alla
1107 2183 1160 2226 P.
1186 2182 1244 2226 V.
1270 2182 1318 2226 Io
1338 2183 1465 2226 volse
1488 2181 1705 2237 impedire
1736 2188 1898 2236 questo

255 2258 442 2314 negotio
478 2258 597 2302 della
622 2258 895 2303 'fundatione
932 2259 977 2302 d’
1008 2257 1275 2314 Aquicinto,
1308 2259 1519 2304 vedendo
1552 2260 1636 2302 che
1670 2260 1710 2302 la
1744 2260 1798 2301 P.
1836 2259 1894 2302 V.

255 2335 372 2378 daua
399 2335 442 2378 la
470 2335 702 2392 negatiua.
737 2337 794 2380 Et
822 2336 975 2393 quello
1003 2335 1076 2380 ch’
1106 2335 1134 2378 il
1171 2337 1222 2380 P.
1252 2337 1484 2382 Euerardo
1515 2336 1693 2388 diceua,
1726 2349 1898 2391 sapeuo

255 2414 341 2456 che
363 2412 418 2456 ne
450 2412 481 2455 il
511 2413 676 2458 abbate
704 2421 921 2470 puoteua,
947 2414 1005 2457 ne
1034 2413 1199 2459 uoleua
1231 2413 1360 2468 far103
1386 2414 1466 2456 lioc
1498 2418 1575 2466 est,
1604 2414 1714 2457 dare
1743 2413 1895 2468 quella

256 2488 422 2534 intrata
444 2504 524 2547 per
546 2506 607 2534 vn
629 2491 824 2549 collegio
846 2493 903 2537 de
926 2491 1121 2535 scholari
1142 2491 1302 2546 nostri,
1326 2507 1464 2542 senza
1481 2498 1714 2547 assumpto
1730 2490 1776 2533 di
1793 2490 1895 2547 leg-

256 2569 373 2623 ger',
398 2582 426 2610 o
448 2581 558 2611 uero
579 2583 660 2624 per
681 2568 858 2612 nouitii.
886 2571 962 2613 Ma
983 2569 1192 2614 vedendo
1214 2584 1296 2626 per
1316 2570 1467 2626 quella
1489 2570 1573 2612 che
1594 2584 1620 2612 a
1642 2583 1715 2611 me
1744 2566 1894 2612 scriue

254 2644 297 2687 13
322 2647 373 2688 P.
399 2646 479 2699 V.,
503 2647 589 2688 che
610 2645 710 2689 dice
738 2661 830 2690 non
859 2661 990 2703 parer
1020 2645 1256 2703 spediente
1275 2648 1362 2691 che
1386 2661 1473 2690 eon
1498 2645 1611 2689 tanti
1635 2644 1893 2701 contrapesi

252 2723 290 2764 s'
315 2721 453 2765 acetti
473 2721 520 2764 in
542 2723 605 2766 tal
626 2723 771 2766 forma
793 2723 824 2766 il
845 2723 1059 2780 collegio;
1084 2729 1131 2767 et
1151 2724 1239 2767 sul'
1263 2725 1354 2769 fine
1376 2725 1421 2767 d’
1447 2724 1477 2767 il
1501 2722 1747 2766 medesimo
1778 2735 1892 2777 capo

322 2821 330 2840 ¹
382 2821 442 2856 Ex
471 2822 699 2869 archetypo,
729 2833 753 2857 a
782 2822 962 2868 Jimenez
985 2827 1161 2868 exarato,
1185 2827 1226 2858 et
1255 2823 1407 2859 Natalis
1438 2834 1556 2858 manu
1585 2819 1821 2867 subscripto,
1851 2819 1891 2855 in

248 2879 379 2926 Epist.
400 2879 554 2925 Natat„
575 2881 627 2922 II,
647 2879 791 2928 triplici
807 2880 890 2928 fol„
911 2890 982 2916 202
999 2883 1100 2927 (444,
1118 2888 1203 2926 445,
1222 2881 1322 2927 446).
1341 2881 1443 2917 Vide
1462 2881 1578 2928 epist.
1599 2888 1685 2925 509,
1703 2879 1768 2915 cui
1793 2879 1891 2915 haec

248 2938 476 2986 respondet.

322 3001 336 3020 ²
387 2998 488 3034 Vide
507 2998 623 3046 epist.
643 3006 728 3044 510,
747 3011 786 3035 n.
806 2998 841 3035 3.
1317 3001 1333 3022 ³
1382 3001 1582 3036 Pontanus
1600 2997 1669 3045 (du
1687 2999 1818 3042 Pont).

323 3059 338 3079 ⁴
388 3057 488 3094 Vide
507 3069 635 3104 supra,
655 3069 750 3105 pag.
772 3066 856 3104 495,
877 3063 1014 3094 annot.
1043 3068 1084 3095 2.

321 3117 336 3139 ⁸
385 3117 668 3164 Mercurianus,
690 3116 880 3154 assistens
898 3117 1147 3154 Germaniae.
1318 3120 1333 3141 ὃ
1382 3118 1615 3155 Franciscus
1634 3117 1839 3154 Costerus.
