2228 3548
399 297 470 343 344
913 294 1050 330 prs'r.
1078 291 1123 328 P.
1151 291 1421 337 NADAL-457

348 412 460 442 uero
490 397 534 440 la
561 409 718 448 cuoca3
746 401 792 439 et
813 394 995 450 quando
1033 398 1194 448 questo
1215 405 1311 435 non
1332 391 1370 435 si
1407 391 1606 435 concede
1641 390 1716 435 alli
1747 389 1976 447 oppidani,

346 475 444 518 loro
468 471 701 517 medesimi
737 470 940 528 pigliano
961 471 1040 513 vn’
1075 468 1291 522 heretico,
1322 474 1370 512 et
1400 469 1686 513 confondeno
1716 467 1825 525 ogni
1853 481 1973 511 cosa.

346 551 522 610 Questo
545 549 569 592 e
592 563 653 591 vn
682 546 984 604 grandissimo
1005 546 1139 600 male,
1176 546 1339 597 Padre,
1369 543 1417 587 in
1445 545 1713 602 Alamagna.
1739 545 1787 588 Io
1813 543 1975 588 diceuo

343 627 453 679 cosi,
482 626 644 676 Padre,
670 622 1003 668 ricordandomi
1024 622 1070 666 di
1093 622 1243 679 quello
1274 623 1361 666 che
1383 622 1519 665 fanno
1545 621 1578 664 li
1607 621 1749 665 nostri
1769 621 1875 666 nell'
1900 622 1974 664 In-

342 703 431 755 dia,
457 718 507 747 se
528 703 618 746 ben
640 700 702 744 mi
723 701 919 744 ricordo:
945 703 990 743 vt
1011 700 1405 757 coniungerentur
1426 698 1541 742 duae
1562 698 1634 741 uel
1655 702 1759 752 tres,
1781 699 1852 742 uel
1866 699 1974 755 plu·

343 795 417 823 res
439 780 574 823 etiam
595 778 884 835 parrochiae,
913 784 959 823 et
988 778 1032 821 13
1054 791 1163 821 cura
1191 777 1247 820 de
1270 783 1386 820 tutte
1409 776 1557 832 quelle
1578 775 1667 819 fusi
1702 776 1808 820 data
1843 790 1870 819 a
1896 776 1973 818 vn'

343 858 463 900 buon
493 856 742 909 sacerdote,
774 862 820 901 et
847 856 1054 912 probato,
1081 858 1121 897 et
1148 855 1199 896 in
1229 854 1345 911 fide,
1369 857 1409 896 et
1431 854 1483 896 in
1503 853 1720 906 moribus,
1745 859 1791 897 et
1817 860 1977 910 questo

341 933 500 978 andasi
517 933 887 977 continuamente
903 947 983 989 per
1001 938 1161 987 queste
1176 930 1412 988 parrochie
1428 929 1621 974 dicendo
1643 944 1791 973 messa
1812 937 1858 975 et
1873 944 1978 987 pre-

340 1011 550 1065 dicando,
574 1012 688 1054 hora
710 1010 814 1054 nell’
841 1024 948 1063 una,
973 995 1084 1052 hora
1106 1009 1212 1053 nell’
1238 1008 1366 1061 altra,
1392 1007 1613 1052 sentendo
1634 1006 1769 1051 etiarn
1798 1007 1980 1051 confes-

341 1087 472 1141 sioni,
498 1094 543 1132 et
565 1087 861 1131 ministrando
883 1086 914 1129 il
930 1085 1186 1130 santissimo
1209 1091 1508 1138 sacramento3
1522 1090 1567 1127 et
1583 1084 1668 1127 che
1684 1082 1731 1127 in
1748 1082 1858 1140 ogni
1873 1098 1977 1140 par-

341 1165 494 1209 rochia
517 1165 605 1208 fusi
626 1164 849 1208 instituito
870 1166 946 1206 vn'
971 1165 1139 1207 huomo
1161 1162 1324 1207 clerico
1346 1161 1624 1219 congiugato
1652 1176 1788 1206 senza
1819 1160 1976 1205 ordine

342 1243 524 1296 nisuno,
545 1243 616 1285 uel
637 1243 688 1284 in
710 1242 978 1294 minoribus,
989 1241 1206 1298 probatae
1227 1241 1357 1292 vitae,
1375 1239 1614 1282 dummodo
1635 1253 1727 1281 non
1749 1238 1974 1296 bigamus,

332 1321 422 1376 qui
444 1324 682 1362 tonsuram
703 1322 744 1362 et
766 1319 967 1362 habitum
995 1318 1246 1361 clericalem
1274 1318 1324 1360 in
1353 1316 1535 1360 ecclesia
1552 1319 1768 1373 gestaret,
1790 1315 1823 1358 il
1844 1306 1976 1372 quale

343 1396 432 1440 fusi
454 1396 617 1440 idoneo
645 1411 725 1452 per
762 1396 813 1438 in
844 1410 952 1438 casu
974 1395 1252 1438 necessitatis
1280 1395 1526 1446 battezare,
1551 1399 1597 1438 et
1613 1392 1867 1450 insegnassi
1889 1399 1910 1420 ²
1934 1393 1978 1436 la

343 1473 545 1517 dottrina
582 1472 841 1525 christiana,
877 1472 1138 1517 dechiarare
1175 1471 1310 1516 etiam
1336 1472 1365 1514 1’
1405 1469 1646 1528 euangelio
1676 1477 1903 1523 currente,
1934 1475 1980 1515 et

344 1549 458 1594 fussi
479 1550 500 1578 b
526 1549 749 1593 instructo
766 1565 828 1592 un
850 1563 965 1605 poco
981 1548 1028 1592 in
1045 1547 1372 1603 controuersie‚
1392 1547 1422 1590 il
1441 1548 1573 1604 quale
1590 1546 1679 1590 fusi
1696 1561 1824 1592 come
1842 1548 1981 1592 coad-

344 1627 491 1671 iutore
514 1641 541 1670 o
563 1626 768 1669 ministro
790 1627 863 1669 del
891 1628 1128 1683 parrocho,
1163 1632 1209 1669 et
1240 1626 1359 1670 nella
1380 1624 1586 1668 absentia
1609 1638 1691 1667 sua
1705 1627 1855 1680 posset
1876 1638 1983 1668 con-

346 1705 491 1747 tinere
507 1704 680 1761 plebe-m
701 1704 751 1745 in
774 1704 919 1760 officio
932 1703 1062 1760 fidei,
1085 1703 1371 1755 obedientiae,
1394 1706 1435 1745 et
1455 1702 1639 1745 vnionis
1660 1701 1914 1754 catholicae,
1937 1708 1983 1745 et

345 1797 372 1826 a
393 1787 555 1837 questo
579 1780 668 1823 fusi
690 1780 922 1837 assignato
946 1795 1007 1823 vn
1030 1780 1168 1823 buon’
1192 1779 1433 1836 stipendio,
1453 1779 1666 1822 accioche
1687 1778 1724 1822 si
1741 1785 1982 1835 puotesero

346 1864 529 1902 trouare
550 1871 742 1914 persone
764 1856 1021 1901 sufficienti.
1048 1857 1105 1900 Et
1127 1871 1218 1900 non
1246 1871 1352 1913 pare
1375 1858 1459 1901 che
1487 1855 1604 1899 saria
1631 1854 1981 1899 inconueniente

344 1941 506 1991 questo
529 1933 575 1976 in
599 1939 759 1990 questa
780 1933 979 1977 necesita
1006 1941 1208 1978 extrema
1230 1933 1275 1976 di
1303 1931 1565 1986 Germania;
1590 1932 1756 1989 perche
1784 1933 1981 1975 hauemo

347 2012 376 2054 l’
402 2009 626 2067 essempio
648 2010 722 2053 nel
744 2010 935 2054 concilio
972 2010 1219 2055 tridentino
1257 2023 1329 2066 23.
1370 2011 1494 2055 Sess.
1529 2011 1602 2053 De
1638 2009 1983 2068 reformatione,

347 2089 456 2144 Cap.
489 2099 557 2142 17,
582 2089 668 2130 che
689 2086 727 2130 si
764 2088 962 2131 concede
998 2088 1058 2130 ad
1095 2088 1410 2131 ministerium
1432 2087 1651 2130 ordinum
1673 2086 1922 2138 minorum,
1944 2085 1986 2128 si

348 2165 529 2208 coelibes
546 2164 700 2207 clerici
716 2164 942 2220 deficiant,
960 2168 1010 2207 ut
1026 2165 1330 2208 adhibeantur
1341 2164 1618 2216 huiusmodi,
1632 2170 1719 2207 etc.
1740 2164 1797 2206 Et
1815 2169 1986 2219 quanto

348 2242 425 2286 alli
442 2241 677 2297 ministerij
697 2243 782 2285 che
800 2255 890 2284 non
907 2242 998 2298 puo
1016 2242 1271 2286 ministrare
1287 2257 1336 2286 se
1357 2256 1448 2285 non
1471 2242 1720 2293 sacerdote,
1742 2239 1986 2284 necessarii

350 2319 410 2361 ad
438 2319 629 2362 salutem
666 2318 946 2374 simpliciter,
984 2333 1092 2375 pare
1130 2320 1215 2363 che
1247 2333 1339 2377 non
1377 2318 1418 2362 ci
1455 2318 1521 2363 sia
1554 2317 1787 2370 difficolta3
1818 2317 1984 2373 perche

351 2402 521 2451 quanto
544 2395 585 2438 al
607 2395 852 2438 confessar’
878 2402 923 2439 et
945 2396 1041 2439 dar'
1065 2395 1095 2438 il
1118 2395 1376 2439 santissimo
1398 2401 1697 2448 sacramento,
1717 2394 1748 2437 il
1770 2395 1855 2437 che
1877 2392 1915 2436 si
1938 2393 1981 2437 fa

353 2472 400 2516 in
412 2479 540 2519 ‚tutta
555 2472 598 2515 13
615 2471 976 2528 quadragesima,
997 2473 1132 2517 etiarn
1150 2487 1230 2529 per
1246 2472 1576 2517 consuetudine
1592 2471 1640 2515 in
1656 2472 1796 2515 rnolte
1813 2470 1977 2522 bande,

352 2564 402 2593 se
425 2549 530 2606 quel
565 2549 786 2605 parrocho
808 2563 900 2592 non
922 2557 1110 2605 puotese
1132 2550 1327 2594 satisfar’
1352 2565 1379 2593 a
1413 2549 1518 2593 tutti
1538 2549 1570 2592 li
1590 2548 1698 2605 pagi
1724 2547 1770 2590 in
1800 2553 1918 2590 tutta
1937 2546 1981 2589 13

352 2624 714 2682 quadragesima,
741 2624 998 2670 facilmente
1020 2627 1114 2671 Sua
1137 2627 1233 2672 Sta.
1259 2627 1512 2683 puotrebbe
1542 2624 1803 2681 dispensare
1824 2624 1908 2667 che
1935 2622 1983 2666 in

353 2702 468 2746 altro
491 2709 641 2759 tempo
663 2700 831 2745 bastasi
860 2701 1114 2748 ministrare
1150 2703 1298 2760 questi
1325 2702 1444 2747 santi
1479 2700 1765 2746 sacramenti.
1797 2701 1985 2756 Quanto

352 2779 439 2822 alla
461 2793 608 2822 messa
628 2778 659 2821 li
681 2777 830 2835 giorni
851 2777 896 2820 di
915 2779 1043 2833 festa,
1068 2787 1177 2835 etc.‚
1203 2780 1275 2823 vbi
1293 2794 1384 2823 non
1400 2783 1464 2822 est
1480 2779 1619 2834 copia,
1641 2778 1768 2820 omni
1783 2777 1988 2834 diligen-

356 2856 419 2898 tia
435 2857 570 2914 facta
591 2855 810 2899 audiendi
825 2856 1028 2910 missam,
1052 2871 1144 2900 non
1159 2858 1424 2914 obligantur
1445 2856 1505 2899 ad
1514 2858 1762 2912 peccatum,
1779 2860 1825 2899 et
1840 2852 1878 2896 si
1894 2853 1985 2910 puo

356 2931 597 2989 agionger’
621 2933 705 2976 che
728 2932 891 2975 audire
912 2933 1101 2976 missam
1124 2949 1215 2977 non
1233 2937 1297 2977 est
1320 2934 1442 2976 iuris
1469 2933 1622 2975 diuini
1642 2931 1921 2988 simpliciter,
1938 2934 1984 2974 et

428 3045 448 3065 a
487 3037 746 3074 Emendatum
776 3036 926 3074 Natalis
950 3050 1066 3075 manu
1089 3051 1138 3075 ex
1162 3039 1472 3087 insegnare.-b
1486 3039 1572 3074 Hoc
1595 3038 1708 3075 verb.
1727 3037 1847 3083 'supra
1870 3045 1978 3070 vers.

355 3096 507 3133 addidit
524 3097 577 3133 N.
