2228 3548
442 309 514 355 406
958 305 1100 341 Ems'r.
1127 304 1173 340 P.
1199 303 1386 339 NADAL-
1398 302 1470 348 469

390 408 518 461 tuali,
538 415 584 451 et
601 408 719 452 nelle
736 408 913 459 lettere,
939 413 985 451 et
1008 405 1068 448 mi
1089 420 1196 462 pare
1218 406 1304 449 che
1325 406 1362 448 s’
1386 406 1446 448 ha
1462 420 1489 449 a
1505 403 1648 461 patire
1665 409 1835 460 quanto
1851 401 1890 445 si
1906 414 2027 458 puo-.

392 485 460 528 tra
483 484 638 528 auanti
660 485 718 529 de
755 482 935 541 partirsi
957 483 1002 526 di
1030 497 1135 539 qua,
1155 482 1212 526 ne
1239 481 1285 525 di
1316 482 1540 539 pensar10;
1570 496 1644 525 ma
1670 479 1794 525 accio
1814 480 1857 524 13
1880 481 1932 522 P.
1957 479 2020 522 V.

391 562 505 606 veda
525 561 570 604 di
593 561 827 618 negotiare
853 575 937 604 con
955 561 1050 605 Sua
1072 560 1164 605 Sta.
1180 561 1265 603 che
1286 558 1484 604 scriuese
1503 573 1567 602 vn
1586 559 1726 604 breue
1746 558 1833 603 alla
1848 556 1952 610 cita,
1972 562 2023 600 et

389 640 465 681 vn’
490 639 604 681 altro
626 638 699 681 all’
724 636 989 690 vniuersita,
1015 635 1406 680 raccomandando
1428 634 1794 692 semplicemente
1813 635 1856 678 la
1877 634 2016 678 Com-

389 713 557 772 pagnia
578 721 623 759 et
645 714 676 756 11
699 713 907 771 collegio,
933 727 1026 757 non
1047 713 1347 770 significando
1368 719 1686 757 scontentezza
1705 713 1764 756 da
1783 718 1910 769 parte
1932 725 2016 754 no-

387 798 495 844 stra,
521 805 593 834 ma
614 790 925 834 dimostrando
948 790 1104 836 esserli
1121 789 1246 834 chari
1267 789 1299 833 li
1320 788 1523 835 benefitii
1545 790 1629 833 che
1645 788 1687 833 ci
1703 803 1895 834 saranno
1918 788 2018 834 fatti

390 868 447 911 da
468 869 579 911 loro.
621 868 656 911 Il
689 869 829 912 breue
856 868 1110 924 puotrebbe
1138 866 1459 911 incominciare
1489 867 1715 912 laudando
1734 867 1778 910 la
1803 857 1892 910 cita
1919 874 1965 912 et
1987 867 2019 909 l’·

391 944 641 989 uniuersita
666 959 746 1002 per
767 945 810 988 13
837 944 1092 988 constantia
1119 947 1204 988 che
1239 946 1391 988 hanno
1421 945 1593 988 hauuta
1615 943 1662 986 in
1683 943 1830 1000 questi
1852 943 2022 988 rumori

388 1021 434 1065 di
455 1023 490 1065 F
493 1021 667 1075 iandra,
692 1028 739 1066 et
761 1036 955 1078 sempre,
981 1021 1102 1065 circa
1124 1022 1168 1065 la
1194 1021 1431 1078 religione3
1455 1022 1540 1065 che
1569 1021 1814 1065 realmente
1843 1020 1882 1064 si
1908 1034 2025 1064 sono

386 1098 550 1155 portati
573 1098 834 1143 benissimo.
864 1098 1028 1154 Questi
1052 1098 1187 1142 Padri
1203 1112 1404 1156 pensano
1421 1099 1506 1142 che
1524 1097 1600 1142 tali
1619 1097 1747 1142 breui
1767 1097 2023 1141 sarebbono

386 1175 431 1219 di
453 1176 592 1219 molta
613 1175 758 1219 vtilita
781 1182 827 1219 et
849 1175 889 1219 ci
910 1175 1171 1220 darebbono
1192 1176 1332 1219 molta
1352 1175 1513 1220 liberta
1540 1175 1568 1217 ¹.

451 1263 490 1308 5.
557 1252 722 1309 Questi
759 1252 908 1309 giorni
946 1252 984 1296 si
1021 1267 1133 1296 sono
1175 1259 1398 1310 stampate
1434 1252 1512 1310 qui
1547 1253 1710 1296 alcune
1743 1251 1937 1310 epistole
1962 1251 2018 1295 de

390 1344 546 1375 nuoue
562 1330 619 1374 de
641 1331 736 1375 Sua
758 1330 871 1382 Sta,
892 1329 996 1374 dell'
1016 1344 1136 1373 anno
1152 1336 1332 1386 passato
1348 1329 1484 1374 insin'
1503 1330 1546 1373 al
1562 1330 1744 1374 Genaro
1765 1330 1823 1372 de
1838 1336 2016 1385 questo,

390 1407 434 1451 16
451 1406 572 1463 quali
590 1421 751 1450 sarano
768 1420 854 1450 con
876 1413 1050 1462 questa.
1071 1407 1175 1451 Non
1191 1408 1216 1451 6
1233 1421 1339 1451 cosa
1354 1408 1440 1452 che
1461 1405 1721 1464 stampatori
1737 1421 1830 1450 non
1847 1405 2025 1450 saccino

391 1498 472 1541 per
493 1483 819 1541 guadagniare.
842 1485 979 1527 Parte
1000 1483 1045 1527 di
1067 1485 1217 1540 quelle
1237 1484 1468 1542 eranogia
1484 1491 1705 1541 stampate
1726 1482 1772 1527 in
1793 1483 2012 1541 Ingolsta-

390 1561 465 1604 dio
486 1561 516 1603 l‘
541 1576 660 1605 anno
696 1568 892 1617 passato,
918 1562 1093 1605 benche
1121 1561 1167 1604 in
1195 1568 1355 1617 questa
1391 1561 1590 1607 editione
1625 1575 1737 1605 sono
1772 1567 1946 1605 mutate
1975 1560 2022 1604 in

390 1638 583 1694 qualche
605 1644 747 1694 parte.
774 1639 820 1681 Io
843 1652 934 1681 non
957 1653 1007 1682 so
1029 1653 1079 1683 se
1100 1645 1261 1696 questo
1288 1640 1389 1683 sara
1410 1646 1543 1696 grato
1571 1654 1598 1682 a
1629 1639 1722 1683 Sua
1750 1639 1844 1683 Sta.
1878 1638 1936 1681 V.
1963 1639 2018 1681 P.

391 1717 452 1758 m’
475 1714 605 1769 auisi,
626 1716 789 1771 perche
811 1716 994 1760 uederei
1015 1716 1053 1759 si
1075 1715 1253 1772 puotesi
1281 1716 1497 1773 impedire
1524 1718 1608 1760 che
1635 1730 1726 1759 non
1753 1714 1791 1759 si
1818 1721 2020 1771 stampa-

391 1806 492 1836 sero
515 1793 718 1836 almanco
739 1792 867 1836 altre,
895 1792 993 1835 Con
1015 1793 1057 1836 le
1078 1792 1219 1849 prime
1245 1795 1330 1836 che
1351 1792 1551 1837 scriuero
1583 1807 1609 1836 a
1641 1793 1699 1836 V.
1732 1793 1784 1835 P.
1809 1792 1853 1835 13
1888 1790 2018 1835 setti-

392 1883 525 1913 mana
546 1871 630 1912 che
665 1868 796 1914 viene
817 1883 845 1911 o
867 1867 894 1911 1’
917 1870 1029 1913 altra
1050 1883 1133 1913 con
1157 1870 1200 1913 la
1226 1869 1381 1913 diuina
1401 1869 1562 1927 gratia,
1587 1869 1801 1914 mandaro
1824 1869 2019 1914 alchune

392 1959 498 1989 cose
519 1945 565 1988 di
587 1945 736 2001 quelle
757 1946 841 1990 che
863 1945 906 1988 io
928 1947 987 1988 ho
1009 1947 1082 1991 del
1109 1948 1167 1991 N.
1196 1948 1247 1990 Ρ.
1282 1945 1479 2004 Ignatio.
1520 1947 1651 1991 Altro
1686 1960 1779 1990 non
1814 1959 2015 1991 occorre.

392 2023 623 2066 Dominus
643 2023 702 2065 sit
723 2022 967 2065 nobiscum.
999 2023 1098 2066 Ora
1118 2029 1208 2080 pro
1236 2038 1320 2078 me,
1349 2025 1508 2067 Pater.
1543 2025 1614 2068 Da
1635 2023 1839 2076 Colonia,
1871 2022 1946 2066 alli
1973 2023 2018 2079 xj

393 2100 451 2145 de
473 2101 627 2144 Marzo
653 2099 779 2154 1567.
805 2100 862 2142 D.
890 2101 942 2142 Ρ.
969 2101 1026 2143 V.
1052 2115 1186 2145 seruo
1208 2101 1254 2144 in
1276 2100 1381 2155 X.⁰,

1471 2184 1502 2242 †
1534 2185 1720 2302 an-DAL.
1756 2183 1785 2242 †

482 2331 724 2387 Inscriptio
760 2330 812 2373 in
848 2334 1013 2386 quarta
1043 2334 1241 2390 pagina:
1270 2334 1405 2392 Jhus.
1446 2334 1507 2378 Al
1541 2334 1682 2377 molto
1721 2333 1836 2377 Rdo.
1870 2334 2020 2378 Padre

391 2414 546 2451 nostro
566 2407 614 2450 in
635 2406 837 2460 Christo,
856 2407 888 2449 11
911 2409 962 2450 P.
984 2409 1235 2453 Francesco
1257 2409 1303 2453 di
1331 2409 1514 2467 Borgia,
1545 2409 1774 2467 preposito
1803 2410 2016 2466 generale

469 2582 480 2602 ¹
530 2579 646 2615 «Pius
664 2579 698 2614 V
716 2578 917 2615 Salentino
935 2591 983 2614 ex
1002 2580 1221 2618 Comitibus
1239 2583 1288 2619 ab
1306 2583 1511 2630 Isemburg
1529 2584 1655 2620 electo
1674 2582 1880 2620 Colonien.
1901 2581 2015 2618 Com-

395 2638 552 2674 mendat
569 2638 806 2674 Societatem
825 2639 920 2684 Jesu
938 2651 1014 2675 non
1032 2641 1116 2676 sine
1135 2641 1321 2688 singulari
1337 2642 1412 2678 Dei
1426 2642 1667 2690 providentia
1680 2642 1740 2678 his
1754 2640 1906 2677 miseris
1921 2646 2015 2677 tem-

393 2698 552 2744 poribus
571 2697 792 2742 excitatam,
811 2697 972 2745 eiusque
995 2700 1203 2746 collegium
1227 2701 1267 2737 in
1289 2701 1450 2738 civitate
1474 2700 1676 2739 Colonien.
1701 2700 1934 2748 consistens,
1960 2705 2020 2736 ut-

394 2769 471 2804 que
488 2758 630 2793 habeat
647 2768 746 2804 quae
763 2756 884 2792 victui
902 2763 991 2793 sunt
1010 2761 1242 2806 necessaria,
1259 2761 1455 2808 provideri
1471 2760 1597 2808 cupit.
1618 2761 1669 2797 R.
1693 2759 1795 2807 apud
1817 2760 1858 2796 S.
1878 2760 1926 2796 P.
1949 2769 2021 2796 xxl

396 2816 488 2852 Maii
515 2817 617 2861 1568.
650 2817 694 2852 P.
713 2827 802 2852 ann.
828 2816 898 2852 111.
929 2817 1202 2868 Reiffenberg,
1227 2828 1288 2866 47.
1325 2821 1444 2856 Brev.
1480 2825 1520 2856 et
1548 2831 1670 2856 rescr.
1697 2827 1808 2865 127.»
1833 2820 1892 2855 Ex
1915 2820 2022 2855 DEL-

392 2884 544 2920 PLACE,
576 2876 762 2923 Synopsis
791 2878 973 2911 actorum
1000 2877 1039 2912 S.
1069 2878 1182 2914 Sedis
1206 2880 1248 2915 in
1275 2891 1397 2915 causa
1421 2879 1628 2915 Societatis
1643 2879 1758 2926 Jesu,
1783 2890 1876 2926 pag.
1907 2887 2022 2923 51.—

396 2934 512 2970 «Pius
530 2935 565 2970 V
582 2934 847 2970 universitatis
865 2933 1110 2972 Coloniensis
1128 2938 1335 2974 Rectorem
1353 2944 1432 2975 etc.
1457 2939 1630 2974 hortatur
1649 2943 1691 2974 ut
1706 2937 1912 2974 Societatis
1926 2938 2022 2984 Jesu

395 2993 616 3039 Religiosos
634 2994 715 3029 suis
733 2993 867 3029 vivere
885 2994 1038 3037 legibus
1056 2996 1172 3043 sinat,
1196 3009 1324 3045 neque
1348 3009 1415 3034 eos
1438 3002 1553 3044 cogat
1576 2997 1624 3033 ad
1648 2996 1930 3033 admittendum
1953 3006 2025 3043 pro

396 3050 560 3087 docendi
584 3064 745 3089 munere
768 3052 1004 3100 stipendium
1029 3066 1051 3089 a
1074 3056 1331 3093 scholaribus.
1362 3056 1384 3092 3
1408 3057 1487 3103 Jul.
1517 3065 1623 3102 1570.
1659 3057 1708 3093 P.
1737 3068 1802 3092 an.
1827 3055 1878 3092 V.
1909 3054 2026 3102 Reif-

386 3109 578 3158 senberg‚
596 3123 640 3147 n.
665 3122 749 3157 50.»
764 3113 822 3148 Ex
842 3113 1080 3160 ΒΕιΡιΑοΕ,
1100 3115 1179 3151 loc.
1202 3116 1292 3160 cit.,
1312 3127 1406 3163 pag.
1427 3123 1488 3162 55.
