2228 3548
699 289 954 326 Pnoomamu
979 297 1120 325 TERTn
1148 295 1375 325 VOLUMINIS
1770 293 1812 319 xl

210 406 301 449 que
322 405 493 449 apenas
515 395 740 436 teniamos
764 391 932 449 tiempo
961 407 1070 449 para
1098 405 1252 435 comer
1281 406 1311 448 y
1339 389 1567 434 dormir...
1608 388 1662 431 El
1684 388 1739 431 P.
1767 387 1859 430 Ca-

214 475 332 520 nisio
353 475 755 521 admirablemente
777 476 928 533 ayudo
950 490 1039 520 con
1071 490 1150 520 sus
1172 474 1379 532 predicas
1410 488 1468 535 en
1490 473 1534 516 la
1562 485 1804 529 quaresma
1829 485 1859 525 y

216 558 598 603 conuersaciones
616 574 703 602 con
726 561 956 604 tudescos:
982 559 1149 603 fuimos
1171 559 1213 603 el
1229 573 1258 615 y
1274 572 1333 615 yo
1349 562 1376 601 a
1407 556 1566 601 visitat
1597 556 1666 599 los
1687 553 1858 611 princi-

215 657 298 700 pes
319 642 671 696 ecclesiasticos,
695 659 725 700 y
749 658 799 688 se
826 643 930 687 hizo
953 643 1118 696 fructo,
1143 643 1261 686 vltra
1290 643 1347 686 de
1376 642 1420 685 lo
1449 655 1539 698 que
1566 640 1718 697 ayudo
1754 651 1855 680 mu-

213 728 300 772 cho
332 742 391 772 en
420 727 487 770 los
524 727 758 784 negocios.
807 728 859 770 El
895 728 948 771 P.
986 728 1209 772 Ledesma
1231 726 1521 783 juntamente
1565 724 1716 780 ayudo
1754 735 1857 765 mu-

211 811 374 855 cho...»
403 809 536 867 (180).
563 811 620 852 Et
637 811 750 854 haec
771 811 829 854 de
846 817 1076 855 conventu
1098 817 1376 866 augustano.

299 894 418 937 Cum
440 899 593 937 autem
616 900 775 950 postea
795 892 1036 937 cardinalis
1057 892 1396 937 Granvellanus
1413 891 1625 936 rescisset
1639 889 1856 934 'comitem

205 976 459 1034 palatinum
481 991 587 1020 cum
610 977 851 1022 Theodoro
876 977 1013 1029 Beza‚
1039 976 1320 1020 calvinianae
1344 974 1545 1019 haeresis
1576 975 1711 1028 duce,
1742 987 1854 1017 con-

209 1059 492 1104 venticulum
516 1060 744 1116 quoddam
767 1059 1003 1103 Erfordiae
1025 1073 1194 1116 cogere
1215 1058 1441 1111 meditari,
1467 1058 1513 1101 id
1533 1057 1756 1114 impedire
1772 1071 1855 1100 vo-

209 1143 327 1198 lens,
351 1144 409 1186 ad
432 1143 646 1200 Borgiam
669 1141 896 1200 confugit,
922 1142 1000 1199 qui
1017 1157 1098 1199 per
1115 1142 1323 1186 Natalem
1342 1148 1388 1186 et
1404 1140 1640 1185 Canisium
1657 1139 1854 1184 haereti—

212 1241 370 1271 corum
390 1233 585 1270 conatus
602 1226 808 1270 frustrari
830 1225 999 1283 satagit
1021 1227 1177 1282 (232-2
1183 1239 1256 1280 34,
1279 1237 1381 1280 273,
1409 1236 1512 1279 274,
1531 1225 1649 1280 286).
1671 1223 1758 1267 His
1772 1238 1855 1279 pro

210 1309 431 1367 religione
466 1309 698 1353 laboribus
733 1310 857 1353 haud
879 1316 1124 1353 contentus
1151 1316 1339 1353 sanctus
1361 1310 1397 1352 F
1401 1308 1635 1352 ranciscus
1665 1306 1851 1364 Borgia‚

208 1407 377 1451 magno
392 1393 596 1438 subsidio
612 1393 860 1438 catholicae
877 1393 999 1447 fidei,
1018 1400 1114 1437 tum
1126 1393 1244 1437 inter
1254 1392 1510 1438 haereticos
1528 1392 1742 1446 tuendae,
1756 1398 1851 1435 tum

206 1477 263 1520 ad
285 1491 492 1534 paganos
514 1477 854 1534 propagandae,
880 1479 1086 1521 futurum
1113 1477 1407 1530 existimavit,
1434 1476 1472 1520 si
1499 1491 1707 1520 summus
1736 1490 1853 1532 pon-

206 1557 317 1603 tifex
338 1559 745 1617 congregationem
768 1560 1066 1604 cardinalium
1088 1559 1363 1614 institueret,
1394 1574 1591 1617 quorum
1619 1559 1784 1603 studiis
1808 1566 1854 1603 et

206 1642 440 1687 laboribus
462 1642 508 1686 in
533 1630 673 1687 unum
692 1643 1075 1701 conspirantibus,
1095 1643 1254 1699 majori
1270 1642 1318 1687 in
1334 1643 1432 1687 dies
1449 1642 1682 1687 alacritate
1698 1643 1854 1687 lumen

209 1725 415 1770 veritatis
434 1726 482 1769 in
510 1725 723 1784 regiones
751 1727 901 1785 adhuc
940 1727 1140 1771 tenebris
1169 1734 1218 1773 et
1240 1727 1402 1771 umbra
1439 1726 1598 1770 mortis
1624 1726 1856 1770 involutas

208 1808 516 1853 inveheretur.
543 1811 642 1854 Nec
663 1824 791 1867 spem
811 1810 971 1855 fefellit
992 1818 1203 1866 eventus,
1228 1825 1333 1854 nam
1352 1809 1549 1867 Borgiae
1571 1808 1853 1866 propositum

209 1898 396 1936 sanctus
419 1892 528 1936 Pius
545 1894 587 1937 V
609 1894 831 1937 ambabus
848 1893 967 1937 ulnis
985 1894 1286 1950 amplexatus,
1305 1892 1407 1937 illas
1423 1892 1721 1938 cardinalium
1739 1907 1855 1936 con-

211 1974 511 2032 gregationes
548 1975 767 2030 instituit,
814 1991 932 2033 quae
970 1976 1246 2021 incunabula
1287 1977 1624 2033 quodammodo
1667 1978 1855 2019 fuerunt

213 2057 335 2102 illius
357 2058 573 2116 egregiae
594 2059 966 2117 congregationis
983 2060 1041 2105 de
1062 2061 1359 2118 propaganda
1386 2060 1493 2114 fide,
1524 2074 1661 2116 quam
1689 2059 1856 2104 deinde

209 2125 577 2198 Gregorius—XV
598 2143 778 2199 plenius
799 2158 852 2187 ac
875 2143 1124 2200 perfectius
1146 2143 1343 2188 instituit
1366 2145 1485 2201 (625,
1509 2143 1627 2200 626).

300 2397 412 2435 2.“”‘
443 2392 678 2436 Societatz's
710 2396 1004 2447 incrementa,
1027 2399 1067 2438 et
1098 2397 1556 2452 operm—Quantum
1585 2409 1695 2440 vero
1732 2395 1852 2439 Ger-

210 2474 376 2528 mania,
402 2477 438 2519 F
441 2476 630 2529 landria,
661 2476 828 2530 Gallia,
856 2477 1061 2531 Polonia,
1085 2478 1284 2524 debeant
1311 2479 1528 2524 Societati
1550 2481 1680 2537 Jesu,
1705 2492 1852 2534 quan—

210 2563 308 2602 tum
329 2558 429 2614 ejus
456 2559 715 2617 praeposito
743 2562 779 2603 F
781 2560 986 2604 rancisco
1016 2561 1227 2618 Borgiae‚
1253 2570 1476 2619 quantum
1506 2562 1687 2618 utrique
1711 2561 1851 2606 Cani-

204 2639 288 2694 sio,
314 2641 483 2697 Natali,
504 2643 720 2696 Polanco,
740 2643 958 2687 cardinali
975 2644 1140 2688 Ottoni
1156 2645 1215 2690 de
1232 2647 1502 2698 Truchsess,
1523 2645 1714 2701 aliisque
1731 2644 1852 2687 illius

203 2723 367 2768 aetatis
387 2725 648 2770 clarissimis
668 2726 799 2780 viris,
825 2727 1013 2772 mirifice
1042 2727 1090 2771 in
1117 2727 1189 2772 his
1217 2729 1422 2786 epistolis
1444 2728 1741 2785 conspicitur;
1769 2729 1851 2772 sed

199 2819 307 2850 cum
327 2806 607 2864 impossibile
627 2809 686 2854 sit
708 2809 755 2853 in
775 2811 864 2853 hac
887 2810 1169 2866 praefatione
1191 2819 1361 2856 cuncta
1383 2812 1612 2869 persequi,
1645 2811 1850 2857 breviter

204 2890 524 2935 annotabimus
545 2893 781 2946 nonnulla,
800 2907 918 2948 quae
940 2893 987 2936 in
1010 2894 1100 2938 hoc
1121 2894 1354 2939 volumine
1375 2895 1685 2940 continentur.

296 2973 451 3030 thue
471 2987 529 3018 ex
551 2976 741 3020 BoRGIA
763 2975 942 3019 initium
965 2977 1200 3031 faciamus,
1226 2992 1285 3022 en
1317 2978 1484 3034 quibus
1505 2977 1603 3035 ipse
1632 2978 1850 3035 suavissi-

209 3055 298 3100 mis
313 3057 481 3111 verbis,
493 3058 660 3103 amoris
679 3074 791 3116 erga
802 3060 1097 3105 Germaniam
1114 3076 1247 3106 sensa
1264 3062 1414 3106 Natali
1432 3061 1593 3120 aperit:
1613 3080 1630 3103 «
1643 3097 1651 3106 ,
1663 3097 1692 3106 ..
1711 3063 1847 3118 Sepa,
