<?xml version="1.0" encoding="UTF-8"?>
<!DOCTYPE html PUBLIC "-//W3C//DTD XHTML 1.0 Transitional//EN"
    "http://www.w3.org/TR/xhtml1/DTD/xhtml1-transitional.dtd">
<html xmlns="http://www.w3.org/1999/xhtml" xml:lang="en" lang="en">
 <head>
  <title>
</title>
<meta http-equiv="Content-Type" content="text/html;charset=utf-8" />
  <meta name='ocr-system' content='tesseract 3.04.00' />
  <meta name='ocr-capabilities' content='ocr_page ocr_carea ocr_par ocr_line ocrx_word'/>
</head>
<body>
  <div class='ocr_page' id='page_1' title='image "./epistolaephieron03nadauoft_0322.png"; bbox 0 0 2228 3548; ppageno 0'>
   <div class='ocr_carea' id='block_1_1' title="bbox 377 295 1412 346">
    <p class='ocr_par' dir='ltr' id='par_1_1' title="bbox 377 295 1412 346">
     <span class='ocr_line' id='line_1_1' title="bbox 377 295 1412 346; baseline -0.008 -9"><span class='ocrx_word' id='word_1_1' title='bbox 377 301 446 346; x_wconf 90' lang='lat'><strong>284</strong></span> <span class='ocrx_word' id='word_1_2' title='bbox 896 298 1036 334; x_wconf 72' lang='lat' dir='ltr'><strong>Epis&#39;r.</strong></span> <span class='ocrx_word' id='word_1_3' title='bbox 1065 297 1109 332; x_wconf 94' lang='lat' dir='ltr'><strong>P.</strong></span> <span class='ocrx_word' id='word_1_4' title='bbox 1138 295 1412 341; x_wconf 72' lang='lat' dir='ltr'><strong>NADAL—444</strong></span> 
     </span>
    </p>
   </div>
   <div class='ocr_carea' id='block_1_2' title="bbox 330 396 1983 1772">
    <p class='ocr_par' dir='ltr' id='par_1_2' title="bbox 330 396 1983 1772">
     <span class='ocr_line' id='line_1_2' title="bbox 330 396 1974 458; baseline -0.003 -12"><span class='ocrx_word' id='word_1_5' title='bbox 330 402 371 446; x_wconf 86' lang='lat' dir='ltr'><strong>si</strong></span> <span class='ocrx_word' id='word_1_6' title='bbox 393 403 522 458; x_wconf 67' lang='lat' dir='ltr'><strong>potra</strong></span> <span class='ocrx_word' id='word_1_7' title='bbox 541 402 651 454; x_wconf 85' lang='lat' dir='ltr'><strong>fare,</strong></span> <span class='ocrx_word' id='word_1_8' title='bbox 671 400 849 443; x_wconf 78' lang='lat' dir='ltr'><strong>benche</strong></span> <span class='ocrx_word' id='word_1_9' title='bbox 867 396 1136 442; x_wconf 86' lang='lat' dir='ltr'><strong>trattandosi</strong></span> <span class='ocrx_word' id='word_1_10' title='bbox 1154 396 1199 439; x_wconf 92' lang='lat' dir='ltr'><strong>di</strong></span> <span class='ocrx_word' id='word_1_11' title='bbox 1221 397 1431 450; x_wconf 87' lang='lat' dir='ltr'><strong>reforma,</strong></span> <span class='ocrx_word' id='word_1_12' title='bbox 1452 411 1558 452; x_wconf 87' lang='lat' dir='ltr'><strong>pare</strong></span> <span class='ocrx_word' id='word_1_13' title='bbox 1573 396 1618 440; x_wconf 88' lang='grc'><strong>13</strong></span> <span class='ocrx_word' id='word_1_14' title='bbox 1634 411 1739 440; x_wconf 85' lang='lat' dir='ltr'><strong>cosa</strong></span> <span class='ocrx_word' id='word_1_15' title='bbox 1760 397 1974 453; x_wconf 82' lang='lat' dir='ltr'>alquanto</span> 
     </span>
     <span class='ocr_line' id='line_1_3' title="bbox 331 473 1973 530; baseline -0.002 -10"><span class='ocrx_word' id='word_1_16' title='bbox 331 480 462 521; x_wconf 85' lang='lat' dir='ltr'><strong>dura.</strong></span> <span class='ocrx_word' id='word_1_17' title='bbox 490 479 593 521; x_wconf 93' lang='lat' dir='ltr'><strong>Non</strong></span> <span class='ocrx_word' id='word_1_18' title='bbox 616 491 802 521; x_wconf 88' lang='lat' dir='ltr'><strong>occorre</strong></span> <span class='ocrx_word' id='word_1_19' title='bbox 824 476 938 519; x_wconf 80' lang='lat' dir='ltr'><strong>altro</strong></span> <span class='ocrx_word' id='word_1_20' title='bbox 955 474 999 517; x_wconf 93' lang='lat' dir='ltr'><strong>in</strong></span> <span class='ocrx_word' id='word_1_21' title='bbox 1020 473 1215 530; x_wconf 85' lang='lat' dir='ltr'><strong>risposta</strong></span> <span class='ocrx_word' id='word_1_22' title='bbox 1231 474 1317 516; x_wconf 87' lang='lat' dir='ltr'><strong>alle</strong></span> <span class='ocrx_word' id='word_1_23' title='bbox 1338 474 1499 517; x_wconf 87' lang='lat' dir='ltr'><strong>lettere</strong></span> <span class='ocrx_word' id='word_1_24' title='bbox 1514 473 1561 516; x_wconf 88' lang='lat' dir='ltr'><strong>di</strong></span> <span class='ocrx_word' id='word_1_25' title='bbox 1577 474 1635 518; x_wconf 88' lang='lat' dir='ltr'><strong>V.</strong></span> <span class='ocrx_word' id='word_1_26' title='bbox 1656 475 1710 518; x_wconf 89' lang='lat' dir='ltr'><strong>R.</strong></span> <span class='ocrx_word' id='word_1_27' title='bbox 1737 475 1843 530; x_wconf 78' lang='lat' dir='ltr'><strong>Qua</strong></span> <span class='ocrx_word' id='word_1_28' title='bbox 1863 474 1973 518; x_wconf 89' lang='lat' dir='ltr'><strong>stia—</strong></span> 
     </span>
     <span class='ocr_line' id='line_1_4' title="bbox 335 550 1970 607; baseline -0.002 -9"><span class='ocrx_word' id='word_1_29' title='bbox 335 570 411 598; x_wconf 90' lang='lat' dir='ltr'><strong>mo</strong></span> <span class='ocrx_word' id='word_1_30' title='bbox 429 569 514 598; x_wconf 91' lang='lat' dir='ltr'><strong>con</strong></span> <span class='ocrx_word' id='word_1_31' title='bbox 531 554 677 597; x_wconf 74' lang='lat' dir='ltr'><strong>sanita</strong></span> <span class='ocrx_word' id='word_1_32' title='bbox 694 552 938 604; x_wconf 83' lang='lat' dir='ltr'><strong>mediocre,</strong></span> <span class='ocrx_word' id='word_1_33' title='bbox 958 551 1047 596; x_wconf 94' lang='lat' dir='ltr'><strong>Dio</strong></span> <span class='ocrx_word' id='word_1_34' title='bbox 1063 551 1263 603; x_wconf 84' lang='lat' dir='ltr'><strong>laudatO,</strong></span> <span class='ocrx_word' id='word_1_35' title='bbox 1285 557 1331 594; x_wconf 86' lang='lat' dir='ltr'><strong>et</strong></span> <span class='ocrx_word' id='word_1_36' title='bbox 1352 551 1395 594; x_wconf 90' lang='grc'><strong>13</strong></span> <span class='ocrx_word' id='word_1_37' title='bbox 1412 550 1696 594; x_wconf 82' lang='lat' dir='ltr'><strong>rinouatione</strong></span> <span class='ocrx_word' id='word_1_38' title='bbox 1713 550 1815 596; x_wconf 87' lang='lat' dir='ltr'><strong>delli</strong></span> <span class='ocrx_word' id='word_1_39' title='bbox 1834 550 1970 607; x_wconf 90' lang='lat' dir='ltr'><strong>studij</strong></span> 
     </span>
     <span class='ocr_line' id='line_1_5' title="bbox 337 627 1974 686; baseline -0.004 -10"><span class='ocrx_word' id='word_1_40' title='bbox 337 634 376 676; x_wconf 88' lang='lat' dir='ltr'><strong>s&#39;</strong></span> <span class='ocrx_word' id='word_1_41' title='bbox 400 633 426 675; x_wconf 78' lang='lat' dir='ltr'><strong>e</strong></span> <span class='ocrx_word' id='word_1_42' title='bbox 450 632 559 674; x_wconf 83' lang='lat' dir='ltr'><strong>satta</strong></span> <span class='ocrx_word' id='word_1_43' title='bbox 581 647 606 674; x_wconf 90' lang='grc'>3</span> <span class='ocrx_word' id='word_1_44' title='bbox 628 643 679 674; x_wconf 83' lang='grc'><strong>21</strong></span> <span class='ocrx_word' id='word_1_45' title='bbox 706 631 780 675; x_wconf 87' lang='lat' dir='ltr'><strong>del</strong></span> <span class='ocrx_word' id='word_1_46' title='bbox 802 636 1029 686; x_wconf 82' lang='lat' dir='ltr'><strong>presente,</strong></span> <span class='ocrx_word' id='word_1_47' title='bbox 1054 627 1099 671; x_wconf 86' lang='lat' dir='ltr'><strong>in</strong></span> <span class='ocrx_word' id='word_1_48' title='bbox 1124 628 1258 671; x_wconf 90' lang='lat' dir='ltr'><strong>modo</strong></span> <span class='ocrx_word' id='word_1_49' title='bbox 1280 629 1365 671; x_wconf 87' lang='lat' dir='ltr'><strong>che</strong></span> <span class='ocrx_word' id='word_1_50' title='bbox 1392 642 1442 672; x_wconf 90' lang='lat' dir='ltr'><strong>se</strong></span> <span class='ocrx_word' id='word_1_51' title='bbox 1469 628 1633 671; x_wconf 82' lang='lat' dir='ltr'><strong>alcuno</strong></span> <span class='ocrx_word' id='word_1_52' title='bbox 1654 627 1820 671; x_wconf 81' lang='lat' dir='ltr'><strong>ueniua</strong></span> <span class='ocrx_word' id='word_1_53' title='bbox 1841 642 1922 685; x_wconf 88' lang='lat' dir='ltr'><strong>per</strong></span> <span class='ocrx_word' id='word_1_54' title='bbox 1943 628 1974 671; x_wconf 88' lang='lat' dir='ltr'><strong>il</strong></span> 
     </span>
     <span class='ocr_line' id='line_1_6' title="bbox 337 704 1976 761; baseline -0.002 -9"><span class='ocrx_word' id='word_1_55' title='bbox 337 723 484 761; x_wconf 83' lang='lat' dir='ltr'><strong>corso,</strong></span> <span class='ocrx_word' id='word_1_56' title='bbox 509 708 554 750; x_wconf 88' lang='lat' dir='ltr'><strong>di</strong></span> <span class='ocrx_word' id='word_1_57' title='bbox 576 709 633 761; x_wconf 76' lang='lat' dir='ltr'><strong>la,</strong></span> <span class='ocrx_word' id='word_1_58' title='bbox 654 708 697 750; x_wconf 99' lang='grc'><strong>10</strong></span> <span class='ocrx_word' id='word_1_59' title='bbox 715 709 897 750; x_wconf 75' lang='lat' dir='ltr'><strong>trouara</strong></span> <span class='ocrx_word' id='word_1_60' title='bbox 913 704 1200 749; x_wconf 85' lang='lat' dir='ltr'><strong>cominciato.</strong></span> <span class='ocrx_word' id='word_1_61' title='bbox 1222 704 1349 748; x_wconf 89' lang='lat' dir='ltr'><strong>Tutti</strong></span> <span class='ocrx_word' id='word_1_62' title='bbox 1366 704 1408 748; x_wconf 93' lang='lat' dir='ltr'><strong>ci</strong></span> <span class='ocrx_word' id='word_1_63' title='bbox 1425 704 1817 748; x_wconf 83' lang='lat' dir='ltr'><strong>raceomandiamo</strong></span> <span class='ocrx_word' id='word_1_64' title='bbox 1833 706 1976 749; x_wconf 91' lang='lat' dir='ltr'><strong>molto</strong></span> 
     </span>
     <span class='ocr_line' id='line_1_7' title="bbox 340 781 1975 839; baseline -0.001 -11"><span class='ocrx_word' id='word_1_65' title='bbox 340 786 457 831; x_wconf 84' lang='lat' dir='ltr'><strong>nelle</strong></span> <span class='ocrx_word' id='word_1_66' title='bbox 479 785 670 828; x_wconf 84' lang='lat' dir='ltr'><strong>orationi</strong></span> <span class='ocrx_word' id='word_1_67' title='bbox 693 792 739 828; x_wconf 88' lang='lat' dir='ltr'><strong>et</strong></span> <span class='ocrx_word' id='word_1_68' title='bbox 761 783 967 839; x_wconf 86' lang='lat' dir='ltr'><strong>sacrificij</strong></span> <span class='ocrx_word' id='word_1_69' title='bbox 993 782 1038 826; x_wconf 93' lang='lat' dir='ltr'><strong>di</strong></span> <span class='ocrx_word' id='word_1_70' title='bbox 1061 783 1118 826; x_wconf 94' lang='lat' dir='ltr'><strong>V.</strong></span> <span class='ocrx_word' id='word_1_71' title='bbox 1151 783 1205 826; x_wconf 80' lang='lat' dir='ltr'><strong>R,</strong></span> <span class='ocrx_word' id='word_1_72' title='bbox 1223 816 1233 835; x_wconf 96' lang='lat'><strong>,</strong></span> <span class='ocrx_word' id='word_1_73' title='bbox 1258 788 1346 826; x_wconf 89' lang='lat' dir='ltr'><strong>etc.</strong></span> <span class='ocrx_word' id='word_1_74' title='bbox 1372 781 1431 826; x_wconf 91' lang='lat' dir='ltr'><strong>Di</strong></span> <span class='ocrx_word' id='word_1_75' title='bbox 1454 783 1612 835; x_wconf 87' lang='lat' dir='ltr'><strong>Roma,</strong></span> <span class='ocrx_word' id='word_1_76' title='bbox 1636 781 1669 824; x_wconf 91' lang='lat' dir='ltr'><strong>li</strong></span> <span class='ocrx_word' id='word_1_77' title='bbox 1690 782 1747 826; x_wconf 90' lang='lat'><strong>26</strong></span> <span class='ocrx_word' id='word_1_78' title='bbox 1769 783 1813 826; x_wconf 87' lang='lat' dir='ltr'><strong>d’</strong></span> <span class='ocrx_word' id='word_1_79' title='bbox 1838 783 1975 827; x_wconf 86' lang='lat' dir='ltr'><strong>Otto-</strong></span> 
     </span>
     <span class='ocr_line' id='line_1_8' title="bbox 338 858 1214 918; baseline -0.005 -12"><span class='ocrx_word' id='word_1_80' title='bbox 338 865 419 906; x_wconf 90' lang='lat' dir='ltr'><strong>bre</strong></span> <span class='ocrx_word' id='word_1_81' title='bbox 446 863 573 918; x_wconf 82' lang='lat'>1566.</span> <span class='ocrx_word' id='word_1_82' title='bbox 606 864 662 906; x_wconf 91' lang='lat' dir='ltr'><strong>D.</strong></span> <span class='ocrx_word' id='word_1_83' title='bbox 691 863 747 906; x_wconf 90' lang='lat' dir='ltr'><strong>V.</strong></span> <span class='ocrx_word' id='word_1_84' title='bbox 776 863 831 904; x_wconf 89' lang='lat' dir='ltr'><strong>R.</strong></span> <span class='ocrx_word' id='word_1_85' title='bbox 857 860 1008 906; x_wconf 87' lang='lat' dir='ltr'><strong>sieruo</strong></span> <span class='ocrx_word' id='word_1_86' title='bbox 1030 875 1086 904; x_wconf 90' lang='lat' dir='ltr'><strong>en</strong></span> <span class='ocrx_word' id='word_1_87' title='bbox 1110 858 1214 914; x_wconf 90' lang='lat' dir='ltr'><strong>X.⁰,</strong></span> 
     </span>
     <span class='ocr_line' id='line_1_9' title="bbox 1446 937 1737 981; baseline 0 -2"><span class='ocrx_word' id='word_1_88' title='bbox 1446 937 1737 981; x_wconf 79' lang='lat' dir='ltr'><strong>FRANC1sco.</strong></span> 
     </span>
     <span class='ocr_line' id='line_1_10' title="bbox 427 1014 1976 1070; baseline -0.002 -9"><span class='ocrx_word' id='word_1_89' title='bbox 427 1018 589 1070; x_wconf 85' lang='lat' dir='ltr'><strong>Padre,</strong></span> <span class='ocrx_word' id='word_1_90' title='bbox 616 1018 783 1060; x_wconf 87' lang='lat' dir='ltr'><strong>mucho</strong></span> <span class='ocrx_word' id='word_1_91' title='bbox 807 1031 876 1059; x_wconf 89' lang='lat' dir='ltr'><strong>me</strong></span> <span class='ocrx_word' id='word_1_92' title='bbox 900 1015 1116 1059; x_wconf 89' lang='lat' dir='ltr'><strong>consuelo</strong></span> <span class='ocrx_word' id='word_1_93' title='bbox 1133 1028 1219 1057; x_wconf 92' lang='lat' dir='ltr'><strong>con</strong></span> <span class='ocrx_word' id='word_1_94' title='bbox 1244 1028 1322 1057; x_wconf 88' lang='lat' dir='ltr'><strong>sus</strong></span> <span class='ocrx_word' id='word_1_95' title='bbox 1339 1014 1476 1058; x_wconf 90' lang='lat' dir='ltr'><strong>letras</strong></span> <span class='ocrx_word' id='word_1_96' title='bbox 1498 1029 1525 1070; x_wconf 91' lang='lat' dir='ltr'><strong>y</strong></span> <span class='ocrx_word' id='word_1_97' title='bbox 1550 1028 1637 1057; x_wconf 91' lang='lat' dir='ltr'><strong>con</strong></span> <span class='ocrx_word' id='word_1_98' title='bbox 1660 1028 1740 1057; x_wconf 89' lang='lat' dir='ltr'><strong>sus</strong></span> <span class='ocrx_word' id='word_1_99' title='bbox 1763 1014 1976 1070; x_wconf 87' lang='lat' dir='ltr'><strong>trabajos.</strong></span> 
     </span>
     <span class='ocr_line' id='line_1_11' title="bbox 336 1090 1980 1150; baseline -0.003 -11"><span class='ocrx_word' id='word_1_100' title='bbox 336 1096 391 1139; x_wconf 89' lang='lat' dir='ltr'><strong>El</strong></span> <span class='ocrx_word' id='word_1_101' title='bbox 414 1096 579 1147; x_wconf 75' lang='lat' dir='ltr'><strong>Senor,</strong></span> <span class='ocrx_word' id='word_1_102' title='bbox 606 1109 685 1150; x_wconf 89' lang='lat' dir='ltr'><strong>por</strong></span> <span class='ocrx_word' id='word_1_103' title='bbox 708 1093 845 1149; x_wconf 89' lang='lat' dir='ltr'><strong>quien</strong></span> <span class='ocrx_word' id='word_1_104' title='bbox 868 1094 911 1135; x_wconf 92' lang='lat' dir='ltr'><strong>lo</strong></span> <span class='ocrx_word' id='word_1_105' title='bbox 933 1094 1062 1144; x_wconf 86' lang='lat' dir='ltr'><strong>haze,</strong></span> <span class='ocrx_word' id='word_1_106' title='bbox 1089 1106 1138 1135; x_wconf 87' lang='lat' dir='ltr'><strong>se</strong></span> <span class='ocrx_word' id='word_1_107' title='bbox 1160 1092 1204 1134; x_wconf 92' lang='lat' dir='ltr'><strong>lo</strong></span> <span class='ocrx_word' id='word_1_108' title='bbox 1227 1090 1475 1147; x_wconf 82' lang='lat' dir='ltr'><strong>retribuya.</strong></span> <span class='ocrx_word' id='word_1_109' title='bbox 1499 1092 1572 1134; x_wconf 90' lang='lat' dir='ltr'><strong>Yo</strong></span> <span class='ocrx_word' id='word_1_110' title='bbox 1595 1097 1725 1148; x_wconf 88' lang='lat' dir='ltr'><strong>estoy</strong></span> <span class='ocrx_word' id='word_1_111' title='bbox 1747 1105 1803 1134; x_wconf 90' lang='lat' dir='ltr'><strong>en</strong></span> <span class='ocrx_word' id='word_1_112' title='bbox 1825 1092 1980 1135; x_wconf 89' lang='lat' dir='ltr'><strong>Monte</strong></span> 
     </span>
     <span class='ocr_line' id='line_1_12' title="bbox 337 1168 1981 1225; baseline -0.004 -8"><span class='ocrx_word' id='word_1_113' title='bbox 337 1173 528 1217; x_wconf 81' lang='lat' dir='ltr'><strong>Cauallo</strong></span> <span class='ocrx_word' id='word_1_114' title='bbox 550 1185 636 1214; x_wconf 91' lang='lat' dir='ltr'><strong>con</strong></span> <span class='ocrx_word' id='word_1_115' title='bbox 658 1178 780 1214; x_wconf 78' lang='lat' dir='ltr'><strong>estos</strong></span> <span class='ocrx_word' id='word_1_116' title='bbox 806 1170 975 1214; x_wconf 83' lang='lat' dir='ltr'><strong>Padres</strong></span> <span class='ocrx_word' id='word_1_117' title='bbox 1004 1169 1245 1225; x_wconf 83' lang='lat' dir='ltr'><strong>recogidos</strong></span> <span class='ocrx_word' id='word_1_118' title='bbox 1268 1183 1375 1224; x_wconf 84' lang='lat' dir='ltr'><strong>para</strong></span> <span class='ocrx_word' id='word_1_119' title='bbox 1408 1169 1572 1212; x_wconf 82' lang='lat' dir='ltr'><strong>acabar</strong></span> <span class='ocrx_word' id='word_1_120' title='bbox 1604 1169 1662 1212; x_wconf 89' lang='lat' dir='ltr'><strong>de</strong></span> <span class='ocrx_word' id='word_1_121' title='bbox 1699 1183 1882 1224; x_wconf 85' lang='lat' dir='ltr'><strong>repasar</strong></span> <span class='ocrx_word' id='word_1_122' title='bbox 1911 1168 1981 1211; x_wconf 89' lang='lat' dir='ltr'><strong>los</strong></span> 
     </span>
     <span class='ocr_line' id='line_1_13' title="bbox 340 1245 1982 1306; baseline -0.004 -11"><span class='ocrx_word' id='word_1_123' title='bbox 340 1249 544 1295; x_wconf 87' lang='lat' dir='ltr'><strong>escritos.</strong></span> <span class='ocrx_word' id='word_1_124' title='bbox 573 1249 701 1292; x_wconf 90' lang='lat' dir='ltr'><strong>Todo</strong></span> <span class='ocrx_word' id='word_1_125' title='bbox 723 1263 780 1291; x_wconf 86' lang='lat' dir='ltr'><strong>va</strong></span> <span class='ocrx_word' id='word_1_126' title='bbox 802 1247 924 1299; x_wconf 87' lang='lat' dir='ltr'><strong>bien,</strong></span> <span class='ocrx_word' id='word_1_127' title='bbox 950 1245 1062 1290; x_wconf 90' lang='lat' dir='ltr'><strong>Dios</strong></span> <span class='ocrx_word' id='word_1_128' title='bbox 1084 1246 1231 1289; x_wconf 84' lang='lat' dir='ltr'><strong>loado.</strong></span> <span class='ocrx_word' id='word_1_129' title='bbox 1253 1247 1293 1288; x_wconf 89' lang='lat' dir='ltr'>Y</span> <span class='ocrx_word' id='word_1_130' title='bbox 1318 1259 1489 1301; x_wconf 89' lang='lat' dir='ltr'><strong>porque</strong></span> <span class='ocrx_word' id='word_1_131' title='bbox 1511 1246 1553 1290; x_wconf 92' lang='grc'><strong>01</strong></span> <span class='ocrx_word' id='word_1_132' title='bbox 1577 1247 1650 1289; x_wconf 80' lang='lat' dir='ltr'><strong>dia</strong></span> <span class='ocrx_word' id='word_1_133' title='bbox 1672 1246 1730 1290; x_wconf 89' lang='lat' dir='ltr'><strong>de</strong></span> <span class='ocrx_word' id='word_1_134' title='bbox 1753 1246 1801 1291; x_wconf 89' lang='lat' dir='ltr'><strong>S.</strong></span> <span class='ocrx_word' id='word_1_135' title='bbox 1824 1245 1982 1306; x_wconf 79' lang='lat' dir='ltr'><strong>Simon</strong></span> 
     </span>
     <span class='ocr_line' id='line_1_14' title="bbox 345 1322 1983 1384; baseline -0.002 -14"><span class='ocrx_word' id='word_1_136' title='bbox 345 1343 373 1383; x_wconf 90' lang='lat' dir='ltr'>y</span> <span class='ocrx_word' id='word_1_137' title='bbox 390 1327 533 1384; x_wconf 85' lang='lat' dir='ltr'><strong>Judas</strong></span> <span class='ocrx_word' id='word_1_138' title='bbox 555 1326 735 1381; x_wconf 88' lang='lat' dir='ltr'><strong>cumple</strong></span> <span class='ocrx_word' id='word_1_139' title='bbox 758 1323 843 1367; x_wconf 88' lang='lat' dir='ltr'><strong>mis</strong></span> <span class='ocrx_word' id='word_1_140' title='bbox 865 1330 976 1367; x_wconf 80' lang='lat' dir='ltr'><strong>anos</strong></span> <span class='ocrx_word' id='word_1_141' title='bbox 999 1323 1285 1376; x_wconf 81' lang='lat' dir='ltr'><strong>miserables,</strong></span> <span class='ocrx_word' id='word_1_142' title='bbox 1311 1322 1417 1379; x_wconf 91' lang='lat' dir='ltr'><strong>pido</strong></span> <span class='ocrx_word' id='word_1_143' title='bbox 1439 1327 1464 1366; x_wconf 70' lang='lat' dir='ltr'><strong>a</strong></span> <span class='ocrx_word' id='word_1_144' title='bbox 1487 1323 1545 1367; x_wconf 90' lang='lat' dir='ltr'><strong>V.</strong></span> <span class='ocrx_word' id='word_1_145' title='bbox 1573 1325 1626 1366; x_wconf 89' lang='lat' dir='ltr'><strong>R.</strong></span> <span class='ocrx_word' id='word_1_146' title='bbox 1653 1338 1743 1367; x_wconf 84' lang='lat' dir='ltr'><strong>vna</strong></span> <span class='ocrx_word' id='word_1_147' title='bbox 1770 1323 1929 1376; x_wconf 89' lang='lat' dir='ltr'><strong>missa,</strong></span> <span class='ocrx_word' id='word_1_148' title='bbox 1953 1337 1983 1379; x_wconf 87' lang='lat' dir='ltr'><strong>y</strong></span> 
     </span>
     <span class='ocr_line' id='line_1_15' title="bbox 344 1404 943 1460; baseline -0.007 -13"><span class='ocrx_word' id='word_1_149' title='bbox 344 1418 434 1460; x_wconf 89' lang='lat' dir='ltr'><strong>que</strong></span> <span class='ocrx_word' id='word_1_150' title='bbox 452 1417 627 1459; x_wconf 85' lang='lat' dir='ltr'><strong>ruegue</strong></span> <span class='ocrx_word' id='word_1_151' title='bbox 650 1416 731 1458; x_wconf 89' lang='lat' dir='ltr'><strong>por</strong></span> <span class='ocrx_word' id='word_1_152' title='bbox 754 1404 830 1453; x_wconf 81' lang='lat' dir='ltr'><strong>mi,</strong></span> <span class='ocrx_word' id='word_1_153' title='bbox 856 1408 943 1444; x_wconf 90' lang='lat' dir='ltr'><strong>etc.</strong></span> 
     </span>
     <span class='ocr_line' id='line_1_16' title="bbox 1457 1478 1746 1522; baseline 0.007 -2"><span class='ocrx_word' id='word_1_154' title='bbox 1457 1478 1746 1522; x_wconf 76' lang='lat' dir='ltr'><strong>FRANc1sco.</strong></span> 
     </span>
     <span class='ocr_line' id='line_1_17' title="bbox 449 1557 881 1613; baseline -0.002 -14"><span class='ocrx_word' id='word_1_155' title='bbox 449 1557 701 1613; x_wconf 61' lang='lat' dir='ltr'><strong>1²⁷estz&#39;gz‘um</strong></span> <span class='ocrx_word' id='word_1_156' title='bbox 720 1557 881 1613; x_wconf 82' lang='lat' dir='ltr'><em>sigilli.</em></span> 
     </span>
     <span class='ocr_line' id='line_1_18' title="bbox 1117 1649 1232 1689; baseline 0 0"><span class='ocrx_word' id='word_1_157' title='bbox 1117 1649 1232 1689; x_wconf 65' lang='lat' dir='ltr'><strong>cul</strong></span> 
     </span>
     <span class='ocr_line' id='line_1_19' title="bbox 787 1728 1540 1772; baseline -0.001 -1"><span class='ocrx_word' id='word_1_158' title='bbox 787 1731 838 1771; x_wconf 86' lang='lat' dir='ltr'><strong>P.</strong></span> <span class='ocrx_word' id='word_1_159' title='bbox 876 1728 1288 1772; x_wconf 82' lang='lat' dir='ltr'>HIERONYMUS</span> <span class='ocrx_word' id='word_1_160' title='bbox 1320 1728 1540 1771; x_wconf 86' lang='lat' dir='ltr'><strong>NADAL</strong></span> 
     </span>
    </p>
   </div>
   <div class='ocr_carea' id='block_1_3' title="bbox 349 1802 1990 1982">
    <p class='ocr_par' dir='ltr' id='par_1_3' title="bbox 349 1802 1990 1982">
     <span class='ocr_line' id='line_1_20' title="bbox 692 1802 1640 1850; baseline -0.001 -10"><span class='ocrx_word' id='word_1_161' title='bbox 692 1803 938 1842; x_wconf 89' lang='lat' dir='ltr'><strong>SANCTO</strong></span> <span class='ocrx_word' id='word_1_162' title='bbox 965 1803 1318 1842; x_wconf 90' lang='lat' dir='ltr'>FRANCISCO</span> <span class='ocrx_word' id='word_1_163' title='bbox 1345 1805 1421 1839; x_wconf 90' lang='lat' dir='ltr'><strong>DE</strong></span> <span class='ocrx_word' id='word_1_164' title='bbox 1447 1802 1640 1850; x_wconf 86' lang='lat' dir='ltr'>BORJA</span> 
     </span>
     <span class='ocr_line' id='line_1_21' title="bbox 834 1868 1511 1915; baseline 0.003 -11"><span class='ocrx_word' id='word_1_165' title='bbox 834 1878 1057 1915; x_wconf 78' lang='lat' dir='ltr'><strong>MONACI-m,</strong></span> <span class='ocrx_word' id='word_1_166' title='bbox 1077 1878 1122 1915; x_wconf 91' lang='lat'><strong>29</strong></span> <span class='ocrx_word' id='word_1_167' title='bbox 1147 1877 1355 1905; x_wconf 69' lang='lat' dir='ltr'><strong>oei-omns</strong></span> <span class='ocrx_word' id='word_1_168' title='bbox 1375 1868 1464 1914; x_wconf 88' lang='lat'>1566</span> <span class='ocrx_word' id='word_1_169' title='bbox 1485 1871 1511 1906; x_wconf 89' lang='lat'><strong>¹.</strong></span> 
     </span>
     <span class='ocr_line' id='line_1_22' title="bbox 349 1935 1990 1982; baseline 0 -10"><span class='ocrx_word' id='word_1_170' title='bbox 349 1947 388 1973; x_wconf 87' lang='grc' dir='ltr'><strong>ι.</strong></span> <span class='ocrx_word' id='word_1_171' title='bbox 411 1936 472 1972; x_wconf 93' lang='lat' dir='ltr'><strong>De</strong></span> <span class='ocrx_word' id='word_1_172' title='bbox 489 1936 656 1982; x_wconf 81' lang='lat' dir='ltr'><strong>collegio</strong></span> <span class='ocrx_word' id='word_1_173' title='bbox 674 1935 940 1982; x_wconf 75' lang='lat' dir='ltr'><strong>oenipontano</strong></span> <span class='ocrx_word' id='word_1_174' title='bbox 967 1938 1003 1970; x_wconf 84' lang='lat' dir='ltr'><strong>et</strong></span> <span class='ocrx_word' id='word_1_175' title='bbox 1032 1936 1079 1971; x_wconf 83' lang='lat' dir='ltr'><strong>de</strong></span> <span class='ocrx_word' id='word_1_176' title='bbox 1105 1935 1273 1971; x_wconf 79' lang='lat' dir='ltr'><strong>caeteris</strong></span> <span class='ocrx_word' id='word_1_177' title='bbox 1306 1935 1553 1982; x_wconf 77' lang='lat' dir='ltr'><strong>scripturum</strong></span> <span class='ocrx_word' id='word_1_178' title='bbox 1581 1946 1621 1971; x_wconf 90' lang='lat' dir='ltr'><strong>se</strong></span> <span class='ocrx_word' id='word_1_179' title='bbox 1646 1935 1759 1971; x_wconf 81' lang='lat' dir='ltr'><strong>dicit:</strong></span> <span class='ocrx_word' id='word_1_180' title='bbox 1788 1947 1854 1972; x_wconf 83' lang='lat' dir='ltr'><strong>sex</strong></span> <span class='ocrx_word' id='word_1_181' title='bbox 1871 1947 1990 1982; x_wconf 84' lang='lat' dir='ltr'><strong>quae-</strong></span> 
     </span>
    </p>
   </div>
   <div class='ocr_carea' id='block_1_4' title="bbox 356 1995 2022 2615">
    <p class='ocr_par' dir='ltr' id='par_1_4' title="bbox 356 1995 2022 2615">
     <span class='ocr_line' id='line_1_23' title="bbox 396 1995 1989 2042; baseline -0.001 -11"><span class='ocrx_word' id='word_1_182' title='bbox 396 1996 541 2031; x_wconf 85' lang='lat' dir='ltr'><strong>stiones</strong></span> <span class='ocrx_word' id='word_1_183' title='bbox 559 1996 605 2031; x_wconf 89' lang='lat' dir='ltr'><strong>de</strong></span> <span class='ocrx_word' id='word_1_184' title='bbox 624 1995 791 2042; x_wconf 81' lang='lat' dir='ltr'><strong>reginis,</strong></span> <span class='ocrx_word' id='word_1_185' title='bbox 812 1995 858 2030; x_wconf 84' lang='lat' dir='ltr'><strong>de</strong></span> <span class='ocrx_word' id='word_1_186' title='bbox 883 2006 1025 2030; x_wconf 83' lang='lat' dir='ltr'><strong>earum</strong></span> <span class='ocrx_word' id='word_1_187' title='bbox 1043 1995 1300 2042; x_wconf 84' lang='lat' dir='ltr'><strong>confessariis</strong></span> <span class='ocrx_word' id='word_1_188' title='bbox 1318 2006 1365 2030; x_wconf 86' lang='lat' dir='ltr'><strong>ac</strong></span> <span class='ocrx_word' id='word_1_189' title='bbox 1382 1995 1610 2030; x_wconf 81' lang='lat' dir='ltr'><strong>donis.-2.</strong></span> <span class='ocrx_word' id='word_1_190' title='bbox 1641 1995 1842 2041; x_wconf 72' lang='lat' dir='ltr'><strong>Responsa</strong></span> <span class='ocrx_word' id='word_1_191' title='bbox 1860 2007 1884 2031; x_wconf 85' lang='lat' dir='ltr'><em>a</em></span> <span class='ocrx_word' id='word_1_192' title='bbox 1909 1995 1989 2030; x_wconf 86' lang='lat' dir='ltr'><strong>Na·</strong></span> 
     </span>
     <span class='ocr_line' id='line_1_24' title="bbox 399 2053 1990 2101; baseline 0 -11"><span class='ocrx_word' id='word_1_193' title='bbox 399 2055 476 2090; x_wconf 82' lang='lat' dir='ltr'><strong>tali</strong></span> <span class='ocrx_word' id='word_1_194' title='bbox 488 2054 799 2101; x_wconf 80' lang='lat' dir='ltr'><strong>proposita.—3.</strong></span> <span class='ocrx_word' id='word_1_195' title='bbox 821 2053 1042 2101; x_wconf 83' lang='lat' dir='ltr'><strong>Erfordiae</strong></span> <span class='ocrx_word' id='word_1_196' title='bbox 1061 2054 1381 2090; x_wconf 78' lang='lat' dir='ltr'><strong>conventiculum</strong></span> <span class='ocrx_word' id='word_1_197' title='bbox 1392 2053 1650 2101; x_wconf 81' lang='lat' dir='ltr'><strong>frustratum</strong></span> <span class='ocrx_word' id='word_1_198' title='bbox 1660 2053 1898 2101; x_wconf 87' lang='lat' dir='ltr'><strong>suisse.-4.</strong></span> <span class='ocrx_word' id='word_1_199' title='bbox 1918 2055 1990 2090; x_wconf 87' lang='lat' dir='ltr'><strong>Di·</strong></span> 
     </span>
     <span class='ocr_line' id='line_1_25' title="bbox 400 2111 1993 2161; baseline 0.001 -13"><span class='ocrx_word' id='word_1_200' title='bbox 400 2114 558 2161; x_wconf 85' lang='lat' dir='ltr'><strong>lingam</strong></span> <span class='ocrx_word' id='word_1_201' title='bbox 573 2113 690 2160; x_wconf 79' lang='lat' dir='ltr'><strong>petit:</strong></span> <span class='ocrx_word' id='word_1_202' title='bbox 709 2125 764 2148; x_wconf 78' lang='lat' dir='ltr'><strong>an</strong></span> <span class='ocrx_word' id='word_1_203' title='bbox 783 2124 882 2148; x_wconf 80' lang='lat' dir='ltr'><strong>cura</strong></span> <span class='ocrx_word' id='word_1_204' title='bbox 897 2114 1223 2159; x_wconf 77' lang='lat' dir='ltr'><strong>provinciarum,</strong></span> <span class='ocrx_word' id='word_1_205' title='bbox 1244 2125 1344 2160; x_wconf 82' lang='lat' dir='ltr'><strong>quas</strong></span> <span class='ocrx_word' id='word_1_206' title='bbox 1352 2111 1446 2160; x_wconf 85' lang='lat' dir='ltr'><strong>jam</strong></span> <span class='ocrx_word' id='word_1_207' title='bbox 1465 2113 1618 2156; x_wconf 81' lang='lat' dir='ltr'><strong>invisit,</strong></span> <span class='ocrx_word' id='word_1_208' title='bbox 1639 2116 1728 2160; x_wconf 78' lang='lat' dir='ltr'><strong>post</strong></span> <span class='ocrx_word' id='word_1_209' title='bbox 1750 2112 1836 2160; x_wconf 79' lang='lat' dir='ltr'><strong>ejus</strong></span> <span class='ocrx_word' id='word_1_210' title='bbox 1853 2114 1993 2149; x_wconf 84' lang='lat' dir='ltr'><strong>disces-</strong></span> 
     </span>
     <span class='ocr_line' id='line_1_26' title="bbox 399 2171 2022 2220; baseline -0.001 -12"><span class='ocrx_word' id='word_1_211' title='bbox 399 2184 488 2208; x_wconf 88' lang='lat' dir='ltr'><strong>sum</strong></span> <span class='ocrx_word' id='word_1_212' title='bbox 507 2172 587 2219; x_wconf 79' lang='lat' dir='ltr'><strong>ipsi</strong></span> <span class='ocrx_word' id='word_1_213' title='bbox 604 2171 884 2213; x_wconf 77' lang='lat' dir='ltr'><strong>demandetur,</strong></span> <span class='ocrx_word' id='word_1_214' title='bbox 905 2172 1147 2220; x_wconf 81' lang='lat' dir='ltr'><strong>interrogat.</strong></span> <span class='ocrx_word' id='word_1_215' title='bbox 1996 2178 2022 2198; x_wconf 68' lang='lat'><strong>⁸*</strong></span> 
     </span>
     <span class='ocr_line' id='line_1_27' title="bbox 452 2249 1984 2307; baseline -0.001 -14"><span class='ocrx_word' id='word_1_216' title='bbox 452 2263 487 2293; x_wconf 88' lang='grc' dir='ltr'><strong>Ι.</strong></span> <span class='ocrx_word' id='word_1_217' title='bbox 549 2251 685 2307; x_wconf 88' lang='lat' dir='ltr'><strong>Jhus.</strong></span> <span class='ocrx_word' id='word_1_218' title='bbox 715 2249 856 2292; x_wconf 87' lang='lat' dir='ltr'><strong>Molto</strong></span> <span class='ocrx_word' id='word_1_219' title='bbox 880 2250 997 2292; x_wconf 86' lang='lat' dir='ltr'><strong>Rdo.</strong></span> <span class='ocrx_word' id='word_1_220' title='bbox 1036 2257 1192 2294; x_wconf 88' lang='lat' dir='ltr'><strong>nostro</strong></span> <span class='ocrx_word' id='word_1_221' title='bbox 1215 2252 1362 2296; x_wconf 83' lang='lat' dir='ltr'><strong>Padre</strong></span> <span class='ocrx_word' id='word_1_222' title='bbox 1398 2250 1444 2294; x_wconf 91' lang='lat' dir='ltr'><strong>in</strong></span> <span class='ocrx_word' id='word_1_223' title='bbox 1473 2252 1592 2307; x_wconf 90' lang='lat' dir='ltr'><strong>Xpo.</strong></span> <span class='ocrx_word' id='word_1_224' title='bbox 1628 2252 1724 2294; x_wconf 85' lang='lat' dir='ltr'><strong>Pax</strong></span> <span class='ocrx_word' id='word_1_225' title='bbox 1760 2249 1866 2306; x_wconf 90' lang='lat' dir='ltr'><strong>Xpi.</strong></span> <span class='ocrx_word' id='word_1_226' title='bbox 1891 2255 1984 2292; x_wconf 91' lang='lat' dir='ltr'><strong>etc.</strong></span> 
     </span>
     <span class='ocr_line' id='line_1_28' title="bbox 361 2325 1995 2383; baseline -0.001 -13"><span class='ocrx_word' id='word_1_227' title='bbox 361 2329 512 2371; x_wconf 89' lang='lat' dir='ltr'><strong>Penso</strong></span> <span class='ocrx_word' id='word_1_228' title='bbox 537 2341 623 2369; x_wconf 93' lang='lat' dir='ltr'><strong>con</strong></span> <span class='ocrx_word' id='word_1_229' title='bbox 644 2326 687 2369; x_wconf 88' lang='grc'><strong>13</strong></span> <span class='ocrx_word' id='word_1_230' title='bbox 708 2325 863 2368; x_wconf 86' lang='lat' dir='ltr'><strong>diuina</strong></span> <span class='ocrx_word' id='word_1_231' title='bbox 890 2326 1037 2382; x_wconf 85' lang='lat' dir='ltr'><strong>gratia</strong></span> <span class='ocrx_word' id='word_1_232' title='bbox 1065 2325 1267 2383; x_wconf 85' lang='lat' dir='ltr'><strong>partirmi</strong></span> <span class='ocrx_word' id='word_1_233' title='bbox 1296 2325 1479 2369; x_wconf 85' lang='lat' dir='ltr'><strong>domani</strong></span> <span class='ocrx_word' id='word_1_234' title='bbox 1506 2341 1586 2382; x_wconf 92' lang='lat' dir='ltr'><strong>per</strong></span> <span class='ocrx_word' id='word_1_235' title='bbox 1610 2335 1630 2354; x_wconf 74' lang='lat' dir='ltr'>a</span> <span class='ocrx_word' id='word_1_236' title='bbox 1650 2325 1927 2383; x_wconf 81' lang='lat' dir='ltr'><strong>Ingolstadio</strong></span> <span class='ocrx_word' id='word_1_237' title='bbox 1948 2333 1995 2370; x_wconf 89' lang='lat' dir='ltr'><strong>et</strong></span> 
     </span>
     <span class='ocr_line' id='line_1_29' title="bbox 357 2401 1992 2460; baseline -0.001 -14"><span class='ocrx_word' id='word_1_238' title='bbox 357 2405 588 2460; x_wconf 85' lang='lat' dir='ltr'><strong>Augusta,</strong></span> <span class='ocrx_word' id='word_1_239' title='bbox 629 2409 675 2446; x_wconf 83' lang='lat' dir='ltr'><strong>et</strong></span> <span class='ocrx_word' id='word_1_240' title='bbox 712 2417 803 2445; x_wconf 93' lang='lat' dir='ltr'><strong>non</strong></span> <span class='ocrx_word' id='word_1_241' title='bbox 842 2402 1041 2446; x_wconf 83' lang='lat' dir='ltr'><strong>scriuero</strong></span> <span class='ocrx_word' id='word_1_242' title='bbox 1079 2418 1159 2459; x_wconf 89' lang='lat' dir='ltr'><strong>per</strong></span> <span class='ocrx_word' id='word_1_243' title='bbox 1195 2410 1355 2459; x_wconf 85' lang='lat' dir='ltr'><strong>questa</strong></span> <span class='ocrx_word' id='word_1_244' title='bbox 1388 2403 1537 2459; x_wconf 90' lang='lat' dir='ltr'><strong>quello</strong></span> <span class='ocrx_word' id='word_1_245' title='bbox 1569 2405 1653 2446; x_wconf 92' lang='lat' dir='ltr'><strong>che</strong></span> <span class='ocrx_word' id='word_1_246' title='bbox 1690 2402 1727 2446; x_wconf 90' lang='lat' dir='ltr'><strong>si</strong></span> <span class='ocrx_word' id='word_1_247' title='bbox 1749 2404 1774 2446; x_wconf 81' lang='lat' dir='ltr'><strong>e</strong></span> <span class='ocrx_word' id='word_1_248' title='bbox 1811 2404 1925 2445; x_wconf 83' lang='lat' dir='ltr'><strong>fatto</strong></span> <span class='ocrx_word' id='word_1_249' title='bbox 1945 2401 1992 2444; x_wconf 93' lang='lat' dir='ltr'><strong>in</strong></span> 
     </span>
     <span class='ocr_line' id='line_1_30' title="bbox 356 2478 1993 2538; baseline -0.002 -14"><span class='ocrx_word' id='word_1_250' title='bbox 356 2488 518 2537; x_wconf 87' lang='lat' dir='ltr'><strong>questo</strong></span> <span class='ocrx_word' id='word_1_251' title='bbox 540 2479 732 2537; x_wconf 82' lang='lat' dir='ltr'><strong>collegio</strong></span> <span class='ocrx_word' id='word_1_252' title='bbox 755 2480 903 2535; x_wconf 88' lang='lat' dir='ltr'><strong>questi</strong></span> <span class='ocrx_word' id='word_1_253' title='bbox 926 2480 1089 2536; x_wconf 89' lang='lat' dir='ltr'><strong>cinque</strong></span> <span class='ocrx_word' id='word_1_254' title='bbox 1112 2481 1260 2538; x_wconf 86' lang='lat' dir='ltr'>giomi</span> <span class='ocrx_word' id='word_1_255' title='bbox 1277 2483 1362 2525; x_wconf 89' lang='lat' dir='ltr'><strong>che</strong></span> <span class='ocrx_word' id='word_1_256' title='bbox 1383 2481 1553 2524; x_wconf 81' lang='lat' dir='ltr'><strong>hauero</strong></span> <span class='ocrx_word' id='word_1_257' title='bbox 1575 2487 1694 2524; x_wconf 84' lang='lat' dir='ltr'><strong>stato</strong></span> <span class='ocrx_word' id='word_1_258' title='bbox 1714 2479 1761 2523; x_wconf 90' lang='lat' dir='ltr'><strong>in</strong></span> <span class='ocrx_word' id='word_1_259' title='bbox 1790 2493 1906 2522; x_wconf 90' lang='lat' dir='ltr'><strong>esso.</strong></span> <span class='ocrx_word' id='word_1_260' title='bbox 1933 2478 1993 2522; x_wconf 89' lang='lat' dir='ltr'><strong>Di</strong></span> 
     </span>
     <span class='ocr_line' id='line_1_31' title="bbox 357 2555 1993 2615; baseline -0.001 -15"><span class='ocrx_word' id='word_1_261' title='bbox 357 2564 518 2614; x_wconf 87' lang='lat' dir='ltr'><strong>questo</strong></span> <span class='ocrx_word' id='word_1_262' title='bbox 541 2564 586 2600; x_wconf 89' lang='lat' dir='ltr'><strong>et</strong></span> <span class='ocrx_word' id='word_1_263' title='bbox 608 2557 652 2600; x_wconf 87' lang='lat' dir='ltr'><strong>di</strong></span> <span class='ocrx_word' id='word_1_264' title='bbox 691 2556 797 2599; x_wconf 85' lang='lat' dir='ltr'><strong>tutti</strong></span> <span class='ocrx_word' id='word_1_265' title='bbox 820 2556 883 2612; x_wconf 81' lang='lat' dir='ltr'><strong>gli</strong></span> <span class='ocrx_word' id='word_1_266' title='bbox 923 2557 1023 2600; x_wconf 82' lang='lat' dir='ltr'><strong>altri</strong></span> <span class='ocrx_word' id='word_1_267' title='bbox 1046 2558 1223 2615; x_wconf 79' lang='lat' dir='ltr'><strong>collegij</strong></span> <span class='ocrx_word' id='word_1_268' title='bbox 1249 2558 1449 2602; x_wconf 81' lang='lat' dir='ltr'><strong>scriuero</strong></span> <span class='ocrx_word' id='word_1_269' title='bbox 1472 2572 1557 2601; x_wconf 93' lang='lat' dir='ltr'><strong>con</strong></span> <span class='ocrx_word' id='word_1_270' title='bbox 1579 2559 1623 2601; x_wconf 84' lang='grc'><strong>13</strong></span> <span class='ocrx_word' id='word_1_271' title='bbox 1649 2556 1796 2613; x_wconf 85' lang='lat' dir='ltr'><strong>gratia</strong></span> <span class='ocrx_word' id='word_1_272' title='bbox 1819 2557 1891 2600; x_wconf 87' lang='lat' dir='ltr'><strong>del</strong></span> <span class='ocrx_word' id='word_1_273' title='bbox 1920 2555 1993 2601; x_wconf 89' lang='lat' dir='ltr'><strong>Si-</strong></span> 
     </span>
    </p>
   </div>
   <div class='ocr_carea' id='block_1_5' title="bbox 359 2633 1994 2691">
    <p class='ocr_par' dir='ltr' id='par_1_5' title="bbox 359 2633 1994 2691">
     <span class='ocr_line' id='line_1_32' title="bbox 359 2633 1994 2691; baseline -0.001 -13"><span class='ocrx_word' id='word_1_274' title='bbox 359 2649 503 2691; x_wconf 88' lang='lat' dir='ltr'><strong>gnore</strong></span> <span class='ocrx_word' id='word_1_275' title='bbox 519 2635 576 2677; x_wconf 87' lang='lat' dir='ltr'><strong>da</strong></span> <span class='ocrx_word' id='word_1_276' title='bbox 588 2633 788 2690; x_wconf 85' lang='lat' dir='ltr'><strong>Dilinga,</strong></span> <span class='ocrx_word' id='word_1_277' title='bbox 809 2634 927 2677; x_wconf 91' lang='lat' dir='ltr'><strong>doue</strong></span> <span class='ocrx_word' id='word_1_278' title='bbox 945 2634 982 2676; x_wconf 91' lang='lat' dir='ltr'><strong>si</strong></span> <span class='ocrx_word' id='word_1_279' title='bbox 1002 2636 1094 2678; x_wconf 73' lang='lat' dir='ltr'><strong>fara</strong></span> <span class='ocrx_word' id='word_1_280' title='bbox 1111 2636 1139 2677; x_wconf 89' lang='lat' dir='ltr'><strong>l’</strong></span> <span class='ocrx_word' id='word_1_281' title='bbox 1159 2635 1316 2679; x_wconf 85' lang='lat' dir='ltr'><strong>ultima</strong></span> <span class='ocrx_word' id='word_1_282' title='bbox 1332 2635 1596 2679; x_wconf 87' lang='lat' dir='ltr'><strong>conclusion</strong></span> <span class='ocrx_word' id='word_1_283' title='bbox 1610 2634 1655 2676; x_wconf 90' lang='lat' dir='ltr'><strong>di</strong></span> <span class='ocrx_word' id='word_1_284' title='bbox 1671 2641 1805 2683; x_wconf 85' lang='lat' dir='ltr'><strong>tutto.</strong></span> <span class='ocrx_word' id='word_1_285' title='bbox 1826 2633 1994 2678; x_wconf 85' lang='lat' dir='ltr'><strong>Mando</strong></span> 
     </span>
    </p>
   </div>
   <div class='ocr_carea' id='block_1_6' title="bbox 394 2728 645 2732">
    <p class='ocr_par' dir='ltr' id='par_1_6' title="bbox 394 2728 645 2732">
     <span class='ocr_line' id='line_1_33' title="bbox 394 2728 645 2732; baseline 0 0"><span class='ocrx_word' id='word_1_286' title='bbox 394 2728 645 2732; x_wconf 95' lang='lat' dir='ltr'><strong> </strong></span> 
     </span>
    </p>
   </div>
   <div class='ocr_carea' id='block_1_7' title="bbox 430 2768 1325 2818">
    <p class='ocr_par' dir='ltr' id='par_1_7' title="bbox 430 2768 1325 2818">
     <span class='ocr_line' id='line_1_34' title="bbox 430 2768 1325 2818; baseline 0.004 -14"><span class='ocrx_word' id='word_1_287' title='bbox 430 2777 451 2797; x_wconf 82' lang='lat' dir='ltr'><strong>a</strong></span> <span class='ocrx_word' id='word_1_288' title='bbox 490 2779 511 2804; x_wconf 92' lang='lat'><strong>2</strong></span> <span class='ocrx_word' id='word_1_289' title='bbox 529 2770 651 2805; x_wconf 87' lang='lat' dir='ltr'><strong>verba</strong></span> <span class='ocrx_word' id='word_1_290' title='bbox 670 2780 784 2816; x_wconf 89' lang='lat' dir='ltr'><strong>seqq.</strong></span> <span class='ocrx_word' id='word_1_291' title='bbox 808 2768 956 2804; x_wconf 88' lang='lat' dir='ltr'>addidit</span> <span class='ocrx_word' id='word_1_292' title='bbox 974 2770 1061 2806; x_wconf 92' lang='lat' dir='ltr'>libr.</span> <span class='ocrx_word' id='word_1_293' title='bbox 1083 2782 1199 2818; x_wconf 87' lang='lat' dir='ltr'><strong>supra</strong></span> <span class='ocrx_word' id='word_1_294' title='bbox 1216 2783 1325 2808; x_wconf 88' lang='lat' dir='ltr'><strong>vers.</strong></span> 
     </span>
    </p>
   </div>
   <div class='ocr_carea' id='block_1_8' title="bbox 363 2840 647 2848">
    <p class='ocr_par' dir='ltr' id='par_1_8' title="bbox 363 2840 647 2848">
     <span class='ocr_line' id='line_1_35' title="bbox 363 2840 647 2848; baseline 0 700"><span class='ocrx_word' id='word_1_295' title='bbox 363 2840 647 2848; x_wconf 95' lang='lat' dir='ltr'><strong> </strong></span> 
     </span>
    </p>
   </div>
   <div class='ocr_carea' id='block_1_9' title="bbox 360 2869 1998 3152">
    <p class='ocr_par' dir='ltr' id='par_1_9' title="bbox 360 2869 1998 3152">
     <span class='ocr_line' id='line_1_36' title="bbox 431 2869 1997 2916; baseline -0.001 -11"><span class='ocrx_word' id='word_1_296' title='bbox 431 2872 443 2892; x_wconf 89' lang='lat'>¹</span> <span class='ocrx_word' id='word_1_297' title='bbox 493 2871 550 2905; x_wconf 86' lang='lat' dir='ltr'><strong>Ex</strong></span> <span class='ocrx_word' id='word_1_298' title='bbox 569 2871 795 2916; x_wconf 91' lang='lat' dir='ltr'><strong>archetyp0‚</strong></span> <span class='ocrx_word' id='word_1_299' title='bbox 811 2881 833 2904; x_wconf 91' lang='lat' dir='ltr'><strong>a</strong></span> <span class='ocrx_word' id='word_1_300' title='bbox 851 2870 997 2915; x_wconf 85' lang='lat' dir='ltr'><strong>Jacobo</strong></span> <span class='ocrx_word' id='word_1_301' title='bbox 1010 2871 1203 2916; x_wconf 85' lang='lat' dir='ltr'><strong>genuensi</strong></span> <span class='ocrx_word' id='word_1_302' title='bbox 1217 2876 1391 2916; x_wconf 84' lang='lat' dir='ltr'><strong>exarato,</strong></span> <span class='ocrx_word' id='word_1_303' title='bbox 1407 2877 1447 2907; x_wconf 86' lang='lat' dir='ltr'><strong>et</strong></span> <span class='ocrx_word' id='word_1_304' title='bbox 1461 2870 1612 2906; x_wconf 88' lang='lat' dir='ltr'><strong>Natalis</strong></span> <span class='ocrx_word' id='word_1_305' title='bbox 1629 2882 1744 2906; x_wconf 82' lang='lat' dir='ltr'><strong>manu</strong></span> <span class='ocrx_word' id='word_1_306' title='bbox 1763 2869 1997 2916; x_wconf 88' lang='lat' dir='ltr'><strong>subscripto,</strong></span> 
     </span>
     <span class='ocr_line' id='line_1_37' title="bbox 360 2928 1997 2977; baseline -0.001 -13"><span class='ocrx_word' id='word_1_307' title='bbox 360 2929 397 2963; x_wconf 91' lang='lat' dir='ltr'><strong>in</strong></span> <span class='ocrx_word' id='word_1_308' title='bbox 419 2930 551 2975; x_wconf 77' lang='lat' dir='ltr'><strong>Epist.</strong></span> <span class='ocrx_word' id='word_1_309' title='bbox 575 2929 730 2971; x_wconf 66' lang='lat' dir='ltr'><strong>Natal„</strong></span> <span class='ocrx_word' id='word_1_310' title='bbox 749 2929 800 2973; x_wconf 88' lang='grc' dir='ltr'><strong>ΙΙ,</strong></span> <span class='ocrx_word' id='word_1_311' title='bbox 820 2928 964 2975; x_wconf 85' lang='lat' dir='ltr'><strong>duplici</strong></span> <span class='ocrx_word' id='word_1_312' title='bbox 984 2929 1075 2976; x_wconf 62' lang='lat' dir='ltr'><strong>fol„</strong></span> <span class='ocrx_word' id='word_1_313' title='bbox 1098 2931 1163 2976; x_wconf 90' lang='lat'><strong>156</strong></span> <span class='ocrx_word' id='word_1_314' title='bbox 1182 2930 1283 2977; x_wconf 85' lang='lat'><strong>(321,</strong></span> <span class='ocrx_word' id='word_1_315' title='bbox 1302 2930 1406 2976; x_wconf 88' lang='lat'><strong>322).</strong></span> <span class='ocrx_word' id='word_1_316' title='bbox 1431 2930 1493 2966; x_wconf 91' lang='lat' dir='ltr'><strong>Ad</strong></span> <span class='ocrx_word' id='word_1_317' title='bbox 1506 2931 1653 2966; x_wconf 82' lang='lat' dir='ltr'><strong>calcem</strong></span> <span class='ocrx_word' id='word_1_318' title='bbox 1668 2929 1814 2976; x_wconf 84' lang='lat' dir='ltr'><strong>primae</strong></span> <span class='ocrx_word' id='word_1_319' title='bbox 1829 2929 1997 2976; x_wconf 87' lang='lat' dir='ltr'><strong>paginae</strong></span> 
     </span>
     <span class='ocr_line' id='line_1_38' title="bbox 361 2986 1998 3037; baseline 0 -14"><span class='ocrx_word' id='word_1_320' title='bbox 361 2987 510 3023; x_wconf 82' lang='lat' dir='ltr'><strong>Natalis</strong></span> <span class='ocrx_word' id='word_1_321' title='bbox 535 2999 669 3024; x_wconf 88' lang='lat' dir='ltr'><strong>manu:</strong></span> <span class='ocrx_word' id='word_1_322' title='bbox 697 2988 757 3024; x_wconf 91' lang='lat' dir='ltr'><strong>De</strong></span> <span class='ocrx_word' id='word_1_323' title='bbox 783 2988 998 3035; x_wconf 83' lang='lat' dir='ltr'><strong>Erfordia‚</strong></span> <span class='ocrx_word' id='word_1_324' title='bbox 1023 2990 1126 3037; x_wconf 90' lang='lat' dir='ltr'><strong>quod</strong></span> <span class='ocrx_word' id='word_1_325' title='bbox 1150 2990 1199 3026; x_wconf 91' lang='lat' dir='ltr'><strong>ad</strong></span> <span class='ocrx_word' id='word_1_326' title='bbox 1222 3002 1424 3027; x_wconf 87' lang='lat' dir='ltr'><strong>numerum</strong></span> <span class='ocrx_word' id='word_1_327' title='bbox 1450 2989 1472 3025; x_wconf 88' lang='lat'>3</span> <span class='ocrx_word' id='word_1_328' title='bbox 1495 2988 1609 3035; x_wconf 87' lang='lat' dir='ltr'><strong>hujus</strong></span> <span class='ocrx_word' id='word_1_329' title='bbox 1635 2988 1839 3036; x_wconf 86' lang='lat' dir='ltr'><strong>epistolae,</strong></span> <span class='ocrx_word' id='word_1_330' title='bbox 1864 2987 1932 3023; x_wconf 92' lang='lat' dir='ltr'><strong>ubi</strong></span> <span class='ocrx_word' id='word_1_331' title='bbox 1948 2986 1998 3023; x_wconf 87' lang='lat' dir='ltr'><strong>de</strong></span> 
     </span>
     <span class='ocr_line' id='line_1_39' title="bbox 362 3046 1998 3095; baseline 0 -14"><span class='ocrx_word' id='word_1_332' title='bbox 362 3046 562 3082; x_wconf 86' lang='lat' dir='ltr'><strong>Erfordiae</strong></span> <span class='ocrx_word' id='word_1_333' title='bbox 580 3047 853 3082; x_wconf 86' lang='lat' dir='ltr'><strong>conventiculo</strong></span> <span class='ocrx_word' id='word_1_334' title='bbox 871 3047 1014 3095; x_wconf 85' lang='lat' dir='ltr'><strong>agitur,</strong></span> <span class='ocrx_word' id='word_1_335' title='bbox 1032 3049 1280 3086; x_wconf 88' lang='lat' dir='ltr'><strong>referendum</strong></span> <span class='ocrx_word' id='word_1_336' title='bbox 1299 3049 1466 3086; x_wconf 87' lang='lat' dir='ltr'><strong>videtur.</strong></span> <span class='ocrx_word' id='word_1_337' title='bbox 1483 3048 1584 3084; x_wconf 89' lang='lat' dir='ltr'><strong>Vide</strong></span> <span class='ocrx_word' id='word_1_338' title='bbox 1603 3048 1721 3095; x_wconf 89' lang='lat' dir='ltr'><strong>epist.</strong></span> <span class='ocrx_word' id='word_1_339' title='bbox 1747 3057 1830 3093; x_wconf 88' lang='lat'><strong>442,</strong></span> <span class='ocrx_word' id='word_1_340' title='bbox 1850 3046 1918 3082; x_wconf 94' lang='lat' dir='ltr'><strong>ubi</strong></span> <span class='ocrx_word' id='word_1_341' title='bbox 1936 3057 1998 3088; x_wconf 88' lang='lat' dir='ltr'><strong>ea,</strong></span> 
     </span>
     <span class='ocr_line' id='line_1_40' title="bbox 362 3105 1220 3152; baseline 0.005 -12"><span class='ocrx_word' id='word_1_342' title='bbox 362 3116 463 3151; x_wconf 89' lang='lat' dir='ltr'><strong>quae</strong></span> <span class='ocrx_word' id='word_1_343' title='bbox 482 3105 529 3140; x_wconf 86' lang='lat' dir='ltr'><strong>ad</strong></span> <span class='ocrx_word' id='word_1_344' title='bbox 548 3105 703 3151; x_wconf 84' lang='lat' dir='ltr'><strong>reginas</strong></span> <span class='ocrx_word' id='word_1_345' title='bbox 727 3105 938 3152; x_wconf 86' lang='lat' dir='ltr'><strong>pertinent,</strong></span> <span class='ocrx_word' id='word_1_346' title='bbox 958 3107 1220 3144; x_wconf 83' lang='lat' dir='ltr'><strong>declarantur.</strong></span> 
     </span>
    </p>
   </div>
  </div>
 </body>
</html>
