2228 3548
430 282 499 328 258
941 275 1078 311 EPIST.
1106 272 1150 308 P.
1178 271 1450 318 NADAL—437

377 384 540 430 cessita
560 376 929 429 estraordinaria3
954 381 1000 418 et
1022 380 1192 430 quanto
1220 387 1246 417 a
1273 373 1423 429 quella
1450 374 1536 418 che
1563 373 1655 429 puo
1683 386 1833 418 essere
1860 385 1940 428 per
1971 371 2015 414 la

376 474 556 519 guerra,
582 457 619 501 si
642 457 667 499 e
690 453 895 498 ordinato
918 452 1068 508 quello
1091 453 1178 495 che
1198 450 1369 494 habbin
1389 451 1448 494 da
1469 451 1580 503 fare,
1606 450 1686 493 hoc
1707 453 1791 503 est,
1813 450 1897 492 che
1919 462 2011 492 non

377 537 546 583 restino
569 535 627 587 la,
653 546 795 576 senon
816 530 847 572 11
869 536 1036 574 rettore
1052 535 1098 572 et
1115 527 1265 572 alcuni
1282 529 1368 571 che
1384 526 1742 584 giudicheranno
1758 540 1909 570 essere
1926 525 2009 569 atti

375 630 454 672 per
476 611 707 670 predicare
733 615 779 652 et
807 608 1084 659 confessare,
1111 612 1198 650 etc.
1228 611 1264 650 ἃ.
1291 606 1395 649 Non
1424 604 1462 648 si
1489 605 1614 661 parlo
1643 605 1714 648 all'
1740 604 2007 661 imperatore

376 694 433 736 ne
465 691 537 734 all’
563 685 846 744 imperatrice
870 684 989 728 della
1017 682 1278 731 fondatione
1314 683 1387 727 del
1419 682 1611 740 collegio
1642 696 1828 726 romano
1856 695 1936 738 per
1965 681 2008 723 le

376 764 693 823 occuppationi
714 763 832 807 della
854 775 1034 818 guerra.

469 858 508 899 3.
574 838 866 886 Partendomi
902 838 948 881 di
985 837 1179 890 Vienna,
1221 837 1358 882 uenni
1395 852 1421 880 a
1459 835 1681 880 Possonio
1707 838 1737 890 ¹,
1773 835 1951 880 truouai
1983 835 2014 878 il

379 925 431 966 Ρ.
457 919 679 977 Zeyde12,
704 919 790 961 che
811 915 1054 973 predicaua
1075 915 1193 959 nella
1215 914 1367 959 chiesa
1388 914 1628 971 maggiore
1654 928 1740 957 con
1762 913 1879 957 assai
1899 927 2012 957 con—

376 1012 506 1042 corso
529 1003 574 1042 et
598 997 756 1048 srutto,
781 994 979 1037 secondo
996 994 1031 1035 s’
1052 992 1251 1044 intende,
1272 992 1449 1036 benche
1467 1006 1557 1034 non
1575 1005 1654 1047 per
1671 989 1924 1046 frequentia
1939 990 2012 1034 de’

377 1073 665 1126 sacramenti,
705 1086 754 1115 se
791 1086 886 1114 non
922 1069 968 1112 in
1001 1080 1106 1113 cose
1143 1068 1187 1112 di
1225 1068 1550 1113 controuersie.
1583 1069 1652 1112 Fu
1684 1081 1901 1111 concesso
1939 1067 2013 1111 dal

378 1155 431 1197 P.
457 1154 617 1206 Lanoy
638 1150 710 1193 all’
736 1147 1031 1192 arciuescouo
1051 1148 1065 1168 ⁵
1088 1146 1119 1188 il
1141 1147 1290 1190 natale
1318 1153 1500 1202 passato
1527 1160 1607 1202 per
1633 1152 1784 1202 tempo
1812 1145 2012 1189 indeter-

381 1228 570 1282 minato,
594 1226 770 1270 benche
791 1225 822 1268 li
844 1223 1047 1268 cittadini
1076 1224 1356 1279 pretendono
1382 1236 1532 1266 essere
1562 1222 1737 1267 offerito
1762 1215 1855 1266 fino
1877 1237 1903 1266 a
1924 1223 1961 1266 F
1962 1237 2010 1267 e—

381 1307 514 1349 braro
537 1306 622 1348 che
644 1303 792 1356 uiene,
817 1308 862 1345 et
883 1302 914 1343 l'
938 1300 1231 1345 arciuescouo
1252 1300 1471 1356 pretende
1491 1301 1578 1345 che
1598 1315 1689 1343 non
1712 1299 1749 1343 si
1770 1299 1860 1343 leui
1882 1298 1928 1342 di
1949 1300 2008 1343 la.

380 1384 461 1427 Sta
483 1382 580 1425 solo
603 1380 650 1423 in
671 1395 762 1422 una
783 1385 971 1431 casetta,
995 1392 1080 1421 con
1102 1392 1164 1420 un
1186 1384 1296 1433 puto
1325 1379 1409 1421 che
1430 1378 1476 1420 lo
1498 1392 1646 1430 serue,
1671 1385 1717 1420 et
1738 1376 1920 1434 mangia
1942 1377 2013 1420 col

380 1466 553 1510 curato,
578 1459 620 1501 la
643 1457 717 1500 cui
739 1471 842 1499 casa
864 1459 928 1498 est
948 1469 970 1498 e
986 1456 1174 1512 regione
1195 1455 1281 1498 alla
1302 1469 1399 1507 sua,
1425 1461 1470 1499 et
1491 1454 1567 1498 all'
1591 1469 1669 1499 ora
1690 1461 1736 1498 et
1758 1455 1843 1498 alla
1859 1461 2014 1498 torna-

381 1543 441 1591 ta,
468 1537 552 1578 che
574 1534 617 1577 io
633 1533 758 1578 stetti
775 1548 836 1576 un
855 1532 1016 1589 giorno
1038 1546 1124 1575 con
1140 1531 1219 1584 lui,
1240 1531 1303 1588 gli
1320 1531 1428 1575 dissi
1446 1539 1617 1588 quanto
1634 1531 1694 1575 mi
1710 1546 1878 1589 pareua
1894 1531 2015 1576 circa

380 1613 421 1655 al
443 1626 526 1655 suo
548 1611 681 1654 modo
703 1610 748 1653 di
771 1610 927 1653 uiuere
947 1610 1011 1662 la,
1037 1608 1068 1651 il
1090 1609 1223 1665 quale
1251 1623 1342 1652 non
1373 1608 1434 1651 mi
1462 1608 1611 1665 piace,
1636 1610 1813 1653 benche
1845 1623 1937 1652 non
1969 1608 2011 1652 ci

378 1689 444 1733 sia
466 1703 571 1731 cosa
592 1687 637 1730 di
659 1687 871 1731 scandalo
900 1687 956 1729 ne
983 1687 1067 1729 che
1095 1685 1194 1742 paia
1224 1686 1341 1729 mala
1369 1685 1442 1729 alli
1470 1686 1671 1730 secolari.
1699 1685 1785 1730 Lui
1806 1685 2013 1731 desidera

377 1772 498 1809 stare
519 1767 590 1808 ne’
616 1763 793 1820 collegij
818 1777 897 1819 per
919 1763 1057 1807 molte
1079 1762 1270 1820 ragioni,
1297 1769 1342 1807 et
1364 1762 1407 1806 io
1428 1777 1645 1819 pensauo,
1665 1765 1750 1808 che
1766 1763 1842 1820 poi
1859 1763 1906 1806 di
1922 1764 1958 1808 F
1961 1778 2012 1806 e-

377 1843 510 1885 braro
531 1843 574 1885 lo
597 1840 841 1898 potessimo
863 1855 999 1883 cauar
1021 1839 1065 1882 di
1093 1841 1151 1892 la,
1177 1846 1222 1884 et
1244 1839 1308 1896 gli
1329 1839 1437 1883 dissi
1467 1841 1552 1883 che
1579 1839 1842 1896 preuenisse
1868 1840 1932 1884 lui
1963 1847 2009 1885 et

376 1920 403 1962 1’
427 1918 720 1963 arciuescouo
742 1924 788 1960 et
810 1917 873 1974 gli
895 1917 1099 1960 cittadini
1120 1918 1205 1960 che
1226 1916 1263 1960 si
1284 1917 1613 1973 prouedessero
1629 1917 1686 1961 de
1707 1917 2004 1974 predicatore.

378 1998 443 2040 La
465 1995 711 2040 medesima
733 2009 841 2037 cura
861 1994 905 2037 io
927 1994 1046 2037 diedi
1068 1995 1111 2037 al
1128 1996 1179 2037 P.
1202 1995 1422 2046 Lorenzo,
1442 2008 1570 2038 come
1586 1995 1725 2037 uedra
1743 1995 1799 2038 V.
1822 1995 1874 2037 P.
1897 1995 2010 2039 Sen-

379 2073 426 2128 tij
451 2073 493 2116 la
514 2087 597 2115 sua
618 2070 900 2115 confessione
922 2071 1152 2127 generale,
1173 2078 1218 2115 et
1239 2070 1399 2114 rinouo
1431 2069 1461 2112 li
1482 2070 1576 2114 voti
1604 2071 1690 2115 alla
1711 2077 1889 2115 tornata
1921 2071 2010 2116 mia

378 2150 423 2193 di
446 2148 692 2205 Tyrnauia.

466 2239 509 2280 4.
575 2227 618 2269 A
648 2224 877 2280 Tyrnauia
908 2227 1087 2268 haueuo
1125 2225 1201 2282 gia
1231 2226 1461 2280 mandato,
1488 2231 1555 2269 tre
1587 2241 1614 2270 o
1645 2232 1825 2282 quattro
1862 2224 2012 2283 giomi

377 2301 512 2359 dopoi
528 2304 612 2345 che
629 2301 793 2345 arriuai
810 2301 855 2343 in
871 2301 1063 2354 Vienna,
1085 2301 1114 2344 il
1133 2304 1185 2346 Ρ.
1210 2302 1361 2346 Pietro
1379 2304 1598 2360 Unghero
1615 2304 1648 2356 ⁴,
1669 2304 1834 2359 perche
1857 2302 2013 2347 auanti

378 2381 448 2422 ch’
474 2379 519 2422 io
541 2377 710 2423 uenissi
733 2385 776 2422 et
799 2379 842 2421 lo
864 2379 1103 2422 declarassi
1125 2385 1308 2432 rettore,
1334 2380 1454 2424 fosse
1476 2380 1680 2424 ministro
1696 2381 1770 2425 del
1792 2382 1844 2424 P.
1872 2382 2010 2425 Urta-

376 2457 434 2500 do
459 2458 491 2509 ⁵,
518 2462 563 2500 et
591 2455 653 2498 iui
681 2457 717 2499 s’
752 2454 1017 2499 informasse
1048 2455 1093 2498 di
1126 2462 1243 2501 tutte
1273 2457 1315 2500 le
1342 2471 1447 2501 cose
1474 2456 1519 2500 di
1547 2458 1696 2513 quello
1724 2457 1933 2514 collegiO,
1964 2464 2010 2501 et

449 2575 470 2596 a
490 2568 603 2614 Quae
622 2571 839 2614 sequuntur
857 2579 980 2614 usque
998 2568 1046 2603 ad
1060 2569 1169 2604 della
1181 2581 1341 2617 guerra
1359 2569 1453 2605 incl.
1477 2568 1627 2605 addidit
1643 2568 1736 2605 libr.
1759 2574 1848 2616 post
1865 2569 2009 2617 scripta

379 2627 547 2674 reliqua.

449 2727 461 2747 ¹
512 2726 739 2772 Posonium,
759 2727 1003 2775 Presbourg,
1023 2730 1114 2764 urbs
1134 2729 1373 2776 Hungariae,
1390 2734 1507 2776 caput
1524 2729 1775 2765 Posoniensis
1788 2729 2011 2777 comitatus,

377 2785 444 2832 qui
464 2785 688 2833 «provincia
708 2790 769 2821 est
787 2787 1011 2832 Hungariae
1030 2788 1255 2835 superioris,
1275 2789 1376 2825 inter
1393 2787 1605 2825 Moraviam
1623 2788 1672 2824 ad
1694 2790 1875 2835 Boream,
1895 2789 2013 2825 Astu-

377 2845 474 2880 riam
493 2845 541 2881 ad
560 2855 759 2891 occasum,
778 2845 1002 2882 Danubium
1022 2847 1185 2883 fluvium
1203 2848 1251 2883 ad
1269 2847 1485 2894 meridiem,
1506 2853 1547 2883 et
1564 2848 1784 2885 Comitatus
1806 2849 2014 2885 Transchi-

376 2903 553 2940 niensem
572 2909 613 2940 et
630 2903 881 2940 Nibriensem
900 2905 948 2940 ad
967 2911 1132 2942 ortum».
1151 2908 1407 2954 FERRARIUS‚
1428 2907 1593 2943 Lexicon
1608 2908 1942 2956 geographicum.

447 2965 460 2984 “-’
512 2963 560 2998 P.
585 2963 756 3008 Joannes
775 2961 921 2999 Seidel.
942 2964 1035 3010 Ejus
1052 2976 1217 3001 examen
1236 2965 1326 3001 vide
1344 2966 1383 3002 in
1401 2966 1531 3014 Epist.
1550 2966 1705 3008 Natal„
1726 2966 1777 3009 11,
1798 2966 1881 3012 567.

447 3020 461 3040 ⁵
511 3019 841 3067 Archiepiscopus
860 3021 1146 3067 strigoniensis,
1166 3024 1349 3060 Nieolaus
1369 3023 1534 3062 Olahus.

447 3079 462 3099 ⁴
513 3078 707 3114 Hernath.
1285 3084 1300 3106 ⁵
1349 3083 1490 3119 Perez.
