2228 3548
368 281 439 319 494
882 267 1022 305 Emsr.
1053 266 1098 303 P.
1126 265 1396 312 Nema-488

411 373 453 416 6.
518 369 578 414 Di
599 384 691 412 non
714 368 928 412 mandare
950 374 1090 426 gente
1112 382 1139 411 a
1160 369 1304 412 Roma
1325 382 1462 413 senza
1489 369 1586 413 dar'
1612 369 1759 425 auiso‚
1783 376 1892 423 etc.‚
1917 369 1963 414 io

320 451 364 494 10
386 449 629 493 intendeua
651 446 727 502 gia
748 459 828 502 per
850 445 987 499 altra,
1012 451 1058 488 et
1081 458 1211 488 come
1231 446 1293 489 ho
1314 444 1486 499 scritto,
1512 460 1602 490 con
1629 447 1672 491 la
1701 447 1849 505 gratia
1882 447 1960 493 del

320 526 519 583 Signore
540 525 584 567 lo
613 523 798 568 seruaro
828 522 889 565 ad
908 522 1070 579 pedem
1098 522 1288 567 litterae.
1322 523 1379 566 Et
1400 522 1476 580 gia
1506 525 1566 567 ho
1593 525 1720 569 detto
1751 527 1836 570 che
1869 539 1961 569 vno

319 605 406 648 che
420 610 441 630 ²
455 602 619 645 mando
637 601 681 643 di
699 599 877 644 Treuiri
894 601 1009 644 Mro.
1031 600 1242 653 Costero,
1262 614 1357 644 non
1375 600 1423 643 fu
1439 599 1485 643 di
1504 601 1686 647 volonta
1701 602 1807 656 mia,
1825 617 1956 647 come

323 680 365 724 io
389 677 682 723 chiaramenti
703 676 734 720 li
755 677 868 720 dise.
895 678 954 720 Et
982 676 1096 721 oltre
1123 676 1168 720 di
1197 683 1377 733 questo,
1411 676 1442 720 li
1474 677 1570 722 dise
1597 679 1681 723 che
1703 679 1747 723 10
1777 680 1959 725 doueua

323 758 537 801 mandare
559 756 688 799 fuora
702 755 851 799 bdella
867 753 1168 812 Compagnia3
1190 754 1263 799 del
1280 754 1414 810 quale
1434 754 1570 799 etiam
1587 755 1960 812 particolarmen-

322 842 367 879 te
388 833 532 886 scrisi,
558 833 694 878 credo
712 833 769 876 da
794 832 1016 887 Bruselle,
1042 831 1305 889 parendomi
1327 834 1412 876 che
1434 833 1476 876 13
1499 834 1550 877 P.
1574 833 1632 878 V.
1652 833 1802 878 subito
1824 835 1856 877 1’
1874 836 1959 878 ha-

320 927 439 957 ueua
462 912 519 955 da
541 912 744 955 mandar’
769 909 843 954 via
861 916 895 953 0.
923 910 1101 966 Questo
1122 909 1371 955 medesimo
1389 909 1547 956 ordine
1569 912 1629 954 ho
1646 910 1752 954 dato
1773 910 1819 955 io
1841 911 1919 970 gia
1933 927 1961 956 a

323 992 437 1034 Mro.
465 988 669 1033 Antonio
692 987 846 1033 Vinch
868 994 914 1032 et
936 1003 962 1032 a
984 989 1100 1031 Mro.
1126 988 1334 1042 Costero‚
1359 986 1374 1030 i
1395 988 1517 1044 quali
1539 988 1701 1032 dicono
1723 989 1807 1033 che
1828 989 1858 1032 l'
1877 990 1961 1033 ha-

321 1081 502 1112 ueuano
524 1066 600 1123 gia
616 1066 730 1109 loro.
758 1066 946 1122 Quanto
967 1080 994 1109 3
1015 1064 1183 1120 quello,
1203 1066 1288 1109 che
1309 1063 1410 1108 dice
1432 1065 1474 1109 la
1497 1067 1550 1109 P.
1578 1067 1634 1110 V.
1661 1067 1747 1110 che
1769 1067 1806 1110 s’
1831 1067 1857 1110 e
1878 1080 1963 1124 ag-

321 1143 480 1202 gionto
503 1144 575 1187 all’
602 1142 759 1186 ordine
781 1142 854 1187 del
877 1141 1127 1196 visitatore,
1152 1140 1198 1186 io
1220 1141 1298 1199 gia
1319 1141 1447 1199 quasi
1478 1157 1665 1186 osseruo
1695 1143 1845 1199 quello
1877 1145 1963 1189 che

320 1221 470 1267 scriue
500 1222 544 1265 la
578 1222 630 1264 P.
667 1221 724 1264 V.
758 1221 795 1262 s’
830 1218 969 1262 habbi
1001 1234 1028 1263 a
1057 1233 1311 1273 osseruare,
1347 1218 1460 1264 cioe:
1497 1220 1614 1265 della
1644 1219 1883 1277 prouincia
1913 1221 1957 1264 d’

323 1298 513 1345 Austria
543 1298 667 1341 nulla
705 1311 811 1340 cosa
844 1299 903 1339 m'
927 1297 1081 1340 hanno
1117 1296 1395 1340 consultato:
1427 1298 1541 1341 Mro.
1575 1296 1759 1341 Canisio
1794 1299 1957 1354 poche:

325 1378 440 1421 Mro.
466 1374 669 1420 Antonio
690 1373 825 1417 insin’
851 1374 1012 1418 adesso
1034 1372 1162 1430 quasi
1179 1373 1317 1418 nulla.
1338 1374 1441 1432 Ego
1457 1389 1549 1417 non
1566 1388 1726 1418 recuso
1750 1374 1960 1428 laborem,

325 1454 488 1507 Padre,
514 1467 587 1496 ma
610 1450 912 1508 grandissima
935 1449 1245 1495 consolatione
1273 1451 1299 1494 6
1321 1453 1459 1496 esser’
1485 1450 1672 1495 scarico.
1698 1452 1803 1496 Non
1832 1466 1963 1496 man-

322 1533 460 1576 chero
483 1535 649 1582 tamen,
674 1517 880 1572 almanco
902 1543 1034 1573 come
1055 1543 1135 1585 per
1157 1527 1407 1585 conseglio,
1428 1543 1477 1574 se
1495 1529 1656 1572 alcuna
1678 1543 1782 1574 cosa
1807 1543 1965 1574 vorra-

322 1624 382 1653 no
403 1608 629 1653 intender’
654 1606 699 1649 di
722 1621 810 1659 me,
836 1605 991 1649 auanti
1013 1607 1087 1649 ch'
1111 1605 1155 1649 io
1182 1605 1248 1649 sia
1277 1604 1321 1648 in
1351 1607 1387 1649 F
1390 1620 1540 1649 ranza.
1583 1607 1767 1650 Benche
1799 1608 1860 1649 m’
1884 1621 1962 1650 oc-

324 1700 468 1739 corre,
488 1686 574 1730 che
598 1685 636 1727 s'
658 1699 720 1727 un
736 1682 983 1736 visitatore,
1004 1682 1185 1726 visitata
1201 1697 1291 1726 vna
1307 1682 1557 1740 prouincia,
1578 1697 1670 1727 non
1686 1684 1745 1726 ha
1762 1683 1839 1740 piu
1856 1682 1955 1740 giu·

326 1762 579 1808 risdittione
601 1761 765 1805 nisuna
786 1760 830 1802 in
855 1760 1019 1816 quella,
1040 1759 1078 1803 si
1094 1759 1326 1817 seguitara
1348 1761 1432 1804 che
1449 1774 1539 1803 non
1562 1759 1684 1817 possi
1701 1761 1794 1804 fare
1810 1766 1960 1804 niuta-

326 1839 437 1885 tioni
458 1841 515 1884 de
537 1837 759 1896 suppositi
775 1837 811 1890 d,
838 1838 997 1881 stando
1015 1837 1134 1882 nella
1149 1835 1314 1890 vicina,
1335 1836 1366 1880 il
1383 1838 1467 1881 che
1485 1838 1679 1882 alchune
1695 1838 1817 1881 volte
1833 1838 1859 1882 e
1876 1853 1960 1882 ne-

325 1917 538 1971 cessari03
564 1931 637 1959 ma
659 1915 738 1958 lzoc
760 1914 877 1958 nihil
899 1915 958 1957 ad
979 1929 1051 1958 me
1067 1930 1080 1958 .·
1101 1915 1146 1958 13
1169 1916 1222 1958 P.
1248 1915 1305 1958 V.
1331 1914 1375 1958 lo
1397 1915 1564 1959 vedera
1586 1914 1754 1971 meglio
1782 1915 1828 1958 di
1856 1929 1949 1959 me.

416 2007 458 2050 7.
524 1995 711 2050 Quanto
732 1993 774 2036 al
803 1993 855 2035 P.
883 1991 1084 2045 Canisio,
1109 1993 1197 2035 che
1223 1990 1370 2035 scriue
1393 1993 1449 2035 V.
1478 1993 1531 2035 P.
1557 1991 1738 2035 sentirsi
1766 1998 1960 2048 grauato

326 2073 400 2118 del
421 2086 529 2130 peso
551 2071 669 2115 della
691 2084 772 2113 sua
795 2069 1042 2125 prouincia,
1063 2075 1108 2112 et
1130 2083 1239 2125 pare
1259 2067 1296 2112 si
1313 2082 1480 2113 muoue
1502 2083 1584 2125 per
1600 2075 1762 2124 questo
1784 2069 1843 2112 ad
1859 2068 1960 2112 alli-

327 2149 510 2208 gerirlo,
535 2155 581 2192 et
603 2148 683 2191 far’
709 2147 822 2190 altro
852 2145 1152 2202 prouinciale,
1175 2159 1226 2190 se
1252 2160 1345 2189 non
1372 2144 1413 2189 ci
1442 2146 1466 2189 e
1489 2145 1602 2189 altra
1628 2158 1765 2189 causa
1793 2145 1839 2188 di
1861 2144 1962 2188 alli-

327 2227 511 2285 gerirlo‚
536 2240 586 2270 se
607 2239 698 2268 non
720 2223 923 2281 grauarsi
946 2223 1026 2277 lui,
1051 2237 1144 2267 non
1165 2222 1227 2265 mi
1248 2237 1356 2279 pare
1377 2223 1463 2266 che
1491 2224 1527 2266 s'
1552 2217 1691 2265 habbi
1713 2237 1738 2266 a
1760 2221 1961 2279 alligeri-

327 2319 391 2349 re:
417 2303 611 2348 essendo
634 2302 746 2345 altra
767 2315 904 2344 causa
927 2300 971 2358 (il
992 2302 1078 2346 che
1109 2300 1153 2344 io
1184 2313 1277 2343 non
1303 2299 1386 2357 so),
1411 2314 1504 2343 non
1535 2301 1594 2342 m'
1621 2313 1804 2343 occorre
1835 2305 1962 2343 certo

326 2381 401 2425 chi
431 2387 623 2438 puotese
654 2379 792 2423 esser’
817 2377 1110 2434 prouinciale.
1137 2378 1203 2421 La
1235 2378 1288 2420 P.
1321 2378 1379 2421 V.
1413 2376 1559 2421 vedde
1591 2376 1665 2419 chi
1696 2390 1809 2419 sono
1840 2376 1960 2420 nella

326 2457 576 2515 prouincia,
601 2462 647 2499 et
669 2455 733 2512 gli
755 2468 965 2499 conosce.
992 2456 1049 2498 Et
1071 2460 1234 2511 questo
1252 2460 1422 2510 quanto
1440 2454 1526 2497 alla
1544 2452 1614 2497 2.ει
1633 2454 1800 2510 Quello
1818 2454 1903 2496 che
1919 2452 1958 2496 si

326 2533 560 2592 aggionge
581 2547 662 2590 per
682 2530 827 2589 polize
849 2531 894 2573 di
916 2530 1250 2584 commissione,
1274 2531 1518 2587 procurari)
1540 2529 1584 2573 io
1612 2531 1697 2574 che
1717 2529 1749 2572 li
1770 2528 1957 2586 prouin-

327 2610 429 2655 ciali
449 2611 479 2653 l'
505 2608 755 2661 osseruino,
782 2614 827 2653 et
848 2607 891 2650 io
914 2622 1078 2651 ancora
1098 2608 1130 2650 1³
1154 2607 1392 2651 osseruaro
1413 2621 1501 2650 con
1529 2607 1572 2650 13
1605 2604 1752 2663 gratia
1778 2605 1851 2648 del
1883 2604 1956 2650 Si-

327 2702 487 2745 gnore.
515 2688 589 2731 Ho
612 2686 837 2730 riceuutta
856 2684 898 2727 la
919 2685 1038 2728 bolla
1059 2683 1165 2729 delli
1187 2690 1391 2741 apostate
1413 2684 1441 2735 ¹,
1467 2690 1513 2728 et
1535 2683 1649 2727 Mro.
1676 2681 1878 2726 Antonio
1898 2683 1959 2726 ha

399 2843 421 2863 a
456 2834 643 2882 Sequitur
659 2834 694 2869 si
712 2843 827 2880 supra
843 2843 945 2868 vers.
962 2831 1136 2868 additum
1155 2837 1196 2874 et
1213 2830 1387 2867 deletum
1407 2842 1429 2866 a
1446 2830 1610 2867 libr.-b
1624 2830 1709 2866 Hoc
1727 2831 1837 2866 verb.
1853 2829 1962 2866 addi-

326 2894 387 2929 dit
403 2895 492 2930 libr.
512 2905 628 2940 supra
645 2898 819 2928 vers—0
837 2891 1023 2938 Sequitur
1040 2894 1078 2928 et
1090 2891 1191 2938 perd
1207 2890 1381 2927 deletum
1400 2901 1422 2926 a
1439 2889 1602 2926 libr.—d
1615 2889 1638 2926 3
1654 2890 1775 2926 verba
1791 2901 1901 2937 seqq.
1920 2888 1963 2926 in

328 2965 450 2999 marg.
470 2952 621 2989 addidit
639 2952 727 2988 libr.

399 3070 408 3090 ¹
461 3069 629 3106 Litteras
653 3081 708 3105 sc.
733 3067 961 3116 apostolicas
979 3068 1163 3115 Aequum
1182 3069 1431 3114 reputamus,
1450 3068 1584 3103 eontra
1598 3070 1807 3114 apostatas,
1828 3065 1893 3102 die
1914 3072 1957 3110 17

328 3128 503 3175 Januarii
525 3128 614 3172 1566
632 3128 760 3164 datas.
1211 3128 1215 3133 “
