2228 3548
925 260 949 296 4
972 250 1076 294 Man
1103 249 1196 296 1566
1782 249 1830 297 93

322 353 459 408 Resp.
515 351 662 395 Multa
678 351 862 408 quidem
879 351 1049 408 requiri
1067 351 1298 405 uidentur,
1312 351 1578 409 priusquam
1588 352 1645 396 ad
1655 359 1878 410 protesta-

237 428 407 472 tionem
429 428 688 473 necessario
709 428 938 483 ueniatur;
958 443 1048 485 qua
1064 428 1130 472 illi
1145 444 1256 474 sane
1271 429 1496 486 grauandi
1513 437 1559 474 et
1575 429 1878 474 contristandi

239 520 334 550 non
354 513 522 557 essent,
548 505 626 561 qui
642 505 893 550 catholicae
909 505 1147 563 religionis
1162 508 1321 550 hostes
1339 507 1415 551 uel
1430 506 1688 552 desertores
1703 522 1754 552 se
1775 522 1878 552 esse

239 597 332 627 non
353 591 508 639 aperte
528 583 777 627 declarant.
801 582 980 628 Deinde
1001 598 1094 627 non
1116 583 1371 628 necessaria
1391 582 1575 627 uidetur
1590 583 1874 641 protestatio,

239 659 278 703 si
299 659 440 717 legati
457 659 647 704 offitium
664 667 942 716 spectemus,
962 661 1100 704 modo
1116 660 1263 704 amica
1279 661 1491 717 quadam,
1511 667 1591 704 aut
1606 661 1743 705 etiam
1760 661 1880 706 seria

237 737 608 790 commonitione,
630 739 705 781 uel
722 744 911 794 paterna
932 737 1305 793 conquaestione,
1325 737 1445 781 flecti
1461 745 1650 794 possent
1665 737 1803 782 animi
1818 739 1878 782 ad

233 813 561 871 professionem
584 814 760 870 concilij
803 813 1036 859 tridentini
1073 814 1375 859 sufficientem
1404 814 1726 859 exhibendam.
1754 817 1873 859 Tum

235 905 345 936 uero
361 891 618 936 necessaria
634 891 777 937 videri
798 898 950 948 posset
967 892 1083 936 haec
1099 891 1384 948 protestatio,
1404 891 1443 935 si
1460 891 1671 935 catholici
1693 893 1876 936 confes-

214 963 217 965 *
236 968 412 1012 sionem
451 976 755 1026 augustanam
794 969 941 1025 palam
979 975 1286 1025 acceptarent,
1318 976 1399 1011 aut
1424 968 1597 1011 dictum
1635 969 1877 1013 concilium

237 1047 550 1102 reprobarent;
576 1046 649 1089 uel
672 1046 830 1090 saltem
853 1046 979 1089 nulla
1000 1045 1175 1090 ratione
1196 1046 1559 1102 comprobarent.

905 1177 962 1222 7.·
988 1183 1201 1219 ΩυΑεετιο

265 1288 275 1297 “
323 1280 401 1324 An
439 1279 498 1324 sit
526 1278 791 1336 protestatio
827 1279 982 1335 legato
1018 1276 1296 1330 necessaria,
1331 1277 1544 1333 quoniam
1577 1278 1781 1334 pontifex
1812 1278 1875 1322 ita

239 1356 491 1410 mandauit,
521 1355 559 1400 si
586 1356 796 1401 venietur
823 1356 881 1399 ad
912 1369 1141 1400 recessum
1174 1355 1247 1400 uel
1279 1354 1619 1399 conclusionem
1656 1356 1872 1412 aliquam,

234 1447 352 1490 quae
374 1433 653 1491 praeiudicet
674 1432 867 1477 concilio
897 1432 1158 1485 tridentino,
1184 1432 1336 1488 quoad
1357 1433 1593 1489 dogmata?

320 1512 457 1568 Resp.
524 1511 790 1555 Mandatum
828 1512 914 1554 hoc
952 1509 1179 1567 pontificis
1216 1510 1387 1553 nullam
1425 1508 1759 1563 necessitatem,
1798 1511 1873 1554 uel

230 1587 575 1646 obligationem,
602 1588 780 1632 adferre
802 1587 982 1631 viderur
998 1587 1055 1631 ad
1073 1586 1447 1644 protestationem
1470 1588 1558 1630 hoc
1575 1593 1779 1643 tempore
1801 1588 1871 1631 fa-

231 1665 455 1718 ciendam,
480 1665 570 1709 imo
593 1665 744 1722 potius
765 1664 1001 1721 impedire,
1026 1677 1131 1707 cum
1154 1678 1384 1708 recessum
1407 1663 1600 1708 concilio
1624 1664 1873 1708 tridentino

232 1742 559 1799 praeiudicare,
585 1749 806 1798 quantum
829 1743 887 1786 ad
908 1742 1143 1799 dogmata,
1168 1756 1260 1786 non
1282 1748 1460 1785 constet
1481 1757 1538 1787 ex
1559 1756 1743 1787 recessu
1765 1742 1872 1786 anni

236 1829 307 1874 55.
333 1820 424 1865 Sed
446 1820 502 1863 de
534 1819 688 1863 futuro
715 1834 898 1864 recessu
927 1819 1102 1863 nullum
1132 1808 1281 1875 potest
1302 1832 1426 1862 nunc
1456 1827 1631 1864 certum
1660 1818 1872 1864 iuditium

233 1895 356 1941 ferri.

903 2026 959 2063 8.·
985 2033 1197 2069 QUAEsrro

320 2129 397 2173 An
419 2128 477 2172 sit
500 2128 623 2172 utilis
644 2130 759 2172 haec
780 2127 1068 2185 protestatio?

316 2207 453 2262 Resp.
502 2205 636 2250 Utilis
653 2220 754 2250 esse
766 2212 935 2262 posset,
955 2204 994 2248 si
1011 2220 1067 2250 ex
1077 2204 1333 2248 necessaria
1350 2219 1489 2249 causa
1501 2204 1704 2262 legitime
1719 2205 1867 2259 fieret,

229 2283 445 2339 nullaque
466 2289 762 2339 suppeterent
778 2282 866 2326 alia
882 2281 1030 2327 media
1045 2281 1271 2339 principes
1288 2282 1535 2326 catholicos
1553 2283 1611 2325 ad
1635 2280 1869 2325 tridentini

231 2359 408 2416 concilij
439 2360 575 2404 fidem
603 2367 649 2404 et
676 2358 1003 2416 professionem
1032 2357 1303 2403 adducendi.
1337 2360 1473 2403 Nunc
1503 2373 1612 2402 uero
1641 2373 1713 2403 res
1742 2358 1788 2401 in
1811 2373 1868 2404 eo

230 2443 352 2480 statu
375 2437 546 2482 uersari
567 2436 762 2490 videtur,
787 2437 930 2480 27:51·
951 2442 1002 2479 ut
1024 2436 1167 2479 multa
1187 2435 1471 2479 incommoda
1499 2442 1544 2479 et
1571 2435 1731 2492 grauia
1747 2434 1868 2492 peri-

231 2514 334 2558 cula
350 2529 406 2559 ex
427 2516 513 2558 hac
534 2513 860 2571 protestatione
882 2522 1221 2568 consequutura
1242 2527 1343 2557 esse
1366 2512 1497 2557 facile
1514 2512 1572 2556 sit
1591 2511 1864 2568 prospicere,

230 2590 440 2635 nimirum
463 2593 521 2636 N.
548 2599 594 2637 et
610 2590 812 2635 omnium
829 2597 1031 2634 statuum
1052 2589 1348 2634 insanabilem
1365 2589 1686 2644 defectionem,
1708 2591 1868 2633 catho-

226 2668 415 2711 licorum
438 2668 776 2725 oppressionem
790 2703 800 2721 ,
825 2674 1111 2724 augustanae
1132 2667 1433 2712 confessionis
1456 2666 1864 2720 confirmationem,

225 2744 439 2798 breuiter,
464 2746 830 2802 germanicarum
851 2744 1147 2788 ecclesiarum
1169 2744 1471 2788 miserabilem
1494 2743 1796 2799 euersionem,
1817 2751 1868 2787 ut

234 2821 403 2878 reliqua
424 2821 711 2867 incommoda
733 2829 1087 2879 praetereamus.

315 2900 383 2942 Ex
405 2899 571 2955 quibus
595 2899 808 2944 omnibus
831 2897 1024 2955 intelligi
1052 2897 1185 2942 facile
1206 2905 1372 2955 potest,
1405 2897 1514 2954 quid
1541 2897 1588 2941 in
1617 2911 1712 2941 rem
1735 2912 1868 2954 prae-

230 2982 422 3028 sentem,
448 2983 546 3019 tum
569 2977 918 3028 consulendum,
952 2982 1047 3018 tum
1070 2974 1420 3020 desiderandum
1449 2982 1495 3018 et
1522 2975 1864 3025 elaborandum,

231 3052 426 3096 maxime
446 3052 673 3096 uideatur.
701 3052 904 3097 Primum
927 3051 1128 3108 quidem,
1152 3067 1210 3097 ne
1231 3054 1289 3097 ad
1311 3052 1469 3096 ultima
1491 3051 1690 3097 remedia
1716 3050 1868 3094 statim
