2228 3548
405 326 473 364 524
928 316 1067 352 EPIST.
1094 315 1139 351 P.
1167 307 1445 362 Nimiam-495

352 420 483 462 riano
508 418 661 475 pochi;
688 417 861 473 perche
879 416 1074 462 essendo
1090 416 1182 460 ben
1199 416 1386 472 probati
1405 430 1495 460 con
1511 417 1834 471 satisfatione,
1855 424 1903 461 et
1919 431 2009 462 con

351 502 481 538 tanta
510 493 786 539 sufficientia
807 501 828 522 ⁸
855 493 900 537 di
929 494 1110 546 lettere,
1142 493 1462 538 hauerebbero
1483 494 1526 538 10
1554 494 1675 551 parti
1702 509 1784 552 per
1802 494 2007 551 'professi

351 573 408 616 de
433 585 457 627 3
480 571 591 614 voti.
621 573 698 615 Ma
721 586 803 627 per
825 584 1104 615 conseruare
1133 569 1166 612 il
1187 571 1334 626 grado
1363 571 1421 614 de
1449 570 1704 618 coadiutori
1725 571 1947 629 semplici‚
1974 571 2005 615 il

353 650 488 704 quale
511 650 570 692 ad
593 648 704 705 ogni
727 649 863 692 modo
886 647 922 692 s'
946 649 1008 691 ha
1030 648 1090 691 da
1116 661 1411 700 conseruare,
1436 661 1687 692 occorreua
1709 656 1887 705 questo:
1915 650 2004 693 che

352 727 550 770 uolendo
573 725 788 771 ordinare
809 725 854 768 la
878 724 1169 782 Compagnia
1190 738 1284 768 non
1305 723 1517 781 professi,
1543 724 1599 768 ne
1621 738 1710 768 con
1727 724 1857 769 titolo
1879 740 1906 769 0
1923 727 2006 770 be-

352 803 527 856 nefitio,
554 802 589 846 s’
620 802 816 860 obligasi
844 802 890 846 di
918 815 1014 845 non
1042 787 1235 844 mandat
1263 801 1339 844 via
1361 801 1529 845 nisuno
1550 801 1596 844 di
1618 801 1768 858 questi
1795 816 1933 848 senza
1951 802 2007 845 li-

354 880 507 924 centia
530 881 604 925 del
626 894 828 924 vescouo
851 880 897 923 di
919 894 1003 923 sua
1020 878 1210 933 diocesi,
1236 892 1264 922 0
1287 878 1332 922 di
1356 879 1509 935 quella
1532 879 1652 922 doue
1681 879 1742 923 ha
1762 878 1956 934 vissuto,
1980 894 2008 924 0

352 959 411 1002 de
429 958 506 1001 chi
522 959 553 1000 l’
573 957 745 1001 hauera
763 957 992 1012 ordinato,
1008 971 1035 1000 0
1052 957 1127 1002 (101
1145 955 1317 1000 nuncio
1334 956 1381 999 di
1401 957 1497 1001 Sua
1515 955 1713 1001 Santita.
1736 957 1794 999 Et
1811 955 2013 1021 tandem,

354 1050 448 1078 non
477 1035 781 1079 conuenendo
818 1033 1027 1079 ritenersi
1066 1034 1251 1086 alcuno,
1292 1032 1440 1090 prima
1462 1032 1500 1077 si
1537 1034 1795 1089 puotrebbe
1826 1033 1937 1077 dare
1958 1035 2009 1078 in

354 1114 598 1156 seruitium
627 1112 976 1155 ecclesiasticum
1014 1111 1060 1154 d'
1085 1110 1116 1153 il
1155 1124 1354 1154 vescouo
1384 1124 1411 1153 0
1448 1111 1493 1153 d’
1534 1110 1651 1153 altra
1687 1123 1898 1166 persona,
1918 1123 2011 1154 non

355 1190 677 1247 sciogliendoli
698 1188 763 1247 gli
780 1189 892 1242 voti,
918 1189 982 1231 fin
1005 1189 1095 1233 che
1117 1187 1264 1244 paresi
1290 1188 1380 1230 alla
1403 1186 1692 1243 Compagnia
1709 1186 1912 1244 puotersi
1928 1201 2011 1244 pa-

355 1267 456 1311 tire.
482 1270 540 1311 Et
557 1268 724 1311 stando
746 1267 859 1319 cosi,
879 1279 972 1308 non
990 1265 1186 1309 sarebbe
1204 1279 1377 1308 ancora
1394 1264 1631 1308 difficolta.
1660 1265 1717 1307 Et
1734 1264 1920 1320 quando
1939 1270 2012 1307 to-

355 1345 573 1390 talmente
594 1346 632 1388 s'
657 1343 818 1387 hauesi
840 1358 866 1386 a
902 1343 1094 1387 liberare
1131 1343 1188 1387 de
1225 1342 1336 1395 voti,
1363 1349 1526 1398 questo
1563 1341 1602 1385 si
1632 1343 1808 1386 facesse
1839 1355 2011 1398 procu-

353 1423 499 1464 rando
522 1423 610 1466 che
633 1422 806 1464 alchun
829 1433 1031 1464 vescouo
1057 1420 1101 1462 lo
1124 1419 1307 1476 pigliasi
1330 1420 1372 1462 al
1395 1433 1479 1463 suo
1503 1419 1675 1473 cariCO,
1701 1426 1747 1464 et
1775 1432 1864 1462 con
1894 1431 2010 1462 con-

353 1498 527 1543 ditione
549 1500 653 1551 che,
679 1498 716 1541 si
739 1497 1007 1550 mendicasi,
1033 1498 1076 1541 la
1099 1496 1390 1554 Compagnia
1407 1498 1578 1540 hauese
1595 1497 1639 1539 13
1658 1495 1906 1541 medesima
1923 1509 2012 1552 po-

355 1576 472 1619 testa
495 1575 541 1618 in
562 1576 627 1619 lui
651 1590 782 1620 come
805 1575 961 1619 auanti
984 1575 1030 1617 di
1060 1573 1209 1619 sciolti
1238 1573 1303 1630 gli
1330 1573 1441 1626 voti,
1474 1581 1520 1619 et
1549 1573 1820 1618 trouandosi
1849 1579 2013 1630 questo

358 1653 622 1697 mendicare
647 1653 685 1706 b,
710 1653 755 1695 10
777 1652 960 1708 pigliasi
982 1652 1029 1695 in
1052 1665 1176 1704 casa,
1197 1657 1243 1694 et
1259 1650 1324 1707 gli
1346 1651 1487 1695 facesi
1506 1651 1603 1694 fare
1625 1657 1643 1679 e
1673 1650 1930 1707 penitenza¹
1946 1649 1966 1677 ‘¹
1985 1663 2013 1693 0

359 1730 464 1774 altri
486 1729 708 1787 seruiggii
730 1737 841 1783 etc.,
863 1743 992 1773 come
1009 1744 1214 1785 paresse.
1237 1730 1295 1772 Et
1317 1735 1480 1785 questo
1503 1730 1593 1773 che
1614 1727 1719 1772 dico
1736 1729 1761 1771 0
1784 1726 2011 1772 facilitate

358 1807 511 1864 quello
534 1808 623 1851 che
645 1806 873 1852 diceuano
896 1814 914 1834 θ
942 1806 973 1849 li
995 1805 1236 1861 cardinali,
1263 1813 1308 1850 et
1331 1812 1554 1849 mostrare
1583 1819 1610 1848 3
1639 1806 1733 1850 Sua
1762 1803 1941 1849 Santita
1968 1804 2011 1848 13

358 1884 529 1929 facilita
550 1898 637 1927 con
659 1885 748 1927 che
771 1885 813 1927 13
835 1883 1126 1940 Compagnia
1144 1875 1329 1927 fai-ebbe
1352 1889 1531 1938 questo.
1557 1882 1789 1926 Almanco
1818 1881 1867 1923 in
1889 1881 2012 1934 Ger-

358 1961 513 2004 mania
537 1961 702 2005 nisuna
724 1960 926 2004 dificolta
947 1962 988 2004 c’
1015 1962 1056 2015 ὲ,
1082 1963 1168 2005 che
1196 1959 1261 2017 gli
1288 1959 1434 2003 nostri
1462 1958 1664 2003 mandati
1695 1958 1770 2001 via
1793 1971 1887 2001 non
1915 1964 2011 2001 tro-

359 2039 470 2082 uino
492 2040 551 2082 (13
577 2038 724 2092 viuer,
750 2039 886 2080 etiam
911 2039 1159 2094 opulentam
1181 2037 1213 2080 il
1241 2038 1331 2080 che
1359 2036 1397 2080 si
1423 2035 1612 2080 doueria
1633 2041 1954 2092 representare
1985 2049 2012 2077 3

361 2117 458 2161 Sua
485 2115 681 2161 Santita.
707 2116 765 2158 Et
792 2114 808 2142 f
843 2117 1025 2170 quando
1048 2129 1142 2158 non
1163 2115 1318 2159 volese
1340 2114 1580 2157 moderare
1601 2114 1646 2156 13
1669 2119 1753 2156 sua
1771 2118 2010 2166 sentenza,

361 2192 400 2236 si
417 2192 735 2237 hauerebbero
757 2191 803 2234 di
827 2192 920 2235 fare
936 2191 1132 2257 professi
1154 2192 1211 2234 de
1236 2204 1260 2246 3
1285 2190 1396 2245 voti,
1419 2204 1508 2233 con
1531 2189 1635 2233 farli
1656 2189 1803 2246 prima
1819 2187 2014 2245 professi
2078 2236 2081 2238 ,

361 2269 576 2323 scholari3
602 2276 648 2312 et
670 2283 855 2325 sperare
878 2269 924 2311 in
946 2269 1035 2312 Dio
1057 2275 1215 2312 nostro
1238 2268 1426 2325 signore
1448 2268 1498 2310 in
1523 2267 1779 2310 humilitate
1800 2265 2010 2308 obedien-

363 2348 467 2390 tiae.
505 2347 638 2390 Altro
661 2359 756 2388 non
778 2359 968 2389 occorre
1008 2359 1089 2402 per
1127 2351 1290 2401 questa
1317 2350 1357 2388 Β.
1398 2344 1631 2387 Dominus
1667 2344 1728 2386 sit
1759 2342 2007 2386 nobiscum.
2071 2349 2075 2353 '

362 2422 482 2467 Nelli
503 2422 624 2466 santi
641 2421 846 2486 saxcrifitii
863 2423 981 2465 della
1002 2424 1053 2465 P.
1076 2423 1134 2466 V.
1155 2422 1296 2464 molto
1314 2421 1351 2465 si
1369 2419 1784 2472 raccomandiamo,
1805 2425 1851 2463 et
1868 2417 2012 2462 simil-

362 2508 514 2544 mente
536 2500 582 2542 in
605 2498 743 2555 quelli
765 2498 871 2543 delli
890 2499 1028 2542 Padri
1044 2497 1293 2551 assistenti,
1313 2498 1387 2542 del
1406 2499 1458 2541 P.
1483 2497 1702 2548 Polanco,
1725 2496 1778 2538 P.
1800 2496 1889 2538 Dr.
1906 2495 2010 2538 Ma-

361 2577 479 2630 drid,
507 2579 560 2620 P.
588 2575 906 2629 Ribadeneira,
933 2583 1022 2618 etc.
1055 2577 1127 2619 Da
1164 2574 1346 2631 Lieggi,
1388 2573 1465 2616 alli
1493 2586 1545 2628 14
1566 2574 1612 2616 d’
1652 2573 1833 2628 Agosto
1877 2571 2005 2625 1567.

364 2655 436 2697 De
460 2656 512 2697 P.
540 2655 597 2697 V.
625 2667 761 2696 seruo
784 2666 843 2696 en
864 2654 978 2706 X.0,

1396 2800 1402 2805 ι
1459 2726 1488 2785 †
1521 2727 1710 2842 NAPFAL.
1747 2724 1776 2782 †

433 2896 455 2917 a
495 2898 515 2924 2
535 2890 657 2924 verba
670 2897 779 2935 seqq.
796 2899 913 2935 supra
927 2899 1030 2923 vers.
1048 2886 1197 2923 addidit
1212 2887 1374 2922 libr.-b
1389 2886 1476 2921 Hoc
1491 2886 1656 2920 verbum
1674 2882 1823 2919 addidit
1840 2882 1929 2918 libr.
1946 2891 2013 2916 su·

361 2958 430 2994 pra
454 2954 627 2983 vers—c
654 2946 840 2994 Sequitur
863 2947 994 2982 buona
1017 2946 1270 2982 obliteratum
1290 2956 1312 2981 a
1336 2943 1499 2981 libr.—d
1513 2951 1533 2988 5
1554 2944 1678 2979 verba
1696 2953 1804 2989 seqq.
1827 2940 1869 2976 in
1887 2949 2015 2984 marg.

362 3006 512 3041 addidit
536 3006 639 3051 libr.,
667 3006 799 3041 deleto
821 3013 944 3041 se.—e
962 3015 983 3040 2
1008 3006 1130 3041 verba
1155 3016 1264 3052 seqq.
1292 3005 1411 3050 supra
1430 3014 1533 3038 vers.
1567 3001 1717 3037 addidit
1747 3000 1851 3047 libr.,
1881 2998 2013 3035 deleto

360 3066 472 3112 degli
503 3065 818 3101 coadiutore.—f
840 3065 927 3100 Hoc
953 3066 1063 3101 verb.
1089 3063 1239 3100 addidit
1265 3063 1355 3099 libr.
1388 3073 1505 3110 supra
1531 3068 1710 3097 vers—3
1729 3058 1917 3106 Sequitur
1939 3055 2015 3092 Nel

361 3121 615 3158 obliteratum
634 3135 656 3158 a
674 3123 763 3159 libr.
