<?xml version="1.0" encoding="UTF-8"?>
<!DOCTYPE html PUBLIC "-//W3C//DTD XHTML 1.0 Transitional//EN"
    "http://www.w3.org/TR/xhtml1/DTD/xhtml1-transitional.dtd">
<html xmlns="http://www.w3.org/1999/xhtml" xml:lang="en" lang="en">
 <head>
  <title>
</title>
<meta http-equiv="Content-Type" content="text/html;charset=utf-8" />
  <meta name='ocr-system' content='tesseract 3.04.00' />
  <meta name='ocr-capabilities' content='ocr_page ocr_carea ocr_par ocr_line ocrx_word'/>
</head>
<body>
  <div class='ocr_page' id='page_1' title='image "./epistolaephieron03nadauoft_0437.png"; bbox 0 0 2228 3548; ppageno 0'>
   <div class='ocr_carea' id='block_1_1' title="bbox 647 0 1206 42">
    <p class='ocr_par' dir='ltr' id='par_1_1' title="bbox 647 0 1206 42">
     <span class='ocr_line' id='line_1_1' title="bbox 647 0 1206 42; baseline 0 3506"><span class='ocrx_word' id='word_1_1' title='bbox 647 0 1206 42; x_wconf 95' lang='lat' dir='ltr'><em> </em></span> 
     </span>
    </p>
   </div>
   <div class='ocr_carea' id='block_1_2' title="bbox 1023 111 1029 137">
    <p class='ocr_par' dir='ltr' id='par_1_2' title="bbox 1023 111 1029 137">
     <span class='ocr_line' id='line_1_2' title="bbox 1023 111 1029 137; baseline 0 0"><span class='ocrx_word' id='word_1_2' title='bbox 1023 111 1029 137; x_wconf 60' lang='lat'>5</span> 
     </span>
    </p>
   </div>
   <div class='ocr_carea' id='block_1_3' title="bbox 867 281 1853 329">
    <p class='ocr_par' dir='ltr' id='par_1_3' title="bbox 867 281 1853 329">
     <span class='ocr_line' id='line_1_3' title="bbox 867 281 1853 329; baseline 0 -12"><span class='ocrx_word' id='word_1_3' title='bbox 867 281 914 317; x_wconf 83' lang='lat'><em>26</em></span> <span class='ocrx_word' id='word_1_4' title='bbox 939 281 1172 318; x_wconf 65' lang='lat' dir='ltr'><em>Fannium</em></span> <span class='ocrx_word' id='word_1_5' title='bbox 1200 281 1291 327; x_wconf 86' lang='lat'>1567</span> <span class='ocrx_word' id='word_1_6' title='bbox 1782 281 1853 329; x_wconf 91' lang='lat'><em>399</em></span> 
     </span>
    </p>
   </div>
   <div class='ocr_carea' id='block_1_4' title="bbox 249 383 1907 529">
    <p class='ocr_par' dir='ltr' id='par_1_4' title="bbox 249 383 1907 529">
     <span class='ocr_line' id='line_1_4' title="bbox 263 383 1907 440; baseline 0 -12"><span class='ocrx_word' id='word_1_7' title='bbox 263 384 511 429; x_wconf 81' lang='lat' dir='ltr'><em>nobiscum.</em></span> <span class='ocrx_word' id='word_1_8' title='bbox 551 383 651 427; x_wconf 91' lang='lat' dir='ltr'><em>Ora</em></span> <span class='ocrx_word' id='word_1_9' title='bbox 674 388 764 440; x_wconf 80' lang='lat' dir='ltr'><em>pro</em></span> <span class='ocrx_word' id='word_1_10' title='bbox 794 397 879 436; x_wconf 90' lang='lat' dir='ltr'><em>me,</em></span> <span class='ocrx_word' id='word_1_11' title='bbox 909 383 1069 427; x_wconf 88' lang='lat' dir='ltr'><em>Pater.</em></span> <span class='ocrx_word' id='word_1_12' title='bbox 1101 383 1173 426; x_wconf 91' lang='lat' dir='ltr'><em>Da</em></span> <span class='ocrx_word' id='word_1_13' title='bbox 1205 383 1414 438; x_wconf 85' lang='lat' dir='ltr'><em>Colonia,</em></span> <span class='ocrx_word' id='word_1_14' title='bbox 1445 383 1521 427; x_wconf 88' lang='lat' dir='ltr'><em>alli</em></span> <span class='ocrx_word' id='word_1_15' title='bbox 1548 395 1607 439; x_wconf 88' lang='lat'><em>24</em></span> <span class='ocrx_word' id='word_1_16' title='bbox 1633 383 1680 427; x_wconf 93' lang='lat' dir='ltr'><em>di</em></span> <span class='ocrx_word' id='word_1_17' title='bbox 1706 384 1907 428; x_wconf 89' lang='lat' dir='ltr'><em>Febraro</em></span> 
     </span>
     <span class='ocr_line' id='line_1_5' title="bbox 249 460 1018 529; baseline -0.004 -22"><span class='ocrx_word' id='word_1_18' title='bbox 249 462 402 529; x_wconf 27' lang='grc'><strong>11567.</strong></span> <span class='ocrx_word' id='word_1_19' title='bbox 422 462 482 505; x_wconf 91' lang='lat' dir='ltr'><em>D.</em></span> <span class='ocrx_word' id='word_1_20' title='bbox 509 462 563 505; x_wconf 90' lang='lat' dir='ltr'><em>P.</em></span> <span class='ocrx_word' id='word_1_21' title='bbox 588 461 647 505; x_wconf 93' lang='lat' dir='ltr'><em>V.</em></span> <span class='ocrx_word' id='word_1_22' title='bbox 673 475 810 506; x_wconf 88' lang='lat' dir='ltr'><em>seruo</em></span> <span class='ocrx_word' id='word_1_23' title='bbox 832 475 891 506; x_wconf 87' lang='lat' dir='ltr'><em>en</em></span> <span class='ocrx_word' id='word_1_24' title='bbox 913 460 1018 515; x_wconf 89' lang='lat' dir='ltr'><em>X.⁰,</em></span> 
     </span>
    </p>
   </div>
   <div class='ocr_carea' id='block_1_5' title="bbox 0 0 591 359">
    <p class='ocr_par' dir='ltr' id='par_1_5' title="bbox 0 0 591 359">
     <span class='ocr_line' id='line_1_6' title="bbox 0 0 591 359; baseline 0 3189"><span class='ocrx_word' id='word_1_25' title='bbox 0 0 591 359; x_wconf 95' lang='lat' dir='ltr'><em> </em></span> 
     </span>
    </p>
   </div>
   <div class='ocr_carea' id='block_1_6' title="bbox 1356 543 1670 662">
    <p class='ocr_par' dir='ltr' id='par_1_6' title="bbox 1356 543 1670 662">
     <span class='ocr_line' id='line_1_7' title="bbox 1356 543 1670 662; baseline -0.003 -73"><span class='ocrx_word' id='word_1_26' title='bbox 1356 544 1387 603; x_wconf 80' lang='lat'>†</span> <span class='ocrx_word' id='word_1_27' title='bbox 1415 545 1604 662; x_wconf 49' lang='grc' dir='ltr'>ΝᾚΑι.</span> <span class='ocrx_word' id='word_1_28' title='bbox 1639 543 1670 602; x_wconf 79' lang='lat'>†</span> 
     </span>
    </p>
   </div>
   <div class='ocr_carea' id='block_1_7' title="bbox 266 692 1906 983">
    <p class='ocr_par' dir='ltr' id='par_1_7' title="bbox 266 692 1906 983">
     <span class='ocr_line' id='line_1_8' title="bbox 357 692 1906 755; baseline -0.001 -19"><span class='ocrx_word' id='word_1_29' title='bbox 357 693 601 749; x_wconf 81' lang='lat' dir='ltr'><em>Inscriptio</em></span> <span class='ocrx_word' id='word_1_30' title='bbox 637 694 688 735; x_wconf 85' lang='lat' dir='ltr'><em>in</em></span> <span class='ocrx_word' id='word_1_31' title='bbox 720 696 887 749; x_wconf 82' lang='lat' dir='ltr'><em>quarta</em></span> <span class='ocrx_word' id='word_1_32' title='bbox 913 693 1119 750; x_wconf 82' lang='lat' dir='ltr'><em>pagina:</em></span> <span class='ocrx_word' id='word_1_33' title='bbox 1155 693 1288 755; x_wconf 86' lang='lat' dir='ltr'><em>Jhus.</em></span> <span class='ocrx_word' id='word_1_34' title='bbox 1329 693 1592 737; x_wconf 89' lang='lat' dir='ltr'>Admodum</span> <span class='ocrx_word' id='word_1_35' title='bbox 1620 693 1739 737; x_wconf 90' lang='lat' dir='ltr'><em>Rdo.</em></span> <span class='ocrx_word' id='word_1_36' title='bbox 1778 692 1906 737; x_wconf 80' lang='lat' dir='ltr'><em>Patri</em></span> 
     </span>
     <span class='ocr_line' id='line_1_9' title="bbox 266 769 1905 828; baseline -0.001 -13"><span class='ocrx_word' id='word_1_37' title='bbox 266 779 423 815; x_wconf 89' lang='lat' dir='ltr'><em>nostro</em></span> <span class='ocrx_word' id='word_1_38' title='bbox 443 770 490 814; x_wconf 86' lang='lat' dir='ltr'><em>in</em></span> <span class='ocrx_word' id='word_1_39' title='bbox 511 770 694 815; x_wconf 91' lang='lat' dir='ltr'><em>Christo</em></span> <span class='ocrx_word' id='word_1_40' title='bbox 717 771 752 813; x_wconf 93' lang='lat' dir='ltr'>F</span> <span class='ocrx_word' id='word_1_41' title='bbox 755 769 959 814; x_wconf 87' lang='lat' dir='ltr'><em>rancisco</em></span> <span class='ocrx_word' id='word_1_42' title='bbox 980 785 1007 813; x_wconf 86' lang='lat' dir='ltr'><em>a</em></span> <span class='ocrx_word' id='word_1_43' title='bbox 1029 769 1214 827; x_wconf 88' lang='lat' dir='ltr'><em>Borgia,</em></span> <span class='ocrx_word' id='word_1_44' title='bbox 1245 769 1486 815; x_wconf 86' lang='lat' dir='ltr'><em>Societatis</em></span> <span class='ocrx_word' id='word_1_45' title='bbox 1507 771 1619 828; x_wconf 89' lang='lat' dir='ltr'><em>Jesu</em></span> <span class='ocrx_word' id='word_1_46' title='bbox 1639 769 1905 827; x_wconf 77' lang='lat' dir='ltr'><em>‘praeposito</em></span> 
     </span>
     <span class='ocr_line' id='line_1_10' title="bbox 267 839 1904 906; baseline 0 -14"><span class='ocrx_word' id='word_1_47' title='bbox 267 847 487 906; x_wconf 87' lang='lat' dir='ltr'><em>generali,</em></span> <span class='ocrx_word' id='word_1_48' title='bbox 512 854 599 893; x_wconf 91' lang='lat' dir='ltr'><em>etc.</em></span> <span class='ocrx_word' id='word_1_49' title='bbox 627 848 811 891; x_wconf 87' lang='lat' dir='ltr'><em>Romae.</em></span> <span class='ocrx_word' id='word_1_50' title='bbox 841 839 956 890; x_wconf 75' lang='lat' dir='ltr'><em>Alia&#39;</em></span> <span class='ocrx_word' id='word_1_51' title='bbox 970 861 1130 890; x_wconf 87' lang='lat' dir='ltr'><em>manu:</em></span> <span class='ocrx_word' id='word_1_52' title='bbox 1150 862 1195 903; x_wconf 90' lang='lat' dir='ltr'><em>p.</em></span> <span class='ocrx_word' id='word_1_53' title='bbox 1227 862 1268 892; x_wconf 90' lang='lat' dir='ltr'><em>e.</em></span> <span class='ocrx_word' id='word_1_54' title='bbox 1295 861 1357 890; x_wconf 93' lang='lat' dir='ltr'><em>m.</em></span> <span class='ocrx_word' id='word_1_55' title='bbox 1397 846 1427 905; x_wconf 89' lang='lat'>†</span> <span class='ocrx_word' id='word_1_56' title='bbox 1455 848 1510 891; x_wconf 90' lang='lat' dir='ltr'><em>C.</em></span> <span class='ocrx_word' id='word_1_57' title='bbox 1542 847 1669 902; x_wconf 88' lang='lat'>1567.</span> <span class='ocrx_word' id='word_1_58' title='bbox 1691 847 1904 892; x_wconf 87' lang='lat' dir='ltr'><em>Colonia.</em></span> 
     </span>
     <span class='ocr_line' id='line_1_11' title="bbox 270 925 1312 983; baseline -0.001 -13"><span class='ocrx_word' id='word_1_59' title='bbox 270 926 323 970; x_wconf 92' lang='lat' dir='ltr'><em>P.</em></span> <span class='ocrx_word' id='word_1_60' title='bbox 350 926 501 970; x_wconf 89' lang='lat' dir='ltr'><em>Natal.</em></span> <span class='ocrx_word' id='word_1_61' title='bbox 529 937 586 980; x_wconf 90' lang='lat'><em>24</em></span> <span class='ocrx_word' id='word_1_62' title='bbox 607 926 651 969; x_wconf 89' lang='lat' dir='ltr'><em>di</em></span> <span class='ocrx_word' id='word_1_63' title='bbox 675 927 710 969; x_wconf 94' lang='lat' dir='ltr'>F</span> <span class='ocrx_word' id='word_1_64' title='bbox 712 926 835 970; x_wconf 87' lang='lat' dir='ltr'><em>ebr.⁰</em></span> <span class='ocrx_word' id='word_1_65' title='bbox 873 925 1125 982; x_wconf 81' lang='lat' dir='ltr'><em>Vestigium</em></span> <span class='ocrx_word' id='word_1_66' title='bbox 1147 926 1312 983; x_wconf 82' lang='lat' dir='ltr'><em>sigilli.</em></span> 
     </span>
    </p>
   </div>
   <div class='ocr_carea' id='block_1_8' title="bbox 602 1036 1581 1238">
    <p class='ocr_par' dir='ltr' id='par_1_8' title="bbox 602 1036 1581 1238">
     <span class='ocr_line' id='line_1_12' title="bbox 1030 1036 1149 1078; baseline 0 -1"><span class='ocrx_word' id='word_1_67' title='bbox 1030 1036 1149 1078; x_wconf 63' lang='lat'><em>⁴182</em></span> 
     </span>
     <span class='ocr_line' id='line_1_13' title="bbox 736 1118 1443 1167; baseline -0.003 -9"><span class='ocrx_word' id='word_1_68' title='bbox 736 1121 779 1158; x_wconf 88' lang='lat' dir='ltr'><em>S.</em></span> <span class='ocrx_word' id='word_1_69' title='bbox 813 1119 1144 1158; x_wconf 82' lang='lat' dir='ltr'>FRANCISCUS</span> <span class='ocrx_word' id='word_1_70' title='bbox 1177 1121 1247 1157; x_wconf 87' lang='lat' dir='ltr'><em>DE</em></span> <span class='ocrx_word' id='word_1_71' title='bbox 1273 1118 1443 1167; x_wconf 85' lang='lat' dir='ltr'>BORJA</span> 
     </span>
     <span class='ocr_line' id='line_1_14' title="bbox 602 1192 1581 1238; baseline -0.002 0"><span class='ocrx_word' id='word_1_72' title='bbox 602 1193 815 1238; x_wconf 88' lang='lat' dir='ltr'><strong>PATRI</strong></span> <span class='ocrx_word' id='word_1_73' title='bbox 858 1192 1288 1237; x_wconf 90' lang='lat' dir='ltr'>HIERONYMO</span> <span class='ocrx_word' id='word_1_74' title='bbox 1330 1192 1581 1236; x_wconf 88' lang='lat' dir='ltr'>NADAL</span> 
     </span>
    </p>
   </div>
   <div class='ocr_carea' id='block_1_9' title="bbox 769 1268 1405 1315">
    <p class='ocr_par' dir='ltr' id='par_1_9' title="bbox 769 1268 1405 1315">
     <span class='ocr_line' id='line_1_15' title="bbox 769 1268 1405 1315; baseline 0 -9"><span class='ocrx_word' id='word_1_75' title='bbox 769 1277 931 1315; x_wconf 69' lang='lat' dir='ltr'><em>Roma,</em></span> <span class='ocrx_word' id='word_1_76' title='bbox 948 1268 995 1304; x_wconf 85' lang='lat'><em>26</em></span> <span class='ocrx_word' id='word_1_77' title='bbox 1018 1276 1246 1306; x_wconf 66' lang='lat' dir='ltr'><em>nmmum</em></span> <span class='ocrx_word' id='word_1_78' title='bbox 1272 1268 1362 1314; x_wconf 81' lang='lat'>1567</span> <span class='ocrx_word' id='word_1_79' title='bbox 1379 1271 1405 1306; x_wconf 85' lang='lat'><em>¹.</em></span> 
     </span>
    </p>
   </div>
   <div class='ocr_carea' id='block_1_10' title="bbox 271 1333 1913 1971">
    <p class='ocr_par' dir='ltr' id='par_1_10' title="bbox 271 1333 1913 1971">
     <span class='ocr_line' id='line_1_16' title="bbox 271 1333 1910 1382; baseline 0.001 -11"><span class='ocrx_word' id='word_1_80' title='bbox 271 1345 310 1373; x_wconf 85' lang='grc' dir='ltr'><em>ι.</em></span> <span class='ocrx_word' id='word_1_81' title='bbox 346 1335 408 1372; x_wconf 89' lang='lat' dir='ltr'><em>De</em></span> <span class='ocrx_word' id='word_1_82' title='bbox 436 1338 643 1372; x_wconf 86' lang='lat' dir='ltr'><em>contractu</em></span> <span class='ocrx_word' id='word_1_83' title='bbox 664 1333 931 1382; x_wconf 78' lang='lat' dir='ltr'><em>fundationis</em></span> <span class='ocrx_word' id='word_1_84' title='bbox 957 1333 1152 1381; x_wconf 77' lang='lat' dir='ltr'><em>spirensis</em></span> <span class='ocrx_word' id='word_1_85' title='bbox 1179 1333 1445 1381; x_wconf 80' lang='lat' dir='ltr'><em>collegii.-2.</em></span> <span class='ocrx_word' id='word_1_86' title='bbox 1479 1333 1542 1371; x_wconf 81' lang='lat' dir='ltr'><em>De</em></span> <span class='ocrx_word' id='word_1_87' title='bbox 1569 1334 1708 1370; x_wconf 82' lang='lat' dir='ltr'><em>habitu</em></span> <span class='ocrx_word' id='word_1_88' title='bbox 1738 1347 1764 1370; x_wconf 92' lang='lat' dir='ltr'><em>a</em></span> <span class='ocrx_word' id='word_1_89' title='bbox 1793 1336 1910 1372; x_wconf 89' lang='lat' dir='ltr'><em>sociis</em></span> 
     </span>
     <span class='ocr_line' id='line_1_17' title="bbox 319 1393 1908 1442; baseline -0.001 -11"><span class='ocrx_word' id='word_1_90' title='bbox 319 1395 660 1442; x_wconf 63' lang='lat' dir='ltr'><em>usurpanda—3.</em></span> <span class='ocrx_word' id='word_1_91' title='bbox 700 1393 895 1442; x_wconf 82' lang='lat' dir='ltr'><em>operarii</em></span> <span class='ocrx_word' id='word_1_92' title='bbox 918 1396 997 1441; x_wconf 75' lang='lat' dir='ltr'><em>pro</em></span> <span class='ocrx_word' id='word_1_93' title='bbox 1025 1393 1204 1441; x_wconf 82' lang='lat' dir='ltr'><em>collegiis</em></span> <span class='ocrx_word' id='word_1_94' title='bbox 1227 1393 1474 1441; x_wconf 76' lang='lat' dir='ltr'><em>providendi</em></span> <span class='ocrx_word' id='word_1_95' title='bbox 1482 1403 1590 1438; x_wconf 86' lang='lat'><em>.—4.</em></span> <span class='ocrx_word' id='word_1_96' title='bbox 1627 1393 1688 1430; x_wconf 85' lang='lat' dir='ltr'><em>De</em></span> <span class='ocrx_word' id='word_1_97' title='bbox 1717 1395 1834 1431; x_wconf 85' lang='lat' dir='ltr'><em>sociis</em></span> <span class='ocrx_word' id='word_1_98' title='bbox 1864 1396 1908 1430; x_wconf 89' lang='lat' dir='ltr'><em>in</em></span> 
     </span>
     <span class='ocr_line' id='line_1_18' title="bbox 320 1451 1910 1501; baseline 0 -11"><span class='ocrx_word' id='word_1_99' title='bbox 320 1454 498 1490; x_wconf 85' lang='lat' dir='ltr'><em>Frisiam</em></span> <span class='ocrx_word' id='word_1_100' title='bbox 516 1454 662 1489; x_wconf 87' lang='lat' dir='ltr'><em>missis:</em></span> <span class='ocrx_word' id='word_1_101' title='bbox 680 1454 727 1490; x_wconf 87' lang='lat' dir='ltr'><em>de</em></span> <span class='ocrx_word' id='word_1_102' title='bbox 745 1452 847 1489; x_wconf 86' lang='lat' dir='ltr'><em>libro</em></span> <span class='ocrx_word' id='word_1_103' title='bbox 868 1451 1104 1489; x_wconf 80' lang='lat' dir='ltr'><em>Chemnitii:</em></span> <span class='ocrx_word' id='word_1_104' title='bbox 1122 1453 1170 1489; x_wconf 85' lang='lat' dir='ltr'><em>de</em></span> <span class='ocrx_word' id='word_1_105' title='bbox 1187 1452 1354 1500; x_wconf 88' lang='lat' dir='ltr'><em>collegio</em></span> <span class='ocrx_word' id='word_1_106' title='bbox 1365 1452 1645 1500; x_wconf 77' lang='lat' dir='ltr'><em>herbipolensi:</em></span> <span class='ocrx_word' id='word_1_107' title='bbox 1659 1454 1811 1501; x_wconf 76' lang='lat' dir='ltr'><em>scripta</em></span> <span class='ocrx_word' id='word_1_108' title='bbox 1828 1454 1910 1490; x_wconf 91' lang='lat' dir='ltr'><em>Na-</em></span> 
     </span>
     <span class='ocr_line' id='line_1_19' title="bbox 317 1506 1906 1561; baseline 0.001 -13"><span class='ocrx_word' id='word_1_109' title='bbox 317 1513 413 1550; x_wconf 86' lang='lat' dir='ltr'><em>talis</em></span> <span class='ocrx_word' id='word_1_110' title='bbox 429 1506 814 1561; x_wconf 68' lang='lat' dir='ltr'><em>recepta:&#39;absolutio</em></span> <span class='ocrx_word' id='word_1_111' title='bbox 832 1511 1085 1559; x_wconf 78' lang='lat' dir='ltr'><em>relapsurum</em></span> <span class='ocrx_word' id='word_1_112' title='bbox 1102 1513 1147 1548; x_wconf 89' lang='lat' dir='ltr'><em>in</em></span> <span class='ocrx_word' id='word_1_113' title='bbox 1164 1512 1381 1548; x_wconf 85' lang='lat' dir='ltr'><em>haeresim.</em></span> <span class='ocrx_word' id='word_1_114' title='bbox 1394 1531 1428 1537; x_wconf 88' lang='lat'>—</span> <span class='ocrx_word' id='word_1_115' title='bbox 1435 1521 1477 1556; x_wconf 88' lang='lat'><em>5.</em></span> <span class='ocrx_word' id='word_1_116' title='bbox 1501 1512 1753 1548; x_wconf 84' lang='lat' dir='ltr'><em>Procurator</em></span> <span class='ocrx_word' id='word_1_117' title='bbox 1771 1513 1906 1549; x_wconf 85' lang='lat' dir='ltr'><em>Dilin-</em></span> 
     </span>
     <span class='ocr_line' id='line_1_20' title="bbox 312 1570 1908 1621; baseline 0 -12"><span class='ocrx_word' id='word_1_118' title='bbox 312 1584 393 1621; x_wconf 89' lang='lat' dir='ltr'><em>gae</em></span> <span class='ocrx_word' id='word_1_119' title='bbox 410 1573 647 1609; x_wconf 85' lang='lat' dir='ltr'><em>constitutus</em></span> <span class='ocrx_word' id='word_1_120' title='bbox 659 1572 873 1619; x_wconf 83' lang='lat' dir='ltr'><em>probatur:</em></span> <span class='ocrx_word' id='word_1_121' title='bbox 896 1572 944 1608; x_wconf 82' lang='lat' dir='ltr'><em>de</em></span> <span class='ocrx_word' id='word_1_122' title='bbox 964 1572 1217 1619; x_wconf 78' lang='lat' dir='ltr'><em>promotione</em></span> <span class='ocrx_word' id='word_1_123' title='bbox 1239 1571 1434 1619; x_wconf 85' lang='lat' dir='ltr'><em>magistri</em></span> <span class='ocrx_word' id='word_1_124' title='bbox 1459 1570 1630 1620; x_wconf 88' lang='lat' dir='ltr'><em>Georgii</em></span> <span class='ocrx_word' id='word_1_125' title='bbox 1651 1575 1689 1608; x_wconf 90' lang='lat' dir='ltr'><em>et</em></span> <span class='ocrx_word' id='word_1_126' title='bbox 1712 1573 1908 1609; x_wconf 88' lang='lat' dir='ltr'><em>aliorum:</em></span> 
     </span>
     <span class='ocr_line' id='line_1_21' title="bbox 315 1630 1908 1680; baseline 0.001 -12"><span class='ocrx_word' id='word_1_127' title='bbox 315 1633 397 1668; x_wconf 81' lang='lat' dir='ltr'><em>duo</em></span> <span class='ocrx_word' id='word_1_128' title='bbox 413 1632 505 1668; x_wconf 86' lang='lat' dir='ltr'><em>boni</em></span> <span class='ocrx_word' id='word_1_129' title='bbox 526 1632 709 1680; x_wconf 77' lang='lat' dir='ltr'><em>ope-rarii</em></span> <span class='ocrx_word' id='word_1_130' title='bbox 742 1631 1013 1668; x_wconf 85' lang='lat' dir='ltr'><em>Vindobonam</em></span> <span class='ocrx_word' id='word_1_131' title='bbox 1035 1631 1165 1666; x_wconf 86' lang='lat' dir='ltr'><em>missi:</em></span> <span class='ocrx_word' id='word_1_132' title='bbox 1188 1631 1236 1666; x_wconf 87' lang='lat' dir='ltr'><em>de</em></span> <span class='ocrx_word' id='word_1_133' title='bbox 1260 1631 1384 1667; x_wconf 88' lang='lat' dir='ltr'><em>Petro</em></span> <span class='ocrx_word' id='word_1_134' title='bbox 1407 1630 1625 1667; x_wconf 58' lang='lat' dir='ltr'><em>Phae-6.</em></span> <span class='ocrx_word' id='word_1_135' title='bbox 1660 1631 1717 1667; x_wconf 87' lang='lat' dir='ltr'><em>De</em></span> <span class='ocrx_word' id='word_1_136' title='bbox 1740 1633 1908 1680; x_wconf 87' lang='lat' dir='ltr'><em>collegio</em></span> 
     </span>
     <span class='ocr_line' id='line_1_22' title="bbox 326 1687 1909 1737; baseline 0.001 -10"><span class='ocrx_word' id='word_1_137' title='bbox 326 1691 540 1728; x_wconf 84' lang='lat' dir='ltr'><em>Trebonae:</em></span> <span class='ocrx_word' id='word_1_138' title='bbox 557 1691 605 1734; x_wconf 79' lang='lat' dir='ltr'><em>de</em></span> <span class='ocrx_word' id='word_1_139' title='bbox 622 1690 828 1726; x_wconf 86' lang='lat' dir='ltr'><em>mittendis</em></span> <span class='ocrx_word' id='word_1_140' title='bbox 846 1689 1016 1725; x_wconf 88' lang='lat' dir='ltr'><em>Romam</em></span> <span class='ocrx_word' id='word_1_141' title='bbox 1034 1701 1081 1726; x_wconf 82' lang='lat' dir='ltr'><em>ex</em></span> <span class='ocrx_word' id='word_1_142' title='bbox 1098 1688 1340 1724; x_wconf 85' lang='lat' dir='ltr'><em>Germania:</em></span> <span class='ocrx_word' id='word_1_143' title='bbox 1349 1687 1534 1736; x_wconf 83' lang='lat' dir='ltr'><em>facultas</em></span> <span class='ocrx_word' id='word_1_144' title='bbox 1542 1689 1682 1737; x_wconf 81' lang='lat' dir='ltr'><em>plures</em></span> <span class='ocrx_word' id='word_1_145' title='bbox 1697 1692 1909 1728; x_wconf 88' lang='lat' dir='ltr'><em>canonica-</em></span> 
     </span>
     <span class='ocr_line' id='line_1_23' title="bbox 321 1746 1908 1798; baseline 0.001 -12"><span class='ocrx_word' id='word_1_146' title='bbox 321 1753 385 1786; x_wconf 86' lang='lat' dir='ltr'><em>tus</em></span> <span class='ocrx_word' id='word_1_147' title='bbox 397 1750 628 1798; x_wconf 76' lang='lat' dir='ltr'><em>possidendi</em></span> <span class='ocrx_word' id='word_1_148' title='bbox 645 1762 670 1785; x_wconf 91' lang='lat' dir='ltr'><em>a</em></span> <span class='ocrx_word' id='word_1_149' title='bbox 684 1748 873 1797; x_wconf 81' lang='lat' dir='ltr'><em>pontifice</em></span> <span class='ocrx_word' id='word_1_150' title='bbox 886 1751 964 1796; x_wconf 76' lang='lat' dir='ltr'><em>pro</em></span> <span class='ocrx_word' id='word_1_151' title='bbox 981 1747 1249 1784; x_wconf 83' lang='lat' dir='ltr'><em>sacerdotibus</em></span> <span class='ocrx_word' id='word_1_152' title='bbox 1274 1746 1521 1785; x_wconf 84' lang='lat' dir='ltr'><em>Germaniae</em></span> <span class='ocrx_word' id='word_1_153' title='bbox 1539 1749 1764 1796; x_wconf 76' lang='lat' dir='ltr'><em>postulata:</em></span> <span class='ocrx_word' id='word_1_154' title='bbox 1780 1751 1828 1787; x_wconf 83' lang='lat' dir='ltr'><em>de</em></span> <span class='ocrx_word' id='word_1_155' title='bbox 1844 1762 1908 1788; x_wconf 92' lang='lat' dir='ltr'><em>ac·</em></span> 
     </span>
     <span class='ocr_line' id='line_1_24' title="bbox 322 1806 1910 1857; baseline 0.001 -12"><span class='ocrx_word' id='word_1_156' title='bbox 322 1810 426 1846; x_wconf 79' lang='lat' dir='ltr'><em>tibus</em></span> <span class='ocrx_word' id='word_1_157' title='bbox 454 1810 815 1857; x_wconf 87' lang='lat' dir='ltr'><em>congregationum</em></span> <span class='ocrx_word' id='word_1_158' title='bbox 844 1815 927 1844; x_wconf 68' lang='lat' dir='ltr'><em>Lae</em></span> <span class='ocrx_word' id='word_1_159' title='bbox 952 1810 990 1844; x_wconf 90' lang='lat' dir='ltr'><em>et</em></span> <span class='ocrx_word' id='word_1_160' title='bbox 1018 1814 1102 1843; x_wconf 68' lang='lat'><em>2⁰⁶</em></span> <span class='ocrx_word' id='word_1_161' title='bbox 1129 1806 1272 1843; x_wconf 88' lang='lat' dir='ltr'><em>Natali</em></span> <span class='ocrx_word' id='word_1_162' title='bbox 1296 1807 1606 1854; x_wconf 84' lang='lat' dir='ltr'><em>mittendis.—7.</em></span> <span class='ocrx_word' id='word_1_163' title='bbox 1638 1808 1910 1846; x_wconf 84' lang='lat' dir='ltr'><em>Ribadeneira</em></span> 
     </span>
     <span class='ocr_line' id='line_1_25' title="bbox 320 1866 1913 1916; baseline 0.001 -11"><span class='ocrx_word' id='word_1_164' title='bbox 320 1869 451 1905; x_wconf 84' lang='lat' dir='ltr'><em>sancti</em></span> <span class='ocrx_word' id='word_1_165' title='bbox 479 1868 635 1916; x_wconf 87' lang='lat' dir='ltr'><em>Ignatii</em></span> <span class='ocrx_word' id='word_1_166' title='bbox 658 1868 870 1904; x_wconf 87' lang='lat' dir='ltr'><em>historiam</em></span> <span class='ocrx_word' id='word_1_167' title='bbox 893 1868 1087 1903; x_wconf 83' lang='lat' dir='ltr'><em>adornat.</em></span> <span class='ocrx_word' id='word_1_168' title='bbox 1118 1866 1213 1902; x_wconf 88' lang='lat' dir='ltr'><em>Post</em></span> <span class='ocrx_word' id='word_1_169' title='bbox 1228 1866 1424 1914; x_wconf 82' lang='lat' dir='ltr'><em>scriptum</em></span> <span class='ocrx_word' id='word_1_170' title='bbox 1441 1867 1489 1903; x_wconf 85' lang='lat' dir='ltr'><em>de</em></span> <span class='ocrx_word' id='word_1_171' title='bbox 1514 1867 1568 1903; x_wconf 93' lang='lat' dir='ltr'><em>P.</em></span> <span class='ocrx_word' id='word_1_172' title='bbox 1598 1867 1812 1905; x_wconf 85' lang='lat' dir='ltr'><em>Francisco</em></span> <span class='ocrx_word' id='word_1_173' title='bbox 1829 1870 1913 1906; x_wconf 89' lang='lat' dir='ltr'><em>An-</em></span> 
     </span>
     <span class='ocr_line' id='line_1_26' title="bbox 326 1929 542 1971; baseline 0 -7"><span class='ocrx_word' id='word_1_174' title='bbox 326 1929 450 1971; x_wconf 86' lang='lat' dir='ltr'><em>tonio,</em></span> <span class='ocrx_word' id='word_1_175' title='bbox 468 1931 542 1965; x_wconf 92' lang='lat' dir='ltr'><em>etc.</em></span> 
     </span>
    </p>
   </div>
   <div class='ocr_carea' id='block_1_11' title="bbox 276 2003 1917 2830">
    <p class='ocr_par' dir='ltr' id='par_1_11' title="bbox 276 2003 1917 2830">
     <span class='ocr_line' id='line_1_27' title="bbox 374 2003 1917 2064; baseline -0.001 -15"><span class='ocrx_word' id='word_1_176' title='bbox 374 2019 411 2050; x_wconf 94' lang='lat'><em>1.</em></span> <span class='ocrx_word' id='word_1_177' title='bbox 470 2007 602 2064; x_wconf 87' lang='lat' dir='ltr'><em>Jhus.</em></span> <span class='ocrx_word' id='word_1_178' title='bbox 628 2006 770 2050; x_wconf 90' lang='lat' dir='ltr'><em>Molto</em></span> <span class='ocrx_word' id='word_1_179' title='bbox 792 2005 907 2049; x_wconf 91' lang='lat' dir='ltr'><em>Rdo.</em></span> <span class='ocrx_word' id='word_1_180' title='bbox 932 2005 978 2047; x_wconf 91' lang='lat' dir='ltr'><em>in</em></span> <span class='ocrx_word' id='word_1_181' title='bbox 1000 2005 1118 2061; x_wconf 89' lang='lat' dir='ltr'><em>Xpo.</em></span> <span class='ocrx_word' id='word_1_182' title='bbox 1142 2003 1302 2048; x_wconf 86' lang='lat' dir='ltr'><em>Padre.</em></span> <span class='ocrx_word' id='word_1_183' title='bbox 1322 2003 1540 2060; x_wconf 87' lang='lat' dir='ltr'><em>PaxXpi.</em></span> <span class='ocrx_word' id='word_1_184' title='bbox 1565 2011 1653 2048; x_wconf 92' lang='lat' dir='ltr'><em>etc.</em></span> <span class='ocrx_word' id='word_1_185' title='bbox 1676 2006 1728 2049; x_wconf 89' lang='lat' dir='ltr'><em>L&#39;</em></span> <span class='ocrx_word' id='word_1_186' title='bbox 1753 2006 1917 2052; x_wconf 85' lang='lat' dir='ltr'><em>ultime.</em></span> 
     </span>
     <span class='ocr_line' id='line_1_28' title="bbox 276 2080 1911 2139; baseline 0 -12"><span class='ocrx_word' id='word_1_187' title='bbox 276 2083 325 2127; x_wconf 92' lang='lat' dir='ltr'><em>di</em></span> <span class='ocrx_word' id='word_1_188' title='bbox 346 2085 404 2128; x_wconf 90' lang='lat' dir='ltr'><em>V.</em></span> <span class='ocrx_word' id='word_1_189' title='bbox 430 2085 485 2127; x_wconf 92' lang='lat' dir='ltr'><em>R.</em></span> <span class='ocrx_word' id='word_1_190' title='bbox 510 2097 623 2126; x_wconf 88' lang='lat' dir='ltr'><em>sono</em></span> <span class='ocrx_word' id='word_1_191' title='bbox 645 2081 690 2126; x_wconf 93' lang='lat' dir='ltr'><em>di</em></span> <span class='ocrx_word' id='word_1_192' title='bbox 719 2095 768 2126; x_wconf 86' lang='lat'><em>12</em></span> <span class='ocrx_word' id='word_1_193' title='bbox 791 2089 837 2127; x_wconf 92' lang='lat' dir='ltr'><em>et</em></span> <span class='ocrx_word' id='word_1_194' title='bbox 865 2082 917 2126; x_wconf 84' lang='lat'><em>16</em></span> <span class='ocrx_word' id='word_1_195' title='bbox 943 2080 990 2124; x_wconf 89' lang='lat' dir='ltr'><em>di</em></span> <span class='ocrx_word' id='word_1_196' title='bbox 1019 2081 1296 2134; x_wconf 87' lang='lat' dir='ltr'><em>Decembre,</em></span> <span class='ocrx_word' id='word_1_197' title='bbox 1319 2080 1406 2126; x_wconf 87' lang='lat' dir='ltr'><em>alle</em></span> <span class='ocrx_word' id='word_1_198' title='bbox 1437 2080 1558 2137; x_wconf 88' lang='lat' dir='ltr'><em>quali</em></span> <span class='ocrx_word' id='word_1_199' title='bbox 1591 2082 1686 2125; x_wconf 81' lang='lat' dir='ltr'><em>faro</em></span> <span class='ocrx_word' id='word_1_200' title='bbox 1717 2082 1911 2139; x_wconf 85' lang='lat' dir='ltr'><em>risposta</em></span> 
     </span>
     <span class='ocr_line' id='line_1_29' title="bbox 279 2156 1908 2218; baseline 0 -14"><span class='ocrx_word' id='word_1_201' title='bbox 279 2175 358 2218; x_wconf 90' lang='lat' dir='ltr'><em>per</em></span> <span class='ocrx_word' id='word_1_202' title='bbox 379 2161 422 2204; x_wconf 87' lang='lat' dir='ltr'><em>la</em></span> <span class='ocrx_word' id='word_1_203' title='bbox 442 2167 668 2218; x_wconf 81' lang='lat' dir='ltr'><em>presente.</em></span> <span class='ocrx_word' id='word_1_204' title='bbox 694 2160 878 2202; x_wconf 90' lang='lat' dir='ltr'><em>Intorno</em></span> <span class='ocrx_word' id='word_1_205' title='bbox 899 2159 941 2202; x_wconf 88' lang='lat' dir='ltr'><em>al</em></span> <span class='ocrx_word' id='word_1_206' title='bbox 965 2156 1155 2215; x_wconf 85' lang='lat' dir='ltr'><em>negocio</em></span> <span class='ocrx_word' id='word_1_207' title='bbox 1176 2157 1233 2201; x_wconf 83' lang='lat' dir='ltr'><em>de</em></span> <span class='ocrx_word' id='word_1_208' title='bbox 1253 2157 1297 2201; x_wconf 90' lang='lat' dir='ltr'><em>la</em></span> <span class='ocrx_word' id='word_1_209' title='bbox 1318 2157 1602 2211; x_wconf 86' lang='lat' dir='ltr'><em>fundatione,</em></span> <span class='ocrx_word' id='word_1_210' title='bbox 1627 2173 1718 2202; x_wconf 92' lang='lat' dir='ltr'><em>non</em></span> <span class='ocrx_word' id='word_1_211' title='bbox 1746 2159 1908 2215; x_wconf 90' lang='lat' dir='ltr'><em>paiono</em></span> 
     </span>
     <span class='ocr_line' id='line_1_30' title="bbox 276 2233 1911 2292; baseline -0.002 -11"><span class='ocrx_word' id='word_1_212' title='bbox 276 2236 571 2282; x_wconf 87' lang='lat' dir='ltr'><em>conuenienti</em></span> <span class='ocrx_word' id='word_1_213' title='bbox 591 2237 633 2280; x_wconf 91' lang='lat' dir='ltr'><em>le</em></span> <span class='ocrx_word' id='word_1_214' title='bbox 655 2234 902 2279; x_wconf 90' lang='lat' dir='ltr'><em>conditioni</em></span> <span class='ocrx_word' id='word_1_215' title='bbox 923 2236 1008 2280; x_wconf 89' lang='lat' dir='ltr'><em>che</em></span> <span class='ocrx_word' id='word_1_216' title='bbox 1029 2235 1075 2278; x_wconf 91' lang='lat' dir='ltr'><em>in</em></span> <span class='ocrx_word' id='word_1_217' title='bbox 1099 2234 1229 2290; x_wconf 82' lang='lat' dir='ltr'><em>spira</em></span> <span class='ocrx_word' id='word_1_218' title='bbox 1250 2233 1288 2278; x_wconf 89' lang='lat' dir='ltr'><em>si</em></span> <span class='ocrx_word' id='word_1_219' title='bbox 1308 2233 1556 2288; x_wconf 89' lang='lat' dir='ltr'><em>ricercano,</em></span> <span class='ocrx_word' id='word_1_220' title='bbox 1581 2235 1626 2278; x_wconf 93' lang='lat' dir='ltr'><em>di</em></span> <span class='ocrx_word' id='word_1_221' title='bbox 1649 2237 1730 2279; x_wconf 89' lang='lat' dir='ltr'><em>dar</em></span> <span class='ocrx_word' id='word_1_222' title='bbox 1760 2235 1911 2292; x_wconf 89' lang='lat' dir='ltr'><em>predi-</em></span> 
     </span>
     <span class='ocr_line' id='line_1_31' title="bbox 280 2307 1907 2369; baseline -0.001 -11"><span class='ocrx_word' id='word_1_223' title='bbox 280 2321 450 2367; x_wconf 90' lang='lat' dir='ltr'><em>catore,</em></span> <span class='ocrx_word' id='word_1_224' title='bbox 475 2320 521 2358; x_wconf 90' lang='lat' dir='ltr'><em>et</em></span> <span class='ocrx_word' id='word_1_225' title='bbox 543 2315 686 2357; x_wconf 85' lang='lat' dir='ltr'><em>anche</em></span> <span class='ocrx_word' id='word_1_226' title='bbox 707 2312 869 2356; x_wconf 89' lang='lat' dir='ltr'><em>lettion</em></span> <span class='ocrx_word' id='word_1_227' title='bbox 889 2312 935 2355; x_wconf 92' lang='lat' dir='ltr'><em>di</em></span> <span class='ocrx_word' id='word_1_228' title='bbox 956 2311 1201 2369; x_wconf 86' lang='lat' dir='ltr'><em>theologia,</em></span> <span class='ocrx_word' id='word_1_229' title='bbox 1226 2307 1318 2355; x_wconf 83' lang='lat' dir='ltr'><em>non</em></span> <span class='ocrx_word' id='word_1_230' title='bbox 1350 2311 1396 2356; x_wconf 92' lang='lat' dir='ltr'><em>ui</em></span> <span class='ocrx_word' id='word_1_231' title='bbox 1428 2313 1621 2357; x_wconf 87' lang='lat' dir='ltr'><em>essendo</em></span> <span class='ocrx_word' id='word_1_232' title='bbox 1643 2313 1907 2366; x_wconf 65' lang='lat' dir='ltr'><em>vniuersiffi,</em></span> 
     </span>
     <span class='ocr_line' id='line_1_32' title="bbox 282 2386 1910 2448; baseline -0.002 -13"><span class='ocrx_word' id='word_1_233' title='bbox 282 2390 445 2448; x_wconf 71' lang='lat' dir='ltr'><em>perche</em></span> <span class='ocrx_word' id='word_1_234' title='bbox 466 2403 748 2447; x_wconf 87' lang='lat' dir='ltr'><em>repugnano,</em></span> <span class='ocrx_word' id='word_1_235' title='bbox 773 2402 902 2434; x_wconf 90' lang='lat' dir='ltr'><em>come</em></span> <span class='ocrx_word' id='word_1_236' title='bbox 922 2389 980 2432; x_wconf 93' lang='lat' dir='ltr'><em>V.</em></span> <span class='ocrx_word' id='word_1_237' title='bbox 1006 2390 1059 2432; x_wconf 90' lang='lat' dir='ltr'><em>R.</em></span> <span class='ocrx_word' id='word_1_238' title='bbox 1082 2402 1147 2440; x_wconf 90' lang='lat' dir='ltr'><em>sa,</em></span> <span class='ocrx_word' id='word_1_239' title='bbox 1173 2386 1306 2431; x_wconf 79' lang='lat' dir='ltr'><em>simili</em></span> <span class='ocrx_word' id='word_1_240' title='bbox 1332 2387 1505 2446; x_wconf 86' lang='lat' dir='ltr'><em>oblighi</em></span> <span class='ocrx_word' id='word_1_241' title='bbox 1533 2389 1575 2432; x_wconf 89' lang='lat' dir='ltr'><em>al</em></span> <span class='ocrx_word' id='word_1_242' title='bbox 1603 2397 1757 2433; x_wconf 91' lang='lat' dir='ltr'><em>nostro</em></span> <span class='ocrx_word' id='word_1_243' title='bbox 1778 2389 1910 2433; x_wconf 90' lang='lat' dir='ltr'><em>insti-</em></span> 
     </span>
     <span class='ocr_line' id='line_1_33' title="bbox 284 2463 1907 2526; baseline -0.001 -15"><span class='ocrx_word' id='word_1_244' title='bbox 284 2475 398 2521; x_wconf 89' lang='lat' dir='ltr'><em>tuto,</em></span> <span class='ocrx_word' id='word_1_245' title='bbox 422 2482 515 2511; x_wconf 90' lang='lat' dir='ltr'><em>non</em></span> <span class='ocrx_word' id='word_1_246' title='bbox 530 2467 778 2511; x_wconf 88' lang='lat' dir='ltr'><em>solamente</em></span> <span class='ocrx_word' id='word_1_247' title='bbox 793 2464 1078 2523; x_wconf 89' lang='lat' dir='ltr'><em>obligandosi</em></span> <span class='ocrx_word' id='word_1_248' title='bbox 1094 2479 1121 2508; x_wconf 90' lang='lat' dir='ltr'><em>a</em></span> <span class='ocrx_word' id='word_1_249' title='bbox 1137 2463 1274 2526; x_wconf 86' lang='lat' dir='ltr'><em>quelli</em></span> <span class='ocrx_word' id='word_1_250' title='bbox 1290 2466 1376 2510; x_wconf 90' lang='lat' dir='ltr'><em>che</em></span> <span class='ocrx_word' id='word_1_251' title='bbox 1391 2466 1543 2510; x_wconf 88' lang='lat' dir='ltr'><em>danno</em></span> <span class='ocrx_word' id='word_1_252' title='bbox 1563 2466 1607 2510; x_wconf 90' lang='lat' dir='ltr'><em>la</em></span> <span class='ocrx_word' id='word_1_253' title='bbox 1625 2467 1888 2511; x_wconf 89' lang='lat' dir='ltr'><em>fundatione</em></span> <span class='ocrx_word' id='word_1_254' title='bbox 1898 2501 1907 2519; x_wconf 94' lang='lat'><em>,</em></span> 
     </span>
     <span class='ocr_line' id='line_1_34' title="bbox 284 2541 1907 2600; baseline -0.001 -12"><span class='ocrx_word' id='word_1_255' title='bbox 284 2559 357 2588; x_wconf 90' lang='lat' dir='ltr'><em>ma</em></span> <span class='ocrx_word' id='word_1_256' title='bbox 378 2546 522 2588; x_wconf 91' lang='lat' dir='ltr'><em>anche</em></span> <span class='ocrx_word' id='word_1_257' title='bbox 543 2541 829 2600; x_wconf 86' lang='lat' dir='ltr'><em>obligandosi</em></span> <span class='ocrx_word' id='word_1_258' title='bbox 848 2542 892 2586; x_wconf 91' lang='lat' dir='ltr'><em>la</em></span> <span class='ocrx_word' id='word_1_259' title='bbox 912 2541 1195 2598; x_wconf 86' lang='lat' dir='ltr'><em>Compagnia</em></span> <span class='ocrx_word' id='word_1_260' title='bbox 1224 2556 1252 2585; x_wconf 91' lang='lat' dir='ltr'><em>a</em></span> <span class='ocrx_word' id='word_1_261' title='bbox 1283 2555 1332 2586; x_wconf 86' lang='lat' dir='ltr'><em>se</em></span> <span class='ocrx_word' id='word_1_262' title='bbox 1361 2541 1522 2588; x_wconf 86' lang='lat' dir='ltr'><em>istessa</em></span> <span class='ocrx_word' id='word_1_263' title='bbox 1554 2557 1634 2600; x_wconf 91' lang='lat' dir='ltr'><em>per</em></span> <span class='ocrx_word' id='word_1_264' title='bbox 1661 2550 1907 2587; x_wconf 88' lang='lat' dir='ltr'><em>contratto.</em></span> 
     </span>
     <span class='ocr_line' id='line_1_35' title="bbox 285 2617 1909 2676; baseline -0.001 -10"><span class='ocrx_word' id='word_1_265' title='bbox 285 2623 381 2666; x_wconf 87' lang='lat' dir='ltr'><em>Ben</em></span> <span class='ocrx_word' id='word_1_266' title='bbox 403 2635 452 2665; x_wconf 87' lang='lat' dir='ltr'><em>se</em></span> <span class='ocrx_word' id='word_1_267' title='bbox 473 2619 658 2665; x_wconf 88' lang='lat' dir='ltr'><em>intende</em></span> <span class='ocrx_word' id='word_1_268' title='bbox 680 2619 711 2662; x_wconf 93' lang='lat' dir='ltr'><em>il</em></span> <span class='ocrx_word' id='word_1_269' title='bbox 732 2618 924 2676; x_wconf 89' lang='lat' dir='ltr'><em>bisogno</em></span> <span class='ocrx_word' id='word_1_270' title='bbox 946 2620 1031 2663; x_wconf 91' lang='lat' dir='ltr'><em>che</em></span> <span class='ocrx_word' id='word_1_271' title='bbox 1051 2620 1204 2662; x_wconf 85' lang='lat' dir='ltr'><em>hanno</em></span> <span class='ocrx_word' id='word_1_272' title='bbox 1224 2617 1272 2661; x_wconf 92' lang='lat' dir='ltr'><em>in</em></span> <span class='ocrx_word' id='word_1_273' title='bbox 1292 2619 1538 2664; x_wconf 86' lang='lat' dir='ltr'><em>Germania</em></span> <span class='ocrx_word' id='word_1_274' title='bbox 1558 2620 1616 2663; x_wconf 93' lang='lat' dir='ltr'><em>de</em></span> <span class='ocrx_word' id='word_1_275' title='bbox 1637 2619 1909 2676; x_wconf 90' lang='lat' dir='ltr'><em>predicatori</em></span> 
     </span>
     <span class='ocr_line' id='line_1_36' title="bbox 282 2694 1905 2751; baseline 0 -11"><span class='ocrx_word' id='word_1_276' title='bbox 282 2696 509 2751; x_wconf 88' lang='lat' dir='ltr'><em>catholici,</em></span> <span class='ocrx_word' id='word_1_277' title='bbox 533 2703 579 2740; x_wconf 87' lang='lat' dir='ltr'><em>et</em></span> <span class='ocrx_word' id='word_1_278' title='bbox 601 2698 686 2741; x_wconf 91' lang='lat' dir='ltr'><em>che</em></span> <span class='ocrx_word' id='word_1_279' title='bbox 713 2695 1024 2740; x_wconf 87' lang='lat' dir='ltr'><em>meritamente</em></span> <span class='ocrx_word' id='word_1_280' title='bbox 1051 2695 1081 2737; x_wconf 88' lang='lat'><em>1’</em></span> <span class='ocrx_word' id='word_1_281' title='bbox 1106 2694 1280 2738; x_wconf 90' lang='lat' dir='ltr'><em>intento</em></span> <span class='ocrx_word' id='word_1_282' title='bbox 1306 2695 1406 2740; x_wconf 93' lang='lat' dir='ltr'><em>loro</em></span> <span class='ocrx_word' id='word_1_283' title='bbox 1433 2695 1500 2740; x_wconf 89' lang='lat' dir='ltr'><em>sia</em></span> <span class='ocrx_word' id='word_1_284' title='bbox 1530 2696 1574 2740; x_wconf 88' lang='lat' dir='ltr'><em>d’</em></span> <span class='ocrx_word' id='word_1_285' title='bbox 1605 2696 1780 2740; x_wconf 89' lang='lat' dir='ltr'><em>hauerli</em></span> <span class='ocrx_word' id='word_1_286' title='bbox 1812 2697 1905 2751; x_wconf 81' lang='lat' dir='ltr'><em>tali3</em></span> 
     </span>
     <span class='ocr_line' id='line_1_37' title="bbox 280 2771 1910 2830; baseline 0.001 -13"><span class='ocrx_word' id='word_1_287' title='bbox 280 2788 354 2817; x_wconf 90' lang='lat' dir='ltr'><em>ma</em></span> <span class='ocrx_word' id='word_1_288' title='bbox 375 2774 670 2830; x_wconf 85' lang='lat' dir='ltr'><em>repugnando</em></span> <span class='ocrx_word' id='word_1_289' title='bbox 693 2779 854 2828; x_wconf 89' lang='lat' dir='ltr'><em>questo</em></span> <span class='ocrx_word' id='word_1_290' title='bbox 875 2772 1061 2829; x_wconf 88' lang='lat' dir='ltr'><em>obligho</em></span> <span class='ocrx_word' id='word_1_291' title='bbox 1083 2772 1125 2814; x_wconf 89' lang='lat' dir='ltr'><em>al</em></span> <span class='ocrx_word' id='word_1_292' title='bbox 1147 2779 1302 2815; x_wconf 90' lang='lat' dir='ltr'><em>nostro</em></span> <span class='ocrx_word' id='word_1_293' title='bbox 1321 2771 1545 2826; x_wconf 88' lang='lat' dir='ltr'><em>instituto,</em></span> <span class='ocrx_word' id='word_1_294' title='bbox 1565 2773 1771 2830; x_wconf 87' lang='lat' dir='ltr'><em>potriano</em></span> <span class='ocrx_word' id='word_1_295' title='bbox 1790 2773 1910 2818; x_wconf 88' lang='lat' dir='ltr'><em>forse</em></span> 
     </span>
    </p>
   </div>
   <div class='ocr_carea' id='block_1_12' title="bbox 283 2867 563 2873">
    <p class='ocr_par' dir='ltr' id='par_1_12' title="bbox 283 2867 563 2873">
     <span class='ocr_line' id='line_1_38' title="bbox 283 2867 563 2873; baseline 0 0"><span class='ocrx_word' id='word_1_296' title='bbox 283 2867 563 2873; x_wconf 95' lang='lat' dir='ltr'><em> </em></span> 
     </span>
    </p>
   </div>
   <div class='ocr_carea' id='block_1_13' title="bbox 284 2912 1914 3139">
    <p class='ocr_par' dir='ltr' id='par_1_13' title="bbox 284 2912 1914 3139">
     <span class='ocr_line' id='line_1_39' title="bbox 355 2912 1912 2961; baseline 0.001 -12"><span class='ocrx_word' id='word_1_297' title='bbox 355 2917 365 2936; x_wconf 87' lang='lat'>¹</span> <span class='ocrx_word' id='word_1_298' title='bbox 416 2914 474 2949; x_wconf 84' lang='lat' dir='ltr'><em>Ex</em></span> <span class='ocrx_word' id='word_1_299' title='bbox 491 2914 715 2960; x_wconf 82' lang='lat' dir='ltr'><em>archetypo,</em></span> <span class='ocrx_word' id='word_1_300' title='bbox 735 2925 757 2949; x_wconf 86' lang='lat' dir='ltr'><em>a</em></span> <span class='ocrx_word' id='word_1_301' title='bbox 774 2912 1000 2949; x_wconf 88' lang='lat' dir='ltr'><em>Fernandez</em></span> <span class='ocrx_word' id='word_1_302' title='bbox 1018 2917 1190 2954; x_wconf 87' lang='lat' dir='ltr'><em>exarato,</em></span> <span class='ocrx_word' id='word_1_303' title='bbox 1215 2917 1256 2948; x_wconf 90' lang='lat' dir='ltr'><em>et</em></span> <span class='ocrx_word' id='word_1_304' title='bbox 1278 2913 1445 2960; x_wconf 88' lang='lat' dir='ltr'><em>Borgiae</em></span> <span class='ocrx_word' id='word_1_305' title='bbox 1470 2926 1587 2950; x_wconf 88' lang='lat' dir='ltr'><em>manu</em></span> <span class='ocrx_word' id='word_1_306' title='bbox 1610 2914 1844 2961; x_wconf 84' lang='lat' dir='ltr'><em>subscript0‚</em></span> <span class='ocrx_word' id='word_1_307' title='bbox 1872 2916 1912 2952; x_wconf 81' lang='lat' dir='ltr'><em>in</em></span> 
     </span>
     <span class='ocr_line' id='line_1_40' title="bbox 285 2970 1914 3019; baseline 0 -10"><span class='ocrx_word' id='word_1_308' title='bbox 285 2972 385 3009; x_wconf 86' lang='lat' dir='ltr'><em>Cod.</em></span> <span class='ocrx_word' id='word_1_309' title='bbox 413 2982 473 3019; x_wconf 85' lang='lat'><em>34,</em></span> <span class='ocrx_word' id='word_1_310' title='bbox 491 2971 636 3019; x_wconf 87' lang='lat' dir='ltr'><em>duplici</em></span> <span class='ocrx_word' id='word_1_311' title='bbox 653 2971 736 3019; x_wconf 63' lang='lat' dir='ltr'><em>fol„</em></span> <span class='ocrx_word' id='word_1_312' title='bbox 758 2981 823 3018; x_wconf 87' lang='lat'><em>194</em></span> <span class='ocrx_word' id='word_1_313' title='bbox 841 2972 917 3018; x_wconf 89' lang='lat'><em>(80,</em></span> <span class='ocrx_word' id='word_1_314' title='bbox 935 2972 1010 3018; x_wconf 92' lang='lat'>81).</span> <span class='ocrx_word' id='word_1_315' title='bbox 1032 2971 1125 3007; x_wconf 90' lang='lat' dir='ltr'><em>Post</em></span> <span class='ocrx_word' id='word_1_316' title='bbox 1141 2970 1344 3019; x_wconf 87' lang='lat' dir='ltr'><em>scriptum,</em></span> <span class='ocrx_word' id='word_1_317' title='bbox 1361 2974 1411 3009; x_wconf 91' lang='lat' dir='ltr'><em>ab</em></span> <span class='ocrx_word' id='word_1_318' title='bbox 1429 2973 1506 3009; x_wconf 90' lang='lat' dir='ltr'><em>illis</em></span> <span class='ocrx_word' id='word_1_319' title='bbox 1526 2972 1671 3008; x_wconf 88' lang='lat' dir='ltr'><em>verbis:</em></span> <span class='ocrx_word' id='word_1_320' title='bbox 1699 2974 1781 3009; x_wconf 91' lang='lat' dir='ltr'><em>Por</em></span> <span class='ocrx_word' id='word_1_321' title='bbox 1805 2977 1914 3010; x_wconf 74' lang='lat' dir='ltr'><em>estur</em></span> 
     </span>
     <span class='ocr_line' id='line_1_41' title="bbox 284 3029 1914 3081; baseline 0.001 -13"><span class='ocrx_word' id='word_1_322' title='bbox 284 3043 407 3080; x_wconf 83' lang='lat' dir='ltr'><em>usque</em></span> <span class='ocrx_word' id='word_1_323' title='bbox 425 3031 473 3067; x_wconf 91' lang='lat' dir='ltr'><em>ad</em></span> <span class='ocrx_word' id='word_1_324' title='bbox 485 3031 617 3073; x_wconf 86' lang='lat' dir='ltr'><em>finem,</em></span> <span class='ocrx_word' id='word_1_325' title='bbox 632 3032 774 3078; x_wconf 89' lang='lat' dir='ltr'><em>Borgia</em></span> <span class='ocrx_word' id='word_1_326' title='bbox 791 3031 943 3079; x_wconf 89' lang='lat' dir='ltr'><em>propria</em></span> <span class='ocrx_word' id='word_1_327' title='bbox 960 3042 1076 3066; x_wconf 90' lang='lat' dir='ltr'><em>manu</em></span> <span class='ocrx_word' id='word_1_328' title='bbox 1094 3029 1256 3067; x_wconf 88' lang='lat' dir='ltr'><em>addidit.</em></span> <span class='ocrx_word' id='word_1_329' title='bbox 1271 3031 1372 3068; x_wconf 88' lang='lat' dir='ltr'><em>Vide</em></span> <span class='ocrx_word' id='word_1_330' title='bbox 1389 3032 1575 3080; x_wconf 86' lang='lat' dir='ltr'><em>epistolas</em></span> <span class='ocrx_word' id='word_1_331' title='bbox 1591 3032 1676 3078; x_wconf 88' lang='lat'><em>456,</em></span> <span class='ocrx_word' id='word_1_332' title='bbox 1692 3041 1760 3078; x_wconf 84' lang='lat'><em>457</em></span> <span class='ocrx_word' id='word_1_333' title='bbox 1775 3039 1815 3069; x_wconf 89' lang='lat' dir='ltr'><em>et</em></span> <span class='ocrx_word' id='word_1_334' title='bbox 1828 3044 1914 3081; x_wconf 75' lang='lat'><em>459,</em></span> 
     </span>
     <span class='ocr_line' id='line_1_42' title="bbox 285 3089 796 3139; baseline -0.002 -12"><span class='ocrx_word' id='word_1_335' title='bbox 285 3091 429 3139; x_wconf 88' lang='lat' dir='ltr'><em>quibus</em></span> <span class='ocrx_word' id='word_1_336' title='bbox 445 3090 509 3126; x_wconf 91' lang='lat' dir='ltr'><em>hic</em></span> <span class='ocrx_word' id='word_1_337' title='bbox 526 3089 796 3137; x_wconf 86' lang='lat' dir='ltr'><em>respondetur.</em></span> 
     </span>
    </p>
   </div>
  </div>
 </body>
</html>
