2228 3548
1978 5 1987 14 ,
2095 0 2228 51 ΝΞ

395 282 466 327 784
969 280 1109 315 Epis-r.
1137 279 1182 314 P.
1209 277 1362 314 NADAL

1084 427 1266 495 xxxv

820 539 1156 575 MAGDALENA
1183 541 1253 576 DE
1279 539 1512 577 AUSTRIA

882 632 1023 662 PATRI
1067 632 1450 671 JOANN1.D1RSIO

658 706 918 763 Oeniponte
941 706 1004 763 (Ρ),
1031 721 1187 774 mense
1210 708 1414 751 Octobre
1437 707 1482 764 (?)
1512 707 1623 761 1566
1650 708 1677 750 ¹.

436 795 638 851 Epistola
659 795 830 852 primae
857 810 1077 852 personae
1100 797 1114 816 ²
1139 797 1196 839 ad
1218 798 1277 839 D.
1304 796 1472 852 scripta
1499 795 1680 853 propria
1707 811 1846 841 manu
1875 810 1984 854 ger-

346 870 538 899 manice.

436 915 614 958 Dilecte
635 913 817 958 domine
833 916 1052 972 Joannes.
1080 916 1180 970 Ego
1203 921 1248 959 et
1270 929 1449 958 sorores
1469 928 1552 970 pro
1573 914 1739 958 viatico
1761 914 1987 958 mittimus

347 976 403 1016 ad
426 977 484 1018 D.
506 974 714 1018 Natalem
734 986 788 1029 32
809 982 1067 1026 coronatOS,
1090 981 1135 1018 et
1158 981 1391 1030 praeterea
1413 981 1594 1017 ornatas
1616 973 1828 1030 reliquias
1847 975 1983 1030 quin-

347 1049 436 1089 que
458 1033 669 1090 partium,
690 1033 796 1089 quia
818 1040 1025 1090 sumptae
1047 1040 1154 1076 sunt
1176 1049 1233 1078 ex
1253 1033 1380 1089 ligno
1402 1040 1585 1077 sanctae
1603 1034 1766 1086 crucis,
1788 1034 1835 1078 S.
1858 1036 1999 1079 Lau-v

347 1093 496 1146 rentii,
541 1094 589 1137 S.
630 1093 915 1145 Anastasiae,
958 1094 1004 1137 S.
1047 1092 1244 1149 Virgilii,
1284 1094 1327 1138 S.
1370 1092 1719 1137 Bartholomaei.
1755 1093 1981 1138 Mittimus

346 1153 482 1196 etiam
519 1166 665 1208 pauca
700 1154 921 1208 quaedam
960 1152 1248 1196 condimenta
1281 1160 1326 1198 et
1363 1167 1543 1208 aquam,
1574 1153 1631 1196 ad
1669 1152 1976 1198 ualetudinem

345 1212 467 1256 illius
489 1211 657 1256 rectius
678 1213 923 1255 curandam
946 1212 1264 1266 conducibilia,
1290 1227 1405 1268 quae
1428 1211 1579 1256 omnia
1600 1226 1768 1268 quaeso
1790 1211 1852 1254 illi
1875 1227 1977 1256 meo

346 1273 490 1315 dones
525 1270 721 1314 nomine.
759 1273 999 1316 Praeterea
1035 1287 1236 1315 summas
1265 1279 1286 1299 a
1315 1271 1434 1315 illius
1472 1271 1770 1316 Reuerentiae
1806 1271 1981 1327 gratias

346 1332 499 1374 adhuc
521 1331 660 1375 semel
681 1345 792 1387 agas
814 1333 870 1375 de
892 1333 978 1374 hoc
999 1331 1215 1376 benefitio
1238 1331 1345 1374 mihi
1376 1331 1608 1388 praestito,
1633 1332 1758 1387 quod
1780 1330 1976 1387 priorem

345 1390 671 1435 confessarium
695 1390 807 1433 mihi
832 1391 1076 1446 reliquerit:
1102 1405 1192 1446 qua
1212 1392 1268 1434 de
1297 1405 1434 1434 causa
1461 1406 1571 1447 erga
1599 1390 1871 1436 Societatem
1894 1405 1974 1434 ve-

346 1457 486 1494 stram
515 1449 624 1493 satis
656 1457 786 1506 grata
816 1465 916 1494 esse
944 1465 1034 1493 non
1068 1458 1224 1506 potero
1256 1451 1416 1503 diebus
1444 1450 1654 1499 omnibus
1681 1450 1802 1494 vitae
1829 1464 1976 1494 meae.

346 1509 471 1552 Illius
493 1509 792 1553 Reuerentiae
814 1510 1073 1552 memoriam
1097 1517 1221 1554 certo
1240 1510 1547 1565 quotidianam
1565 1510 1743 1553 habebo
1766 1509 1811 1552 in
1830 1509 1976 1565 preci-

346 1569 435 1612 bus
461 1569 594 1622 meis,
626 1575 857 1625 praeterea
884 1569 1138 1625 specialiter
1170 1584 1253 1630 pro
1280 1569 1354 1612 illa
1385 1568 1563 1613 recitari
1592 1570 1761 1613 curabo
1790 1568 1978 1625 triginta

346 1628 505 1672 missas
527 1629 583 1672 ad
606 1628 796 1684 gratiam
824 1629 909 1672 Dei
937 1630 1324 1684 consequendam,
1352 1636 1400 1672 vt
1427 1630 1616 1686 longum
1646 1629 1735 1672 hoc
1762 1627 1847 1671 iter
1876 1628 1975 1672 feli-

345 1687 444 1730 cius
466 1687 561 1743 ipse
583 1688 811 1732 conficere
831 1688 990 1743 possit,
1016 1695 1062 1732 et
1083 1696 1175 1732 tres
1198 1689 1383 1745 insuper
1406 1687 1795 1745 peregrinationes
1816 1701 1897 1743 pro
1920 1702 1977 1732 eo

343 1747 443 1804 ipso
463 1747 560 1790 fieri
582 1748 765 1791 curabo.

432 1809 586 1863 Roges
600 1805 770 1850 betiam
793 1806 1110 1850 Reuerentiam
1134 1806 1231 1851 eius
1254 1813 1436 1863 propter
1467 1808 1615 1851 Deum
1645 1820 1746 1849 meo
1767 1805 1968 1859 nomine,

343 1865 464 1909 sicut
485 1881 573 1922 ego
603 1867 792 1910 eandem
821 1865 971 1920 rogari
995 1866 1080 1909 feci
1102 1881 1182 1922 per
1211 1867 1478 1923 magistrum
1509 1865 1662 1910 curiae
1690 1871 1896 1917 nostrae,
1922 1871 1973 1908 vt

342 1925 390 1968 in
412 1940 537 1978 casu,
564 1925 685 1981 quod
707 1939 833 1968 soror
857 1927 1092 1981 Magareta
1121 1926 1438 1970 Reuerentiam
1471 1925 1570 1970 eius
1601 1931 1772 1979 oraret,
1797 1924 1973 1968 sinatur

345 1992 394 2028 ut
415 1984 513 2041 ipsa
535 1999 712 2028 mecum
734 1999 871 2040 agere
893 1985 1092 2041 benigne
1114 1986 1171 2028 de
1194 1986 1409 2028 mutando
1440 1985 1717 2027 confessario
1740 1998 1855 2035 meO,
1882 1985 1972 2027 Re-

343 2044 549 2088 uerentia
571 2044 669 2089 eius
690 2043 734 2086 in
757 2045 844 2086 hoc
867 2059 956 2086 non
972 2051 989 2071 0
1010 2043 1278 2088 consentiat.
1299 2045 1415 2087 Nam
1433 2043 1541 2087 hinc
1562 2044 1707 2096 fieret,
1727 2050 1777 2086 vt
1795 2050 1970 2099 pertur-

343 2102 562 2147 baremur¹
577 2103 811 2158 vtrinque3
837 2111 1074 2158 postquam
1097 2103 1218 2147 enim
1242 2105 1380 2148 semel
1409 2117 1497 2159 ego
1524 2104 1643 2146 hanc
1667 2102 1844 2146 obtinui
1865 2117 1973 2158 gra—

342 2162 450 2206 tiam
473 2164 530 2206 ab
553 2163 651 2207 eius
673 2162 960 2215 Reuerentia,
988 2164 1190 2218 profecto
1213 2177 1360 2218 neque
1389 2177 1531 2215 soror,
1556 2177 1706 2218 neque
1734 2162 1972 2217 quisquam

340 2236 414 2265 me
435 2222 717 2278 permouebit
740 2222 796 2264 ad
819 2223 1142 2265 confessarium
1165 2221 1303 2265 aliurn
1334 2221 1664 2278 accipiendum.
1691 2223 1862 2266 Verum
1885 2222 1974 2264 hoc

340 2281 505 2334 scribo,
537 2295 629 2325 non
657 2281 779 2338 quod
807 2288 1004 2324 metuam
1035 2297 1129 2325 rem
1162 2281 1289 2325 aliter
1316 2281 1610 2325 ordinandam
1640 2295 1762 2338 esse,
1787 2280 1973 2324 minime

409 2425 431 2445 a
470 2416 728 2454 Emendatum
762 2428 783 2452 a
813 2415 970 2453 Canisio
1001 2430 1049 2453 ex
1082 2419 1370 2454 summam.—b
1396 2417 1654 2454 Emendatum
1684 2429 1706 2453 a
1737 2417 1896 2453 Canisio
1921 2428 1970 2453 ex

331 2479 474 2523 pree...
494 2476 633 2523 (?).—0
653 2474 910 2512 Emendatum
929 2488 949 2511 a
968 2477 1125 2513 Canisio
1143 2490 1191 2513 ex
1218 2490 1278 2514 ne.

409 2591 419 2610 ¹
471 2592 530 2626 Ex
549 2590 731 2626 versione
749 2590 972 2636 archetypa,
994 2592 1041 2626 B.
1068 2591 1174 2627 Petri
1193 2591 1341 2628 Canisii
1360 2603 1476 2628 manu
1495 2596 1664 2637 exarata,
1682 2590 1722 2626 in
1739 2590 1868 2637 Epist.
1889 2590 1970 2626 Na-

337 2650 428 2696 tal.‚
447 2651 500 2696 II,
526 2650 641 2685 unico
665 2649 749 2693 fol„
777 2648 842 2694 193
862 2651 979 2695 (147).
1010 2650 1071 2686 Ad
1096 2652 1242 2686 calcem
1266 2651 1381 2697 hujus
1406 2650 1661 2696 monumenti,
1687 2651 1783 2686 haec
1806 2651 1972 2687 habetur

336 2709 552 2756 inscriptio,
572 2709 698 2745 Patris
717 2709 854 2754 Boero,
874 2708 914 2744 ni
933 2709 1114 2756 fallimur,
1135 2722 1249 2746 manu
1264 2710 1356 2746 stilo
1373 2710 1526 2758 lapideo
1550 2709 1693 2746 addita:
1714 2711 1750 2745 Il
1773 2713 1972 2746 carattere

334 2768 354 2802 ἑ
373 2771 476 2803 tutto
494 2769 558 2804 del
578 2769 626 2803 P.
649 2767 933 2804 Canisio.-Si
950 2769 1155 2805 riscontri.
1183 2769 1283 2805 Vide
1309 2770 1424 2817 epist.
1450 2778 1534 2815 447,
1559 2782 1596 2805 n.
1628 2778 1661 2816 1,
1687 2770 1754 2805 ubi
1778 2770 1822 2805 P.
1849 2769 1974 2805 Nadal

335 2826 452 2872 hujus
470 2827 712 2863 monumenti
731 2826 968 2862 mentionem
994 2828 1100 2873 facit3
1128 2835 1167 2864 et
1191 2841 1285 2876 pag.
1315 2838 1374 2875 7o;
1402 2834 1442 2865 et
1470 2838 1557 2865 120.
1586 2830 1766 2876 Quanam
1789 2829 1853 2864 die
1877 2829 1975 2864 haec

336 2885 503 2932 epistola
521 2886 611 2921 data
628 2886 760 2931 fuerit,
779 2897 856 2921 non
874 2891 1039 2922 constat.
1061 2888 1119 2922 Ex
1138 2887 1185 2923 iis
1203 2894 1351 2930 autem,
1366 2900 1465 2935 quae
1483 2889 1633 2924 Natalis
1653 2888 1691 2924 in
1711 2888 1876 2934 epistola
1888 2895 1976 2933 447,

316 2956 378 2979 ,n.
407 2953 440 2990 1,
459 2946 631 2992 scripsit,
651 2957 786 2981 mense
804 2943 975 2982 Octobre
994 2946 1084 2981 anni
1107 2947 1196 2991 1566
1215 2947 1320 2983 illam
1338 2947 1468 2983 datam
1486 2947 1610 2983 fuisse
1628 2947 1712 2983 erui
1731 2947 1899 2983 videtur.

405 3005 418 3024 Ξ
471 3003 599 3039 Prima
617 3015 782 3051 persona
798 3003 861 3039 hic
880 3010 1041 3039 vocatur
1060 3005 1194 3051 regina
1214 3006 1444 3052 Magdalena
1467 3006 1516 3042 de
1542 3006 1714 3054 Austria,
1734 3006 1813 3042 filia
1837 3005 1970 3042 Ferdi-

334 3061 452 3097 nandi
472 3063 502 3107 Ι,
525 3063 786 3110 imperatoris.
