2228 3548
19 3315 23 3319 ,
0 3128 20 3306 *xv-meam
0 3094 17 3116 *s
0 3032 21 3071 w,

915 296 959 322 10
984 286 1202 325 OCTOBRJS
1231 285 1321 332 1567
1814 283 1883 329 535

293 391 590 434 fundamento
612 403 721 447 para
755 402 844 445 que
873 402 923 433 se
955 388 1215 445 amplifique
1247 388 1286 432 el
1319 386 1476 431 diuino
1506 385 1700 442 seruicio
1733 386 1791 430 de
1821 385 1933 430 Dios

292 469 351 512 N.
378 469 448 521 S.‚
472 471 499 510 ἐι
519 481 636 524 cuya
659 466 901 523 Magestad
922 465 1099 522 suplico
1121 479 1205 508 nos
1226 465 1283 508 de
1304 465 1347 512 la
1368 463 1654 520 abundancia
1677 465 1734 509 de
1755 478 1835 507 sus
1861 463 1927 506 di-

294 545 428 588 uinos
449 545 611 598 dones,
636 558 748 600 para
770 546 868 586 mas
898 544 1255 599 perfectamente
1282 541 1487 587 seruirle.
1519 543 1590 585 De
1619 543 1779 594 Roma,
1815 556 1843 598 9
1875 541 1932 586 de

234 615 240 620 ’
297 621 556 672 0111010ᾶο
584 622 711 676 1567.
735 622 794 664 D.
823 621 880 664 V.
907 621 962 663 R.
988 619 1138 663 sieruo
1161 635 1218 664 en
1241 619 1345 673 X.⁰,

1398 697 1690 740 FRANc1sco.

385 776 630 832 Inscrsziio
652 776 703 818 in
726 778 894 831 quarta
909 775 1107 830 pagina:
1130 773 1159 831 ἦ·
1182 774 1243 817 Al
1264 774 1404 816 molto
1422 773 1537 816 Rdo.
1559 772 1606 816 in
1622 775 1743 829 Xpo.
1766 773 1930 826 Padre,

291 853 322 897 il
347 855 401 897 P.
429 852 702 897 Hieronimo
724 852 876 904 Natal‚
900 851 1108 894 visitator
1130 851 1249 895 nelle
1270 849 1498 906 prouintie
1525 849 1571 893 di
1600 850 1859 906 Alemagna
1887 857 1934 893 et

290 930 497 984 Francia,
517 930 636 973 della
655 928 942 985 Compagnia
958 927 1003 970 di
1021 927 1181 979 Giesu,
1201 926 1247 969 in
1267 927 1492 980 Anuersa,
1513 940 1540 969 0
1558 927 1678 971 doue
1694 926 1731 970 si
1751 934 1929 970 truoua.

290 1009 438 1051 Manu
459 1006 518 1051 P.
538 1007 763 1065 sime'nez:
785 1006 814 1063 †
837 1007 896 1049 N.
924 1006 978 1048 Ρ.
1003 1005 1060 1048 de
1081 1019 1110 1062 9
1139 1004 1196 1048 de
1231 1004 1425 1051 Otubre.
1460 1002 1566 1047 R.<¹a
1600 1008 1624 1046 a
1663 1016 1714 1057 14
1745 1004 1802 1048 de
1835 1004 1932 1048 He-

289 1085 422 1129 brero
451 1085 576 1139 1568.
604 1085 718 1127 R.ta.
741 1082 900 1126 Manet
920 1081 1166 1138 vestigium
1198 1081 1363 1137 sigilli.

760 1183 768 1202 s
1053 1191 1176 1233 498

736 1280 789 1323 P.
826 1278 1239 1322 HIERONYMUS
1270 1277 1489 1322 NADAL

627 1354 872 1392 SANCTO
907 1353 1254 1391 FRANCISCO
1288 1354 1365 1389 DE
1399 1352 1595 1400 BORJA

745 1429 1030 1466 AN‘rvERmAE,
1052 1428 1096 1455 10
1113 1427 1318 1455 oei-omns
1339 1418 1430 1464 1567
1447 1422 1476 1454 ¹.

283 1509 316 1536 1.
340 1498 517 1535 Lovanio
535 1498 803 1545 Antverpiam
821 1510 860 1534 se
878 1497 1050 1546 confert:
1069 1498 1169 1533 duos
1187 1497 1333 1532 Patres
1348 1496 1537 1543 hispanos
1545 1496 1744 1543 postulat:
1757 1496 1936 1532 rationes

325 1561 464 1607 plures
491 1559 545 1594 ad
567 1557 613 1594 id
636 1558 895 1594 obtinendum
926 1556 1159 1604 affert.—2.
1188 1557 1340 1602 Quales
1365 1555 1532 1592 debeant
1557 1567 1637 1592 esse
1661 1556 1728 1591 illi
1756 1556 1936 1603 operarii

331 1616 554 1667 exponit.-—
561 1627 594 1664 3.
622 1617 698 1654 Ubi
714 1618 879 1654 debeant
896 1617 1184 1661 habitare.—4.
1196 1615 1383 1663 Jimenez
1399 1615 1544 1652 melius
1560 1627 1599 1651 se
1615 1615 1741 1651 habet.

381 1710 417 1741 1.
483 1697 513 1756 †
537 1698 648 1752 Muy
671 1696 786 1740 Rdo.
814 1697 867 1739 P.
894 1696 952 1739 N.
979 1710 1036 1739 en
1060 1695 1146 1738 X.⁰
1166 1696 1262 1738 Pax
1280 1694 1354 1737 X.i
1381 1694 1453 1738 De
1470 1694 1705 1749 Louayna,
1726 1694 1934 1737 dexando

287 1775 330 1819 ia
352 1774 495 1819 meior
516 1775 558 1818 el
583 1776 636 1818 P.
662 1772 902 1826 Ximenez,
928 1771 1094 1815 venido
1117 1775 1144 1815 ἐ
1166 1777 1262 1816 esta
1283 1769 1469 1822 ciudad‚
1496 1770 1614 1813 halle
1638 1770 1703 1813 las
1724 1784 1856 1814 cosas
1875 1771 1933 1813 de

286 1859 384 1895 otra
405 1866 590 1896 manera
611 1865 699 1908 que
722 1863 938 1906 pensaua.
967 1850 1014 1892 Io
1047 1861 1248 1904 pensaua
1277 1861 1365 1903 que
1393 1854 1517 1891 estos
1545 1853 1732 1891 seriores
1763 1850 1931 1891 starian

285 1933 383 1973 ansi
398 1934 674 1974 acontentos
696 1927 770 1972 del
793 1929 845 1970 P.
873 1925 1118 1982 Claysonio
1136 1926 1168 1977 ²,
1195 1938 1284 1981 que
1305 1923 1348 1968 ia
1376 1939 1436 1967 no
1464 1924 1796 1969 demandassen
1826 1939 1929 1980 pre-

283 2006 469 2050 dicador
484 2005 662 2063 spafiol.
684 2005 724 2047 Y
742 2018 802 2046 no
818 2018 868 2047 es
891 2006 1005 2054 ansi,
1031 2016 1203 2058 porque
1224 2003 1439 2057 ahunque
1461 2004 1562 2044 sten
1586 2007 1830 2045 contentos
1859 2002 1930 2044 del

283 2086 335 2128 P.
362 2082 610 2140 Claysonio
633 2096 715 2138 por
736 2082 930 2132 frances,
956 2094 1014 2122 no
1036 2080 1081 2122 10
1111 2083 1211 2123 stan
1240 2094 1322 2136 por
1353 2079 1539 2135 spanol‚
1563 2093 1646 2135 por
1676 2079 1867 2121 muchas
1900 2093 1930 2134 y

350 2191 372 2212 a
410 2184 496 2219 Hoc
514 2183 625 2219 verb.
645 2193 761 2228 supra
779 2192 882 2216 vers.
903 2179 1052 2215 addidit
1070 2180 1119 2215 N.

281 2285 367 2309 rum
386 2278 742 2318 monumentorum,
761 2282 861 2319 quae
880 2270 919 2306 in
937 2270 1095 2306 archivo
1114 2268 1289 2316 ejusdem
1316 2268 1497 2306 ducissae
1522 2272 1786 2304 asservantur.
1814 2267 1929 2302 Plura

284 2343 377 2368 mss.
393 2331 662 2379 fotographice
680 2342 866 2378 expressa
880 2329 1026 2365 ibidem
1044 2329 1293 2365 exhibentur.
1310 2329 1432 2365 Multa
1446 2327 1494 2364 ad
1508 2327 1647 2363 ducem
1663 2326 1711 2362 de
1728 2326 1829 2361 Alba
1843 2336 1928 2372 spe-

286 2391 433 2428 ctantia
451 2390 597 2427 ibidem
615 2390 875 2437 reperiuntur,
896 2389 998 2425 inter
1015 2400 1114 2436 quae
1132 2391 1236 2436 (pag.
1261 2391 1342 2434 149)
1367 2389 1442 2424 sub
1466 2399 1504 2423 n.
1529 2387 1610 2432 167,
1643 2387 1821 2421 habetur:
1843 2385 1930 2420 «Ti-

290 2452 371 2488 tulo
389 2450 438 2487 de
453 2450 619 2498 Capitan
631 2451 791 2496 general
805 2449 868 2485 del
887 2448 1048 2495 ejercito
1066 2447 1228 2484 reunido
1245 2459 1337 2495 para
1354 2459 1468 2496 pasar
1485 2450 1506 2484 έι
1524 2447 1708 2490 Flandes,
1739 2444 1840 2480 dado
1858 2455 1930 2491 por

288 2511 424 2558 Felipe
439 2511 476 2563 il
490 2522 539 2562 en
557 2509 666 2546 favor
679 2509 741 2545 del
761 2510 906 2555 Duque
923 2509 971 2544 de
989 2507 1320 2553 Alba.—Madrid‚
1340 2516 1381 2543 21
1402 2507 1451 2543 de
1471 2507 1583 2543 Abril
1602 2506 1651 2541 de
1673 2505 1802 2549 1567.»

364 2571 371 2590 ¹
426 2571 484 2606 Ex
502 2570 757 2617 autographo,
778 2569 817 2605 in
835 2568 964 2614 Epist.
986 2566 1141 2609 Natat„
1160 2567 1213 2613 11,
1227 2566 1373 2614 duplici
1391 2566 1474 2612 fol.‚
1494 2566 1538 2612 87
1563 2567 1651 2611 (25).
1679 2564 1925 2611 Exemplum,

287 2629 393 2666 unde
423 2630 522 2666 hane
552 2629 757 2676 epistolam
777 2627 1080 2675 desumpsimus,
1105 2631 1196 2662 sunt
1226 2626 1449 2663 adversaria
1474 2638 1563 2662 eum
1588 2624 1705 2660 variis
1729 2623 1856 2659 lituris
1887 2628 1928 2658 et

286 2688 628 2725 emendationibus
646 2690 696 2724 ab
714 2688 798 2735 ipso
816 2687 946 2724 Natali
964 2686 1094 2732 factis,
1113 2685 1198 2721 sine
1215 2686 1517 2733 subscriptione.
1538 2696 1611 2720 nec
1627 2682 1797 2729 vestigio
1814 2682 1924 2729 sigi]-

285 2748 326 2784 li.
346 2748 463 2785 Unde
481 2750 647 2784 alterum
666 2748 888 2794 exemplum
907 2746 1090 2789 nitidum,
1109 2750 1149 2781 et
1172 2757 1194 2780 a
1212 2745 1341 2781 Natali
1360 2745 1641 2792 subscriptum,
1656 2742 1822 2789 Borgiae
1837 2741 1928 2777 mis-

284 2819 371 2843 sum
389 2806 512 2843 fuisse
537 2807 699 2851 eruitur,
726 2806 831 2854 quod
853 2806 1011 2854 quidem
1036 2805 1201 2852 periisse
1228 2805 1396 2841 videtur.
1424 2806 1604 2851 Quanam
1629 2813 1722 2837 vero
1746 2801 1825 2846 die,
1849 2811 1927 2848 quo

285 2878 422 2902 mense
439 2866 530 2902 data
547 2866 666 2903 fuerit
682 2867 779 2902 haec
797 2865 977 2914 epistola,
997 2876 1074 2900 non
1093 2869 1259 2900 constat.
1281 2865 1339 2900 Ex
1358 2865 1476 2900 rebus
1494 2868 1623 2898 autem
1644 2862 1684 2897 in
1698 2872 1744 2897 ea
1766 2865 1926 2896 conten-

285 2926 348 2969 tis,
371 2937 460 2961 cum
475 2925 802 2973 praecedentibus
820 2932 859 2961 et
874 2925 1132 2972 sequentibus
1150 2923 1292 2959 litteris
1305 2923 1472 2969 collatis,
1488 2928 1527 2958 et
1542 2920 1770 2969 praesertim
1785 2930 1832 2955 ex
1847 2917 1927 2966 epi-

289 2986 388 3020 stola
404 2985 569 3031 Borgiae
587 2986 661 3021 sub
678 2997 717 3021 n.
737 2993 808 3030 500
821 2984 962 3032 posita,
981 2995 1080 3031 quae
1104 2982 1195 3018 huic
1218 2983 1454 3030 respondere
1480 2982 1649 3024 videtur,
1674 2980 1823 3016 nullum
1846 2978 1930 3014 fere

289 3043 455 3080 dubium
473 3049 649 3080 remanet
666 3045 759 3092 quin
777 3044 840 3080 die
862 3053 905 3079 10
924 3042 1108 3081 Octobris
1122 3042 1210 3077 data
1229 3041 1361 3078 fuerit.
1382 3042 1482 3078 Vide
1501 3041 1616 3087 epist.
1638 3048 1721 3085 500,
1738 3050 1778 3074 n.
1802 3046 1832 3074 1.

305 3123 320 3142 μ
359 3105 373 3125 ²
425 3104 638 3150 Robertus,
657 3103 770 3150 cujus
787 3115 953 3139 examen
971 3102 1010 3138 in
1030 3102 1160 3148 Epist.
1179 3100 1337 3149 Natal.‚
1358 3102 1408 3147 11,
1428 3101 1511 3148 581,
1526 3098 1733 3136 edidimus.
