2228 3548
921 271 1144 308 Appmsmx
1729 267 1800 305 803

305 374 443 416 Inscv
446 373 570 429 iptio:
591 373 622 431 -ζ-
645 374 707 418 ΑΙ
735 374 874 417 molto
901 375 956 417 R.
963 372 1006 401 ‘¹⁰
1035 373 1184 418 Padre
1209 387 1309 418 nro.
1340 372 1385 415 in
1418 373 1477 416 X.
1484 373 1504 394 ⁰
1535 371 1568 414 il
1598 372 1653 415 P.
1658 377 1677 399 θ
1704 372 1856 415 Fran-

212 447 349 477 cesco
367 432 555 488 Borgia,
576 432 806 489 preposito
822 434 1037 490 generale
1053 433 1172 477 della
1188 431 1473 490 Compagnia
1489 430 1535 474 di
1545 433 1667 489 Jesu.
1687 432 1849 474 Roina.

214 493 326 536 Alia
346 506 513 534 manu:
535 492 566 549 †
588 507 633 548 p.
660 507 701 536 e.
727 493 850 536 Alia:
877 492 931 536 C.
964 493 1091 547 1567.
1116 491 1312 537 Vienna.
1341 493 1392 535 P.
1416 492 1621 536 Lorenzo
1644 489 1850 547 Maggio,

65 591 84 608 ‚
218 550 515 609 prouinciale.
548 563 599 610 19
621 552 895 596 Novembre.

937 664 1040 707 LIX
1062 662 1139 708 (bis

765 751 1093 789 srAN1SLAUs
1119 751 1312 790 Hosms

659 842 844 874 SANCTO
875 843 1141 874 FRANCISCO
1173 844 1237 874 DE
1269 843 1419 883 BORJA

557 916 884 975 Heilsbergae‚
926 930 983 972 24
1018 917 1291 963 Novembris
1333 919 1444 973 1567
1487 919 1515 961 ¹.

221 1009 269 1045 P.
291 1009 461 1044 Petrum
488 1007 599 1042 Phae
622 1007 797 1042 retinere
818 1018 951 1043 secum
974 1008 1133 1052 exoptat
1155 1007 1278 1043 donec
1301 1007 1504 1045 Henricus
1526 1005 1745 1051 Dionysius
1767 1004 1855 1051 ejus

879 1066 962 1102 loco
979 1067 1186 1102 mittatur.

317 1145 430 1188 Rde.
454 1146 607 1188 Pater.
629 1144 682 1186 P.
705 1144 869 1186 Petrus
887 1144 1028 1196 Phae,
1048 1150 1219 1199 quanto
1235 1157 1339 1186 cum
1356 1144 1509 1186 fructu
1527 1142 1585 1186 sit
1602 1141 1709 1186 alibi
1724 1142 1854 1186 labo-

228 1211 408 1249 raturus
430 1203 475 1245 in
499 1202 630 1246 vinea
650 1201 850 1255 Domini,
875 1201 1045 1256 nesci03
1071 1217 1229 1247 verum
1251 1203 1340 1246 hoc
1361 1202 1474 1254 scio,
1500 1203 1621 1258 quod
1638 1202 1711 1245 hic
1729 1215 1855 1245 ama-

229 1271 304 1308 tur
326 1264 382 1306 ab
409 1261 636 1315 omnibus;
669 1267 716 1306 et
742 1275 846 1304 cum
874 1262 1139 1318 profiteatur
1166 1276 1288 1305 nunc
1315 1261 1496 1305 decreta
1527 1261 1644 1304 sacri
1675 1259 1852 1316 concilij

232 1321 481 1374 tridentini,
502 1334 669 1376 magna
691 1334 795 1363 cum
819 1320 1071 1365 attentione
1091 1321 1288 1375 auditur;
1307 1327 1354 1364 et
1370 1327 1475 1363 svnt
1492 1335 1581 1363 non
1605 1321 1718 1364 adeo
1740 1334 1855 1376 pau-

230 1382 291 1435 ci,
317 1381 395 1437 qui
416 1395 465 1424 se
487 1379 765 1423 discessuros
786 1379 1030 1437 minant‘,ur
1054 1379 1092 1423 si
1121 1379 1255 1424 fuerit
1279 1355 1388 1423 'hinc
1415 1387 1648 1423 auocatus.
1682 1381 1854 1423 Verum

229 1455 320 1498 ego
342 1455 430 1483 non
455 1439 696 1483 difficulter
716 1452 819 1482 eum
842 1438 929 1482 alio
951 1416 1182 1482 transferri
1198 1438 1358 1496 patiar,
1377 1438 1431 1492 si,
1452 1440 1573 1495 quod
1589 1438 1698 1481 mihi
1714 1439 1855 1483 semel

230 1499 502 1558 promissum
525 1505 594 1542 est
615 1499 671 1541 de
695 1500 748 1541 P.
774 1498 974 1542 Henrico
995 1498 1231 1554 Dionysio,
1256 1498 1301 1541 id
1323 1499 1379 1542 ad
1402 1512 1495 1541 rem
1518 1499 1730 1541 collatum
1753 1497 1855 1542 fue-

231 1560 305 1603 rit.
330 1560 428 1603 Nec
455 1564 524 1601 est
550 1558 671 1612 quod
697 1558 904 1600 morbum
932 1557 1123 1613 quisque
1149 1564 1371 1602 causetur.
1403 1559 1519 1601 Nam
1552 1559 1637 1601 hac
1669 1557 1766 1613 ipsa
1797 1557 1855 1599 de

229 1633 370 1662 causa
391 1617 578 1660 missum
597 1630 700 1659 eum
723 1618 812 1660 huc
836 1623 1080 1673 oporteret,
1111 1623 1177 1670 ut,
1211 1631 1315 1660 cum
1343 1617 1402 1660 sit
1429 1617 1606 1659 infirma
1633 1615 1854 1659 valetudi-

232 1693 307 1731 ne,
332 1676 574 1720 firmiorem
598 1675 783 1731 adipisci
805 1682 955 1731 queat.
981 1677 1074 1721 Sed
1094 1690 1179 1720 nec
1203 1678 1255 1720 P.
1282 1675 1549 1732 Philippus²
1569 1690 1712 1731 vsque
1729 1690 1856 1719 com-

234 1743 376 1794 paret.
403 1735 710 1791 Quamobrem
731 1734 868 1779 licere
888 1734 998 1777 mihi
1027 1749 1237 1792 cuperem
1266 1749 1346 1792 per
1374 1737 1428 1779 R.
1463 1738 1514 1779 P.
1546 1737 1604 1779 V.
1638 1734 1857 1791 tantisper

237 1798 292 1840 P.
320 1798 457 1839 Petro
480 1794 581 1846 frui,
607 1795 716 1836 dum
738 1794 877 1838 semel
898 1794 1116 1850 promissa
1137 1794 1246 1837 mihi
1267 1802 1569 1851 praestentur3
1596 1809 1621 1837 a
1643 1807 1733 1849 quo
1755 1808 1857 1836 ma-

237 1855 380 1899 iorem
401 1854 449 1896 in
469 1854 653 1895 modum
676 1859 797 1908 peto,
816 1868 889 1905 ne,
914 1853 1035 1908 quod
1055 1853 1278 1910 posterius
1299 1861 1369 1899 est
1389 1853 1663 1906 institutum,
1690 1852 1859 1897 Herbi—

240 1914 426 1971 polense
457 1912 716 1968 collegium,
747 1912 845 1955 eius
873 1912 1087 1956 maiorem
1115 1913 1283 1958 habere
1315 1913 1423 1958 velit
1454 1913 1688 1964 rationem,
1723 1926 1858 1978 quam

241 1972 386 2017 nostri
411 1971 831 2027 braunspergensis,
862 1985 966 2014 cum
992 1978 1038 2015 et
1065 1971 1174 2015 iuris
1201 1973 1313 2016 haec
1340 1972 1398 2016 sit
1427 1973 1599 2028 regula:
1632 1970 1708 2026 qui
1726 1970 1861 2037 ‘prior

238 2039 310 2077 est
331 2038 550 2087 tempore,
575 2031 729 2086 quod·
718 2045 755 2073 is
777 2029 924 2086 potior
945 2036 1014 2073 est
1034 2030 1148 2075 iure.
1174 2030 1238 2084 Si,
1264 2031 1340 2087 qui
1363 2031 1471 2074 mihi
1494 2031 1578 2073 fuit
1595 2029 1858 2086 promissus,

240 2091 407 2135 missus
430 2091 610 2133 tandem
635 2090 877 2144 aliquando
899 2089 1050 2144 fuerit,
1075 2104 1241 2146 magna
1261 2105 1343 2147 spe
1369 2105 1469 2134 sum
1498 2106 1553 2134 ex
1580 2089 1699 2132 illius
1727 2103 1862 2145 prae-

241 2149 388 2195 sentia
409 2150 492 2191 nos
507 2149 740 2205 ingentem
759 2148 956 2191 fructum
974 2156 1348 2205 consequuturos,
1367 2157 1414 2193 et
1431 2150 1595 2191 multos
1612 2162 1711 2191 esse
1728 2147 1863 2191 Chri-

241 2216 312 2253 sto
347 2208 680 2252 lucrifacturos.
712 2209 836 2263 Opto
864 2209 919 2252 R.
950 2209 1003 2252 P.
1033 2210 1092 2253 V.
1123 2208 1217 2263 diu,
1250 2209 1382 2261 bene,
1409 2216 1454 2253 et
1477 2208 1663 2251 feliciter
1693 2207 1861 2259 valere,

242 2268 373 2313 cuius
396 2267 606 2323 precibus
627 2273 672 2310 et
693 2266 924 2322 sacrificijs
945 2281 1017 2310 me
1038 2267 1278 2324 diligenter
1299 2268 1581 2321 commendo.
1612 2268 1780 2309 Datum
1808 2279 1865 2308 ex

243 2334 393 2371 castro
415 2340 516 2370 meo
539 2325 831 2382 Heilspergk,
852 2338 909 2380 24
930 2326 1217 2380 Nouembris,
1237 2341 1356 2370 anno
1372 2313 1557 2371 Domini
1575 2339 1626 2370 Μ.
1646 2340 1693 2369 D.
1714 2338 1865 2368 LXVII.

245 2389 404 2431 Frater
426 2385 472 2428 in
493 2384 692 2436 Christo,

656 2444 974 2496 STANISLAUS‚
1007 2458 1293 2489 CARDINALIS
1325 2457 1631 2490 VARMIENSIS

339 2503 582 2558 Inscriptio
603 2503 654 2544 in
681 2506 848 2558 quarta
867 2504 1066 2560 pagina:
1097 2504 1212 2548 Rdo.
1245 2504 1290 2547 in
1323 2504 1506 2548 Christo
1538 2502 1661 2545 Patri
1688 2500 1870 2544 domino

249 2565 285 2608 F
288 2576 491 2606 rancisco
515 2561 697 2617 Borgia,
722 2568 905 2605 sanctae
927 2561 1167 2607 Societatis
1189 2564 1333 2621 Jhesu
1359 2562 1617 2620 praeposito
1651 2559 1868 2618 generali,

249 2621 408 2666 fratri
398 2637 443 2664 1n
467 2620 649 2664 Christo
670 2620 909 2664 charisimo
930 2627 976 2664 et
1000 2623 1280 2668 honorando.

247 2752 317 2787 «Li
334 2750 472 2787 scholii
489 2749 551 2785 del
572 2749 613 2784 P.
634 2749 774 2785 Natale
791 2749 825 2785 si
842 2749 1054 2786 doueriano
1069 2749 1239 2798 riueder,
1256 2751 1426 2788 secondo
1444 2752 1515 2787 che
1532 2750 1575 2786 fu
1593 2749 1768 2786 ordinato
1786 2748 1875 2783 nela

242 2809 548 2856 congregatione
564 2809 768 2854 generale.
791 2809 841 2844 Et
857 2819 969 2844 come
985 2814 1126 2856 questo
1143 2810 1200 2846 sia
1218 2810 1331 2858 fatto,
1350 2811 1383 2846 si
1403 2810 1661 2846 mandaranno
1679 2820 1700 2843 a
1718 2808 1771 2843 V.
1793 2807 1875 2842 R.»

244 2871 303 2906 Ex
321 2870 509 2914 Regesto,
532 2866 627 2902 Cod.
649 2877 692 2912 33
704 2867 762 2914 f),
783 2867 850 2903 fol.
869 2867 928 2913 93.

318 2928 328 2948 ¹
380 2928 438 2963 Ex
456 2926 681 2973 archetypo,
702 2926 742 2962 in
763 2925 858 2963 Cod.
879 2926 941 2972 38,
960 2926 1107 2975 duplici
1124 2927 1207 2973 fol„
1226 2928 1292 2974 185
1306 2930 1420 2975 (477).
1437 2927 1537 2964 Vide
1551 2926 1718 2975 append.
1736 2925 1877 2970 XLVI,

246 2992 289 3023 et
307 2987 396 3022 LVI
413 2986 488 3021 bis.

321 3046 336 3066 ²
385 3043 738 3081 Widmanstadius.
762 3044 862 3080 Vide
881 3044 1000 3092 epist.
1023 3053 1107 3093 492,
1127 3057 1171 3082 n.
1196 3054 1228 3082 1.
