2228 3548
390 263 460 309 416
898 260 1037 296 EPIST.
1066 258 1112 295 P.
1140 259 1409 304 Nimim-471

339 366 473 407 vinea
496 363 688 406 Domini
711 375 799 405 con
820 362 865 404 la
886 359 1153 404 instruttion
1180 361 1254 404 del
1282 360 1578 415 catechismo,
1609 369 1719 415 etc.,
1753 363 1840 406 che
1862 376 1910 407 se
1933 362 1971 407 si

339 440 597 485 attendesse
619 453 646 481 a
668 438 866 481 fundarli
888 438 1026 482 molto
1047 436 1210 494 adagio
1231 437 1307 482 nel
1329 451 1462 481 corso
1485 437 1587 482 dell’
1611 438 1698 482 arti
1720 446 1765 484 et
1795 440 1972 483 theolo-

338 518 416 574 gia
437 515 730 560 scholastica.
773 515 1001 558 Potrebbe
1038 515 1189 558 anche
1224 528 1364 568 esser,
1402 515 1491 559 che
1511 515 1632 572 dopo
1663 517 1811 561 hauer
1833 531 1969 573 speso

341 593 479 637 molto
498 600 650 648 tempo
666 592 713 634 in
731 598 907 648 questo,
928 605 954 634 0
972 605 1065 635 non
1081 590 1351 636 riuscissero
1374 591 1514 634 molto
1535 591 1716 647 literati,
1736 607 1763 636 0
1786 607 1895 637 uero
1917 608 1968 638 se

339 671 376 714 si
400 677 659 714 trouassero
679 668 810 721 dotti,
835 682 928 711 non
960 668 1191 713 uolessero
1227 667 1302 724 poi
1322 667 1487 725 pigliar
1513 669 1556 712 13
1587 682 1697 714 cura
1723 670 1840 714 delle
1863 670 1964 713 ani-

339 762 426 800 me,
466 746 710 803 aspirando
747 746 806 788 ad
843 747 1036 789 maiora.
1077 745 1162 790 Col
1198 751 1351 802 tempo
1387 746 1609 802 potrebbe
1644 761 1784 802 esser,
1811 749 1899 793 che
1921 748 1966 791 13

338 831 479 881 gente
500 823 577 880 piu
599 824 792 867 fundata
813 823 888 867 nel
909 836 1042 866 corso
1064 823 1153 868 che
1180 822 1340 868 adesso
1368 822 1405 866 si
1433 822 1814 879 cominciarebbe,
1842 825 1966 870 fusse

339 903 491 945 anche
527 901 603 958 piu
645 900 808 945 idonea
847 915 930 957 per
971 900 1115 945 sentit
1154 900 1197 943 la
1234 899 1482 957 theologia,
1523 901 1611 943 che
1648 914 1741 944 non
1773 901 1967 946 sarebbe

340 979 515 1024 adesso.
541 979 628 1022 Del
654 978 736 1021 dar
773 977 1056 1034 predicatore
1092 990 1185 1020 non
1222 976 1420 1022 conuien
1449 976 1485 1020 si
1518 977 1684 1031 faccia,
1721 991 1849 1022 come
1878 978 1916 1022 si
1945 979 1969 1023 ὲ

339 1056 481 1110 dettO,
506 1055 660 1112 obligo
682 1055 866 1108 alcun0;
896 1061 942 1100 et
964 1053 1060 1098 6031
1098 1053 1141 1098 d’
1178 1054 1291 1099 altre
1323 1068 1430 1099 cose
1457 1053 1696 1111 spirituali,
1721 1055 1898 1100 benche
1919 1055 1967 1098 in

339 1146 452 1176 uero
474 1133 518 1176 la
541 1132 827 1188 Compagnia
849 1145 942 1174 non
964 1130 1089 1188 uogli
1116 1145 1332 1174 mancare
1354 1132 1397 1174 al
1419 1131 1606 1176 seruitio
1628 1132 1701 1176 del
1723 1133 1854 1176 Rmo.
1885 1146 1968 1177 ve—

340 1223 483 1254 scouo
505 1209 552 1252 in
574 1216 734 1266 questa
762 1215 907 1265 parte,
932 1208 988 1252 ne
1017 1207 1090 1251 all’
1113 1208 1223 1252 utile
1243 1209 1363 1253 della
1384 1223 1468 1252 sua
1491 1209 1600 1252 citta
1622 1216 1668 1254 et
1689 1209 1903 1254 dominio,
1930 1209 1969 1253 11

340 1287 585 1332 medesimo
607 1285 642 1331 s’
670 1287 856 1330 intenda
878 1293 1048 1343 quanto
1085 1286 1129 1329 al
1164 1286 1324 1343 legger
1358 1286 1390 1329 il
1425 1286 1704 1331 catechismo
1741 1300 1768 1330 ο
1806 1286 1901 1331 6331
1921 1286 1968 1330 (11

342 1364 630 1408 conscienza.
653 1366 747 1408 Pur
763 1363 810 1406 in
833 1371 990 1419 queste
1007 1377 1114 1408 cose
1130 1363 1174 1406 13
1191 1364 1478 1421 Compagnia
1495 1371 1652 1407 nostra
1669 1364 1783 1409 deue
1805 1377 1968 1421 proce-

343 1442 426 1488 der
447 1441 757 1493 liberamente,
798 1441 997 1485 secondo
1034 1442 1122 1486 che
1158 1441 1335 1485 dettara
1371 1442 1416 1484 la
1453 1440 1630 1485 charita
1659 1448 1705 1485 et
1732 1441 1830 1485 zelo
1865 1440 1969 1484 dell’

340 1518 505 1572 anime,
531 1525 576 1563 et
597 1532 690 1561 non
713 1518 912 1561 secondo
934 1517 964 1560 11
986 1517 1159 1574 oblighi
1189 1519 1277 1563 che
1300 1532 1381 1575 per
1402 1518 1538 1562 alcun
1576 1524 1808 1562 contratto
1838 1517 1876 1561 si
1898 1517 1968 1575 pi-

338 1595 576 1653 gliassero,
601 1609 628 1638 o
650 1596 764 1638 altre
781 1596 933 1652 parole
950 1595 1228 1651 equiualenti
1254 1602 1292 1649 Β,
1317 1596 1374 1641 (16
1391 1596 1455 1639 tal
1471 1610 1659 1640 manera
1674 1609 1765 1652 que
1786 1595 1968 1639 entien—
2015 1611 2019 1614 ·

341 1674 433 1716 dan
455 1688 543 1730 que
564 1673 602 1716 31
637 1673 902 1717 dexasemos
938 1673 994 1718 de
1030 1674 1275 1730 proueher,
1301 1686 1361 1716 no
1382 1688 1431 1718 se
1468 1672 1687 1730 pudiesen
1723 1673 1963 1726 lamentar,

339 1765 454 1807 pues
491 1750 738 1806 quedamos
774 1749 925 1804 libres3
966 1765 995 1806 y
1033 1749 1190 1795 siendo
1211 1757 1309 1795 esto
1340 1753 1455 1803 ansi,
1472 1750 1536 1793 ‘el
1573 1751 1721 1795 Sefior
1757 1749 1961 1806 ajudara.

341 1829 539 1884 Quando
575 1828 778 1883 piacesse
801 1828 874 1883 piu
903 1828 945 1871 31
982 1829 1111 1871 Rmo.
1136 1841 1335 1872 vescouo
1371 1829 1460 1873 che
1488 1827 1525 1871 si
1552 1828 1684 1871 desse
1711 1827 1871 1872 adesso
1901 1842 1964 1871 un

337 1904 561 1962 principio
588 1905 630 1948 al
666 1904 858 1960 collegio
883 1904 927 1947 d’
956 1904 1193 1962 Herbipoli
1231 1918 1319 1948 con
1347 1905 1597 1964 solamente
1624 1903 1758 1961 quell’
1787 1911 1965 1948 entrata

340 1982 413 2025 del
435 1980 712 2025 monasterio
734 1981 975 2038 applicato,
1014 1981 1051 2025 si
1087 1982 1309 2039 potrebbe
1330 1983 1441 2035 fare,
1467 1989 1513 2026 et
1534 1981 1572 2025 si
1598 1981 1901 2027 stenderebbe
1922 1982 1965 2025 la

337 2058 622 2115 Compagnia
643 2073 668 2101 a
686 2058 834 2114 quello
872 2060 958 2103 che
978 2058 1026 2101 in
1049 2059 1228 2116 collegij
1258 2059 1303 2103 di
1333 2058 1477 2103 simile
1499 2065 1679 2103 entrata
1701 2065 1747 2102 et
1774 2072 1966 2103 numero

338 2136 464 2180 suole
485 2135 726 2188 stendersi,
747 2137 980 2181 conforme
1001 2137 1043 2180 al
1061 2146 1144 2180 suo
1166 2136 1390 2189 instituto,
1411 2144 1457 2180 et
1478 2138 1565 2179 hor
1580 2136 1647 2180 sia
1662 2136 1710 2179 in
1732 2150 1795 2179 un
1812 2136 1963 2188 modo,

339 2214 427 2255 hor
448 2213 539 2257 nell
562 2213 693 2265 altro,
718 2211 749 2255 il
770 2220 1039 2268 procurator
1068 2215 1156 2257 che
1192 2214 1301 2257 uuol
1331 2214 1415 2257 dar
1451 2214 1481 2256 il
1505 2215 1633 2257 Rmo.
1665 2225 1862 2257 vescouo
1883 2205 1966 2269 per

341 2289 574 2346 ricuperar
589 2289 619 2332 li
637 2288 763 2332 frutti
779 2290 851 2333 del
869 2290 1140 2334 monasterio
1157 2290 1301 2344 unit0‚
1322 2291 1636 2336 conuerrebbe
1651 2289 1847 2346 esplicar
1875 2290 1964 2334 che

337 2375 498 2423 questo
519 2367 741 2423 pendesse
762 2366 864 2410 dell’
887 2367 1072 2411 arbitrio
1093 2368 1212 2412 della
1233 2364 1531 2424 Compagnia,
1558 2368 1647 2410 alla
1677 2367 1812 2423 quale
1839 2366 1961 2410 biso-

336 2443 500 2500 gnaria
521 2442 686 2487 lasciar
705 2441 733 2485 l’
756 2443 1119 2487 administration
1140 2444 1299 2498 libera,
1325 2452 1370 2489 et
1393 2446 1478 2489 che
1500 2444 1537 2488 si
1566 2444 1765 2488 aiutasse
1789 2443 1834 2487 di
1857 2443 1961 2499 quel

338 2527 653 2577 procuratore,
679 2533 705 2562 0
728 2533 802 2572 110,
829 2533 957 2565 come
974 2521 1139 2578 meglio
1156 2521 1186 2564 li
1202 2536 1407 2578 paresse.
1434 2521 1568 2565 Circa
1583 2521 1625 2564 16
1640 2534 1872 2577 promesse
1888 2520 1960 2564 del

339 2597 469 2640 Rmo.
500 2610 713 2649 vescouo,
746 2603 918 2653 quanto
947 2597 1019 2639 all'
1049 2606 1314 2654 augmento,
1338 2597 1651 2643 meritamente
1687 2596 1726 2640 si
1752 2597 1868 2641 deue
1889 2597 1960 2639 far

340 2680 478 2716 conto
503 2687 631 2716 come
654 2673 699 2716 di
721 2673 784 2715 tal
805 2674 979 2729 prelato
1001 2681 1046 2719 et
1067 2674 1287 2732 principe;
1312 2689 1387 2717 ma
1409 2688 1498 2718 con
1519 2674 1581 2717 tal
1602 2687 1824 2730 speranza
1845 2679 1961 2718 met-

339 2756 408 2793 ter
429 2750 676 2794 realmente
704 2749 809 2793 tutti
835 2750 866 2792 li
894 2752 1094 2805 maestri,
1120 2753 1209 2797 che
1241 2751 1417 2796 ricerca
1440 2766 1502 2794 un
1523 2749 1674 2794 studio
1695 2749 1845 2807 pien0‚
1870 2763 1963 2793 non

336 2841 448 2882 pare
471 2828 663 2872 sarebbe
685 2840 791 2870 cosa
807 2828 1165 2883 proportionata;
1185 2844 1259 2872 ma
1279 2829 1357 2886 piu
1374 2836 1529 2886 presto
1546 2828 1859 2873 conuerrebbe
1880 2826 1964 2870 dar

337 2916 560 2959 speranza
582 2903 627 2946 di
649 2903 761 2947 detti
782 2905 965 2949 maestri
986 2920 1067 2961 per
1087 2906 1118 2948 il
1141 2920 1223 2949 suo
1241 2913 1407 2963 tempo,
1433 2905 1615 2961 quando
1642 2905 1687 2948 la
1713 2903 1961 2949 vniuersita

405 3075 427 3096 a
469 3069 680 3116 Sequentia
698 3081 820 3117 usque
838 3069 886 3105 ad
903 3069 1081 3116 ajudard
1099 3071 1188 3108 incl.
1208 3076 1298 3108 sunt
1315 3070 1480 3118 Borgiae
1499 3082 1614 3107 manu
1631 3069 1778 3106 addita.
