2228 3548
913 263 958 301 27
984 256 1093 302 Jum
1121 252 1212 299 1566
1757 259 1827 296 205

238 363 368 419 potra
407 361 554 405 anche
588 358 828 415 disponere
869 358 943 403 del
984 356 1135 400 dottor
1177 355 1400 412 Xpoforo.
1441 353 1685 399 Strobellio
1721 359 1767 398 et
1803 352 1878 396 deI

244 441 297 483 P.
325 437 479 482 Pietro
503 437 629 482 Phae
654 437 683 489 ¹,
708 437 792 479 che
819 436 971 479 hanno
993 434 1039 477 di
1066 432 1196 478 uenir
1221 432 1269 475 di
1290 430 1469 484 Prusia,
1499 431 1678 474 benche
1705 444 1813 487 pare
1834 430 1879 474 13

243 513 479 573 prouincia
499 513 572 557 del
593 514 755 557 Rheno
775 511 923 556 meriti
949 510 1131 555 rihauer
1157 509 1188 552 il
1218 523 1318 562 suo,
1349 522 1429 565 per
1450 508 1480 551 il
1510 508 1644 564 quale
1665 509 1725 551 ha
1746 522 1879 551 man-

247 593 354 636 dato
373 592 497 635 bona
523 590 806 647 ricompensa
832 589 879 632 in
910 587 1086 632 Prusia.
1120 586 1170 632 Si
1200 588 1331 643 potra
1358 587 1504 630 anche
1534 584 1778 642 disponere
1805 584 1881 627 del

249 671 303 714 P.
324 668 483 714 Simon
504 674 714 724 pruteno,
746 668 831 711 che
857 667 917 710 ha
943 666 1063 710 bone
1089 665 1250 709 lettere
1275 669 1321 707 et
1341 664 1462 706 bona
1483 662 1631 719 gratia
1658 661 1705 705 di
1727 661 1882 719 predi-

248 760 366 799 care,
391 752 438 791 et
458 746 602 790 anche
624 743 662 788 si
683 745 708 787 ἑ
731 743 888 787 scritto
916 743 963 786 10
984 741 1198 785 mandino
1220 741 1278 785 de
1299 739 1477 784 Prusia:
1503 740 1529 784 ὁ
1558 754 1669 784 uero
1691 741 1777 783 che
1798 753 1880 796 pa—

246 837 356 868 reua
384 823 415 865 1³
453 821 717 865 aiutarebbe
753 819 870 863 assai
896 819 939 863 13
970 833 1076 862 casa
1112 817 1157 862 di
1194 817 1459 874 probatione
1495 818 1553 862 de
1590 817 1748 860 Rema.
1790 816 1879 861 Del

250 901 304 944 P.
328 898 485 943 Zeidel
506 897 521 917 ¹
543 905 589 943 et
612 900 665 942 Ρ.
692 897 903 941 Hurtado
924 897 957 949 ³,
981 895 1019 939 si
1041 896 1141 939 sara
1170 894 1360 939 liberato
1381 894 1499 939 della
1520 908 1630 938 cura
1652 893 1699 936 di
1719 900 1881 948 rettor,

249 990 299 1020 se
319 990 379 1020 ne
398 976 458 1032 po
479 976 573 1019 fare
595 966 740 1019 anche
762 974 954 1030 qualche
974 972 1205 1029 dissegno,
1236 979 1283 1015 et
1311 971 1431 1015 forsa
1451 971 1510 1016 de
1539 970 1657 1025 altri,
1689 971 1774 1015 che
1796 985 1885 1026 qua

251 1069 343 1098 non
381 1052 422 1097 ci
459 1066 723 1106 occorrono,
760 1057 807 1095 et
841 1064 928 1107 pur
964 1063 1056 1093 non
1094 1063 1209 1092 sono
1241 1047 1453 1105 occupati
1488 1047 1535 1090 in
1558 1047 1807 1091 ministerio
1828 1048 1888 1092 de

255 1130 426 1187 obligo:
451 1136 497 1173 et
519 1143 626 1186 pare
652 1128 794 1172 siamo
822 1141 900 1184 per
932 1127 1093 1171 adesso
1115 1125 1244 1170 liberi
1271 1124 1317 1168 di
1338 1124 1489 1180 quelle
1516 1124 1736 1178 missioni,
1767 1125 1885 1169 delle

257 1207 379 1264 quali
401 1208 496 1252 Sua
518 1205 696 1251 Santita
718 1204 758 1248 ci
781 1205 878 1249 fece
900 1203 1089 1260 parlare,
1120 1209 1165 1247 et
1187 1201 1228 1245 ci
1251 1202 1377 1258 parlo
1398 1201 1456 1245 lei
1487 1208 1647 1246 stessa.
1674 1202 1724 1246 Si
1756 1203 1886 1258 potra

260 1299 383 1330 esser
405 1283 577 1327 aiutato
601 1282 743 1326 Paulo
765 1287 974 1338 pruteno,
1000 1281 1058 1324 V.
1084 1280 1139 1323 R.
1170 1279 1308 1323 credo
1332 1293 1423 1322 non
1453 1278 1642 1322 lasciara
1670 1278 1716 1321 di
1738 1292 1886 1322 esser-

259 1362 371 1405 citar
391 1362 434 1405 13
455 1359 627 1404 charita
643 1372 776 1402 uerso
793 1358 849 1402 de
865 1356 945 1411 lui;
967 1356 1149 1413 quando
1171 1371 1261 1400 non
1278 1355 1316 1399 si
1334 1355 1528 1412 sperassi
1547 1355 1687 1410 aiuto,
1714 1355 1754 1399 ci
1772 1355 1886 1399 auisi

258 1454 308 1484 se
328 1438 359 1482 li
381 1438 628 1496 parerebbe
650 1435 831 1480 douessi
853 1434 1059 1480 liberarsi
1087 1434 1193 1479 delli
1222 1433 1332 1477 uoti.
1360 1434 1467 1490 Qua
1488 1433 1650 1476 stiamo
1678 1447 1768 1476 con
1790 1448 1887 1477 me-

259 1515 412 1560 diocre
439 1514 601 1567 sanita,
630 1513 719 1558 Dio
745 1513 912 1566 lodato‚
944 1519 989 1556 et
1016 1512 1060 1556 13
1087 1510 1369 1556 desideramo
1398 1510 1477 1568 piu
1498 1513 1583 1554 che
1606 1510 1834 1555 mediocre
1862 1524 1889 1553 a

259 1595 317 1638 V.
344 1594 419 1645 R.,
444 1586 493 1636 se
515 1591 694 1648 piacera
714 1590 808 1634 cosi
830 1605 857 1633 a
878 1588 1004 1633 Iddio
1021 1590 1078 1633 N.
1095 1575 1306 1645 Signore.
1327 1589 1385 1631 Et
1401 1601 1488 1632 con
1506 1595 1631 1631 tanto
1648 1587 1709 1631 mi
1732 1602 1888 1631 racco-

259 1670 425 1713 mando
446 1670 585 1712 molto
606 1682 692 1712 con
715 1674 832 1711 tutta
853 1667 897 1711 la
918 1681 1022 1710 casa
1042 1673 1088 1710 et
1109 1665 1287 1722 collegij
1311 1665 1429 1710 nelle
1455 1665 1648 1709 orationi
1675 1672 1722 1708 et
1749 1664 1893 1708 sacri-

262 1747 350 1804 ficij
374 1746 419 1790 di
436 1748 492 1791 V.
520 1748 574 1790 R.
600 1748 671 1790 De
693 1747 852 1798 Roma,
876 1744 907 1787 li
931 1756 986 1798 27
1009 1743 1054 1787 di
1078 1743 1242 1800 Luglio
1271 1744 1397 1798 1566.

351 1826 421 1868 En
441 1825 582 1868 breue
602 1837 651 1867 se
673 1821 888 1867 escriuira
909 1825 1005 1864 mas
1027 1835 1084 1864 en
1106 1819 1367 1877 particular,
1390 1834 1420 1877 y
1443 1833 1530 1863 con
1552 1824 1650 1863 mas
1672 1819 1890 1873 claridad,

264 1915 434 1960 porque
464 1900 647 1945 enbiare
678 1900 720 1943 la
741 1898 924 1943 nomina
951 1899 1007 1941 de
1031 1898 1100 1941 los
1131 1911 1220 1953 que
1242 1911 1291 1942 se
1318 1897 1484 1940 enbian
1516 1900 1543 1940 a
1570 1896 1832 1948 Germania,
1863 1911 1898 1952 y

264 1993 350 2023 eon
371 1979 480 2023 ellos
501 1978 614 2032 dire,
634 1992 737 2033 que,
762 1976 799 2020 si
821 1977 1125 2020 buenamente
1145 1990 1176 2031 y
1203 1973 1274 2018 sin
1296 1988 1400 2019 caer
1421 1989 1478 2019 en
1507 1974 1616 2018 salta
1644 1975 1701 2019 de
1722 1974 1766 2017 10
1788 1988 1893 2030 pro-

263 2055 449 2108 mendo,
484 2070 534 2100 se
560 2055 708 2111 puede
737 2052 908 2098 differir
935 2053 979 2095 lo
1007 2052 1064 2095 de
1093 2050 1328 2108 Herbipoli
1359 2066 1468 2108 para
1505 2058 1605 2094 otro
1638 2057 1749 2103 afio,
1789 2064 1897 2095 creo

263 2135 422 2176 hauria
442 2132 587 2188 mejor
607 2145 791 2175 manera
811 2144 919 2186 para
940 2130 1180 2185 proueher;
1212 2143 1242 2185 y
1269 2129 1452 2184 quando
1482 2143 1558 2181 no,
1582 2129 1626 2171 10
1649 2127 1846 2172 remitire
1868 2131 1895 2170 a

267 2211 324 2254 V.
350 2210 404 2252 R.
437 2209 536 2252 Ora
566 2213 654 2264 pro
684 2221 767 2259 me,
789 2221 820 2262 y
841 2208 1097 2251 esfuerzese
1132 2206 1183 2248 in
1210 2206 1423 2248 Domino.
1456 2207 1527 2250 De
1564 2207 1622 2249 V.
1659 2206 1713 2248 R.
1746 2204 1904 2249 sieruo

268 2300 326 2330 en
342 2285 445 2337 X.⁰,

1367 2360 1404 2403 F
1407 2373 1659 2404 RANCISco.

360 2442 496 2484 Deest
512 2437 763 2494 inscriptio;
779 2436 857 2479 sed
884 2435 1067 2492 aliquod
1093 2435 1242 2492 sigilli
1263 2437 1508 2493 vestigium
1539 2439 1604 2479 est
1626 2436 1676 2478 in
1703 2435 1906 2478 secunda*

267 2518 466 2575 pagina.

361 2607 405 2649 4.
462 2594 562 2651 Jhs.
590 2593 771 2646 Porque
791 2604 852 2633 no
875 2603 980 2634 creo
1001 2603 1050 2634 se
1071 2588 1172 2634 dize
1193 2604 1251 2634 en
1267 2590 1310 2633 13
1332 2604 1422 2646 que
1443 2590 1574 2633 firmo
1604 2596 1792 2634 nuestro
1810 2590 1901 2633 Pa·

272 2672 367 2728 dre,
392 2669 576 2713 anadire
596 2683 677 2726 por
697 2682 752 2711 su
768 2665 1011 2711 comission
1031 2671 1145 2709 esto:
1166 2666 1270 2721 Que
1292 2681 1350 2711 en
1371 2666 1564 2711 Francia
1592 2666 1745 2711 tienen
1773 2665 1906 2722 quasi

345 2773 356 2794 ¹
405 2771 454 2806 P.
478 2770 612 2816 Sunye
629 2767 811 2815 Borgiae,
832 2774 874 2811 15
893 2767 987 2812 Jun.
1009 2765 1113 2811 1566,
1131 2765 1228 2801 haec
1245 2766 1392 2803 retulit:
1414 2767 1559 2803 «...De1
1578 2767 1623 2801 P.
1642 2765 1774 2802 Pietro
1798 2766 1911 2801 Phae}

272 2829 401 2867 scriuo
418 2830 454 2865 al
471 2829 518 2864 Ρ.
543 2828 682 2864 Natale
699 2828 772 2864 che
796 2826 849 2862 mi
873 2837 941 2873 par
957 2825 1030 2861 che
1054 2824 1080 2860 il
1105 2836 1176 2861 suo
1199 2824 1430 2869 ministerio,
1455 2826 1606 2874 poyche
1631 2826 1699 2872 luy
1719 2825 1825 2861 tiene
1850 2830 1906 2860 ta-

273 2891 380 2926 lento
400 2888 441 2924 di
457 2887 656 2936 predicare
674 2892 714 2923 et
731 2884 982 2923 inclinatione
999 2896 1022 2920 a
1034 2885 1180 2932 quello,
1196 2884 1281 2920 sara
1298 2884 1364 2932 pisi
1378 2885 1474 2921 vtile
1491 2886 1595 2921 nella
1609 2883 1790 2930 Fiandra,
1804 2883 1912 2920 doue

275 2948 397 2996 prima
407 2946 633 2994 predicaua,
651 2947 724 2982 che
741 2946 782 2982 in
800 2943 997 2980 Austria.»
1015 2944 1075 2979 Ex
1092 2947 1262 2990 autogr„
1280 2943 1320 2980 in
1341 2942 1437 2980 Cod.
1463 2953 1527 2989 29,
1540 2943 1601 2991 f),
1627 2955 1669 2979 n.
1700 2952 1766 2988 142
1785 2941 1905 2987 (360).

346 3010 361 3030 ²
412 3007 582 3053 Joannes
600 3005 746 3049 SeideI,
764 3003 876 3051 eujus
894 3014 1060 3039 examen
1076 3002 1198 3038 habes
1216 3002 1255 3039 in
1274 3001 1403 3050 Epist.
1423 3003 1578 3045 Natal„
1599 3003 1650 3047 ΙΙ,
1670 3002 1752 3048 567.

351 3067 366 3088 ³
415 3066 465 3102 P.
487 3063 686 3102 Hurtadus
704 3064 846 3100 Perez.
