2228 3548
973 275 997 312 3
1021 276 1124 321 MAjr
1151 277 1242 322 1567
1807 277 1875 323 461

286 380 428 435 tione,
452 379 491 425 si
512 379 752 425 accettino.
779 380 837 423 Et
857 378 953 424 cosi
975 380 1036 424 V.
1060 380 1116 423 R.
1137 379 1268 436 potra
1289 378 1532 436 praticarlo
1552 393 1634 436 per
1655 392 1706 423 se
1726 385 1772 423 et
1791 393 1874 437 per
1895 379 1928 423 li

282 457 542 516 prouintiali
562 457 680 501 delle
701 458 730 501 6
750 457 989 514 prouincie
1011 458 1096 501 che
1117 458 1178 500 ha
1202 463 1224 485 ⁸
1245 456 1291 500 di
1316 456 1518 503 uisitare.
1552 458 1660 513 Qua
1682 471 1778 501 non
1799 457 1841 501 ci
1861 457 1928 500 ri-

283 535 511 580 cordiamo
531 537 675 580 hauer
695 549 948 580 commesso
969 535 1012 578 al
1030 536 1083 579 P.
1109 534 1317 588 Costero,
1337 533 1395 579 ne
1416 534 1475 578 ad
1495 534 1627 588 altro,
1653 536 1740 579 che
1762 534 1925 580 facessi

285 612 418 658 simili
438 613 633 657 scholari
655 611 906 670 approbati.
933 613 991 655 Et
1006 626 1112 656 cose
1127 611 1173 655 d’
1192 611 1474 669 importanza
1489 611 1550 655 mi
1570 626 1679 668 pare
1696 613 1814 657 bene
1831 627 1924 657 non

284 690 323 735 si
346 689 549 734 facciano
570 705 707 735 senza
729 690 787 734 V.
813 691 888 743 R.,
913 688 958 732 in
983 695 1111 733 tanto
1132 690 1218 734 che
1244 691 1365 733 stara
1385 689 1443 732 la.

374 778 416 823 5.
483 767 670 823 Quanto
691 767 734 810 al
755 766 960 811 diuidere
979 766 1023 810 la
1042 780 1172 811 meza
1191 767 1303 810 hora
1318 765 1365 809 d'
1383 765 1604 819 oratione,
1629 751 1714 809 che
1735 765 1774 810 si
1795 766 1822 810 e
1847 781 1927 810 or-

283 843 438 888 dinata
458 845 576 902 dopo
602 858 732 897 cena,
756 843 802 888 in
831 843 966 887 modo
993 844 1078 887 che
1099 842 1137 886 si
1160 842 1303 886 faccia
1324 857 1388 886 un
1417 849 1579 899 quarto
1599 842 1766 896 inanzi,
1792 850 1838 888 et
1859 858 1925 888 un

283 922 397 966 altro
418 921 570 978 dopoi‚
595 921 671 978 piu
694 927 847 978 presto
883 921 945 964 mi
982 934 1099 977 pare.
1125 920 1346 977 potrebbe
1370 919 1556 964 riuscire
1595 919 1662 964 far
1684 926 1752 965 tre
1774 919 1925 976 quarti

285 999 330 1042 d'
354 1000 466 1043 hora
487 999 530 1042 la
551 998 756 1052 mattina‚
786 1012 881 1042 uno
909 996 1066 1042 auanti
1093 996 1124 1040 il
1150 996 1374 1050 desinare,
1415 1004 1461 1042 et
1489 997 1603 1040 altro
1630 997 1752 1054 dopo
1789 1012 1920 1042 cena.

286 1077 471 1120 Intorno
493 1076 536 1120 al
572 1075 766 1133 collegio
793 1075 839 1119 di
875 1073 1129 1131 Magunfia,
1169 1089 1280 1130 pare
1316 1073 1403 1117 stia
1424 1074 1543 1118 bene
1579 1076 1662 1118 che
1689 1074 1718 1117 l’
1747 1075 1923 1121 arciue-

284 1167 428 1197 scouo
465 1155 474 1175 ¹
498 1151 752 1199 conterisca
788 1152 861 1196 col
881 1166 966 1196 suo
986 1149 1182 1208 capitolo
1204 1151 1355 1208 quella
1391 1150 1659 1196 fundatione
1680 1153 1765 1196 che
1786 1152 1926 1198 uuole

286 1231 395 1276 fare.
421 1231 481 1275 A’
504 1230 673 1275 diuersi
694 1228 840 1274 scritti
861 1229 919 1273 de
939 1229 983 1273 la
1006 1227 1156 1281 uisita,
1175 1229 1261 1273 che
1278 1229 1336 1272 V.
1357 1229 1413 1272 R.
1441 1228 1620 1281 manda,
1641 1229 1737 1272 solo
1756 1230 1925 1275 accade

286 1307 381 1352 dire
403 1307 449 1351 in
472 1307 666 1364 risposta
686 1308 772 1352 che
792 1306 814 1334 ¹³
840 1306 879 1350 si
900 1306 1163 1350 uederanno
1185 1304 1322 1361 quelli
1349 1306 1434 1349 che
1464 1319 1557 1348 non
1585 1320 1698 1349 sono
1729 1305 1851 1359 uisti;
1877 1312 1924 1350 et

285 1398 334 1429 se
355 1384 401 1428 di
422 1385 615 1441 qualche
636 1399 742 1428 cosa
762 1382 983 1428 conuerra
1008 1383 1090 1426 dar
1111 1381 1256 1435 auiso,
1281 1381 1319 1425 si
1341 1381 1466 1426 dara.

371 1462 414 1506 6.
479 1462 565 1506 Del
587 1461 782 1518 collegio
803 1461 861 1506 de
882 1458 1119 1516 Herbipoli
1142 1459 1203 1502 mi
1226 1459 1406 1504 rimetto
1428 1473 1455 1503 a
1481 1459 1633 1515 quello
1664 1461 1750 1505 che
1782 1459 1856 1517 gia
1879 1459 1919 1504 si

236 1600 243 1601 ἶ
283 1538 307 1583 ὲ
328 1538 500 1583 scritto.
526 1540 584 1582 Et
605 1539 789 1595 quando
811 1537 850 1582 si
869 1536 1126 1589 accettassi,
1152 1537 1205 1581 V.
1231 1537 1286 1580 R.
1314 1535 1480 1581 uedera
1503 1537 1621 1582 bene
1643 1551 1669 1580 a
1692 1537 1797 1593 qual
1819 1552 1922 1595 pro-

284 1615 435 1660 uincia
455 1616 626 1662 douera
648 1613 903 1672 applicarsi.

374 1705 417 1749 7.
483 1695 669 1750 Quanto
700 1693 743 1736 al
771 1692 959 1736 mandar
994 1691 1026 1735 li
1052 1690 1195 1734 nostri
1230 1691 1376 1744 fuora,
1400 1705 1494 1735 non
1515 1690 1546 1734 li
1583 1690 1865 1748 sciolgiendo
1891 1692 1923 1735 li

287 1770 399 1825 uoti,
423 1785 516 1815 non
535 1770 574 1814 si
597 1785 694 1823 usa,
719 1771 804 1814 che
825 1768 1072 1826 sappiamO,
1099 1783 1149 1812 se
1171 1782 1262 1811 non
1290 1768 1474 1824 quando
1501 1769 1598 1813 loro
1625 1769 1683 1812 da
1710 1783 1759 1812 se
1787 1769 1922 1814 stessi

287 1862 440 1892 uanno
461 1847 551 1901 uia,
576 1862 603 1891 o
626 1862 736 1892 uero
764 1847 946 1903 quando
968 1845 1005 1889 si
1027 1844 1269 1888 licentiano
1294 1845 1339 1888 d’
1363 1859 1455 1889 una
1476 1859 1580 1890 casa
1608 1860 1636 1888 o
1662 1846 1916 1902 prouincia,

286 1939 378 1969 non
399 1925 758 1969 absolutamente
779 1924 895 1968 della
917 1921 1218 1979 Compagnia3
1237 1936 1312 1965 ma
1333 1923 1515 1979 quando
1546 1922 1584 1966 si
1613 1922 1856 1968 licentiano
1877 1924 1919 1967 al

286 2009 421 2056 tutto,
446 2002 723 2048 intendiamo
755 1999 923 2058 seguiti
950 1999 979 2042 l’
1001 1997 1278 2044 assolutione
1303 1999 1362 2045 de
1392 1998 1503 2043 uoti.
1537 2001 1594 2043 Et
1622 2007 1921 2058 quantunque

283 2078 322 2123 si
341 2079 556 2124 mandino
573 2079 617 2122 in
640 2078 906 2136 probatione
942 2076 1014 2120 all'
1052 2075 1292 2132 hospitale,
1330 2083 1437 2130 etc.,
1459 2078 1611 2133 quello
1640 2078 1663 2121 ὲ
1687 2078 1920 2121 conforme

285 2156 357 2201 all'
378 2156 602 2209 institutO,
622 2157 709 2200 che
730 2157 787 2199 ha
809 2154 887 2198 tali
907 2152 1178 2210 probationi3
1199 2167 1272 2198 ma
1288 2168 1506 2211 non-pare
1527 2154 1640 2207 cosi,
1662 2168 1711 2198 se
1728 2154 1766 2198 si
1788 2170 1919 2198 man-

285 2233 467 2277 dassino
489 2234 531 2277 al
552 2232 746 2277 seruicio
768 2231 814 2275 di
836 2231 1027 2287 qualche
1063 2230 1250 2286 prelato.
1293 2231 1479 2287 Quanto
1517 2232 1603 2275 alla
1632 2232 1824 2275 formula
1844 2232 1919 2276 del

286 2309 478 2367 collegio
493 2309 539 2353 di
561 2309 821 2361 Olomucio,
846 2307 884 2352 si
905 2308 929 2352 ὲ
951 2305 1108 2351 scritto
1124 2307 1167 2350 al
1187 2307 1464 2364 prouinciale
1484 2307 1530 2351 di
1561 2308 1749 2353 Austria
1772 2309 1805 2362 ¹,
1831 2323 1919 2352 no-

287 2387 425 2431 tando
454 2385 604 2430 alcuni
626 2385 756 2443 punti
782 2387 867 2429 che
903 2399 1072 2441 pareua
1099 2384 1343 2428 douessino
1365 2385 1692 2438 accomodarsi,
1718 2392 1764 2429 et
1791 2385 1918 2430 accio

288 2465 435 2509 anche
454 2463 518 2507 lui
540 2462 767 2507 mandassi
790 2477 880 2505 una
900 2460 1033 2518 copia
1053 2476 1080 2504 a
1101 2462 1157 2505 V.
1179 2462 1234 2505 R.
1268 2462 1355 2506 Del
1382 2469 1611 2506 contratto
1639 2462 1684 2505 di
1712 2461 1916 2519 Dffinga,

287 2541 430 2586 siamo
451 2540 495 2584 d’
517 2541 682 2584 acordo
703 2540 774 2584 col
795 2538 1022 2583 cardinale
1043 2539 1077 2591 ³,
1097 2538 1139 2581 al
1156 2538 1288 2594 quale
1310 2538 1348 2582 si
1365 2539 1531 2583 mando
1550 2554 1640 2582 uno
1656 2554 1737 2596 per
1753 2539 1795 2583 la
1810 2540 1917 2596 phi-

287 2618 506 2675 losophia,
532 2625 578 2662 et
599 2617 637 2661 si
660 2632 718 2661 ua
738 2616 962 2662 cercando
978 2613 1025 2657 di
1046 2614 1235 2658 mandar
1255 2614 1333 2659 un'
1349 2616 1479 2659 altro.

375 2696 418 2739 8.
483 2695 617 2740 Circa
639 2694 792 2738 Pietro
822 2691 1079 2736 coloniense
1100 2691 1134 2744 ⁴,
1158 2706 1208 2735 se
1229 2691 1293 2734 lui
1314 2691 1580 2736 ricerchassi
1604 2706 1754 2737 essere
1775 2692 1919 2738 libero

284 2773 344 2817 de
363 2772 408 2815 la
428 2771 727 2829 Compagnia,
761 2770 823 2813 mi
845 2783 952 2827 pare
979 2783 1028 2812 se
1054 2767 1084 2810 li
1106 2767 1292 2813 doueria
1322 2770 1588 2822 concedere,
1613 2784 1703 2813 con
1724 2770 1920 2825 qualche

357 2893 379 2914 α
416 2885 502 2921 Hoc
524 2886 639 2922 verb.
668 2884 761 2921 libr.
790 2894 907 2930 supra
931 2893 1041 2919 vers.
1072 2879 1316 2916 addidit.—b
1337 2881 1422 2918 Hoc
1446 2883 1561 2918 verb.
1586 2882 1777 2918 Polancus
1802 2893 1920 2929 supra

287 2955 396 2980 vers.
419 2942 586 2980 addidit.

288 3074 295 3080 .
363 3034 372 3054 ¹
425 3032 564 3070 Daniel
583 3033 751 3069 Brendel
769 3033 819 3068 ab
838 3031 1058 3076 Homburg.
1389 3033 1404 3054 ²
1454 3030 1689 3067 Laurentius
1703 3031 1869 3078 Magius.

361 3095 377 3116 ³
426 3093 523 3132 Otto
539 3093 756 3130 Truchsess
773 3093 822 3129 de
841 3091 1078 3137 Waldburg.
1384 3093 1400 3114 ⁴
1448 3091 1593 3138 Haupt.
