2228 3548
0 0 108 163 vag
138 0 279 26 21³3&
320 0 359 15 ψ·
400 0 410 10 -ι
563 0 599 6 -ῆ
662 0 694 7 '-
740 0 770 5 -·

0 111 3 125 3

36 169 47 183 'a

915 270 939 306 6
964 270 1076 317 Jum
1104 268 1196 315 1566
1759 277 1823 316 171

242 370 384 414 andar
414 370 456 414 al
486 369 778 426 Settiembre‚
806 386 838 428 y
865 374 1059 428 quantos
1089 371 1246 415 destos
1277 371 1427 428 puedo
1454 371 1641 416 embiar.
1667 371 1872 428 Quieren

243 446 443 491 tambien
463 447 635 492 embiar
655 448 696 491 el
717 448 918 504 prefecto
939 448 997 491 de
1017 446 1186 492 Sueuia
1217 460 1242 491 2
1270 447 1388 504 hijos
1415 463 1500 492 con
1522 463 1584 492 vn
1606 450 1869 506 pedagogo.

244 524 352 568 Este
373 538 422 568 es
444 525 486 569 el
507 538 622 581 gran
643 528 805 581 patrc'm
830 539 861 581 y
881 524 1092 569 defensor
1118 531 1320 569 nuestro.
1346 525 1567 569 Tambien
1593 525 1749 582 quiere
1775 540 1874 570 em-

243 601 341 645 biar
362 601 404 646 el
425 601 635 644 cardenal
655 616 718 644 vn
738 601 891 658 nipote
912 615 1041 658 suyo.
1068 602 1173 657 Hay
1195 601 1393 645 tambien
1410 602 1492 645 dos
1507 603 1671 659 pobres
1692 603 1749 646 de
1770 603 1874 647 Au-

245 685 396 734 gusta.
421 679 479 722 V.
513 680 565 721 P.
596 692 670 721 me
706 678 833 724 auise
866 679 924 722 de
960 678 1068 721 todo
1109 692 1189 734 por
1224 670 1266 722 el
1302 678 1497 735 primero
1534 683 1560 723 a
1587 679 1766 725 Vienna
1790 683 1819 723 ό
1845 683 1877 724 ἑ.
1946 708 1951 714 -

245 756 293 799 M
299 761 386 798 tro.
412 754 611 809 CanisiO,
636 761 719 798 etc.
1634 813 1639 816 ‚

1446 840 1633 884 NADAL.

1046 897 1075 955 †

332 986 495 1038 Padre,
522 985 667 1030 uorrei
689 988 773 1030 che
793 986 836 1030 la
859 987 913 1043 P.
938 987 996 1030 V.
1027 986 1087 1029 mi
1110 985 1248 1030 facesi
1270 986 1434 1030 auisar'
1459 1001 1509 1031 se
1530 1001 1608 1043 per
1629 986 1660 1029 il
1681 986 1878 1043 collegio

244 1062 505 1119 germanico
546 1062 583 1106 si
624 1069 848 1118 puotrano
888 1063 1091 1106 mandar'
1130 1062 1312 1106 alchuni
1353 1069 1400 1106 et
1441 1063 1614 1118 quanti,
1659 1063 1873 1107 accioche

244 1140 438 1184 essendo
455 1139 530 1182 tali
547 1138 590 1182 io
604 1139 781 1196 puotesi
802 1141 1003 1183 mandar'
1022 1139 1317 1184 liberamente
1333 1139 1532 1192 alchuni,
1552 1140 1874 1196 specialmente

244 1230 336 1260 vno
357 1218 442 1260 che
464 1216 540 1272 qui
562 1218 588 1260 6
610 1217 749 1260 molto
769 1217 921 1260 lodato
942 1217 1000 1261 da
1022 1216 1172 1272 questi
1196 1216 1331 1260 Padri
1352 1217 1397 1259 d'
1422 1217 1714 1273 Ingolstadio.

335 1294 581 1350 Inscriptio
621 1295 672 1336 in
709 1297 875 1350 quarta
905 1294 1087 1351 pagina
1105 1309 1118 1336 .·
1154 1294 1414 1337 Admodum
1452 1295 1565 1337 Rdo.
1606 1293 1652 1336 in
1690 1294 1878 1338 Christo

247 1369 387 1423 Patri,
413 1371 466 1414 P.
491 1371 528 1414 F
530 1370 732 1414 rancisco
755 1370 966 1428 Borgiae,
991 1370 1248 1427 praeposito
1265 1370 1466 1427 generali
1490 1370 1731 1416 Societatis
1741 1372 1869 1429 Jesu.

247 1447 431 1492 Romae.
463 1448 570 1490 Alia
602 1462 742 1490 manu
760 1462 774 1491 .·
811 1448 937 1503 1566.
972 1449 1202 1504 Augusta.
1231 1449 1283 1491 P.
1310 1448 1487 1492 Natale.
1515 1449 1570 1491 28
1591 1448 1637 1491 di
1665 1447 1871 1505 Giugno.

254 1525 504 1582 Vestigium
526 1524 688 1582 sigilli.

1006 1600 1120 1640 «no

677 1667 731 1710 Ρ.
767 1667 1178 1712 HIERONYMUS
1215 1667 1434 1711 NADAL

570 1735 811 1774 SANCTO
851 1736 1200 1774 FRANCISCO
1238 1737 1315 1772 DE
1351 1735 1549 1784 BORJA

788 1805 1003 1842 DiLmGAss,
1021 1795 1045 1831 6
1062 1804 1162 1839 JUL11
1183 1795 1275 1840 1566
1292 1797 1323 1832 ¹.

244 1862 279 1890 Ι.
302 1853 474 1902 Collegit·
494 1855 736 1903 dilingensis
751 1855 950 1902 fundatio
968 1854 1218 1903 perficienda
1240 1856 1502 1891 videtur.—2.
1527 1856 1580 1892 P.
1612 1856 1780 1892 Thomas
1802 1868 1879 1893 an·
1918 1867 1926 1879 ·

287 1913 383 1961 glus
407 1913 616 1950 Monachio
644 1915 785 1963 egredi
805 1914 990 1961 jubetur:
1011 1925 1112 1950 novo
1137 1914 1336 1962 magistro
1357 1915 1605 1951 novitiorum
1630 1918 1728 1962 opus
1752 1918 1808 1952 est
1832 1916 1876 1952 in

288 1973 362 2009 illo
377 1974 613 2021 collegio.—
618 1983 657 2020 3.
679 1974 741 2010 De
757 1974 924 2022 collegio
940 1973 1319 2020 herbipolensi.—4.
1343 1974 1404 2010 De
1420 1975 1728 2011 olomucensi.—
1733 1985 1774 2020 5.
1797 1976 1875 2012 Ro-

287 2033 419 2068 bertus
436 2032 699 2080 Oenipontem
718 2036 797 2080 pro
820 2034 942 2069 classe
968 2032 1181 2068 rhetorices
1204 2033 1400 2069 mittitur:
1423 2034 1471 2070 de
1494 2035 1706 2082 magistris
1725 2034 1876 2082 Jacobo

295 2091 534 2128 Valentiano
551 2096 588 2128 et
609 2091 811 2128 Gerardo.
824 2092 904 2127 -6.
925 2091 1221 2139 Magistrorum
1239 2093 1284 2128 in
1301 2091 1570 2129 Germaniam
1584 2094 1874 2129 mittendorum

289 2151 483 2187 delectum
501 2152 770 2188 commendat.

310 2227 347 2258 1.
405 2218 504 2274 jhs.
531 2217 673 2260 Molto
701 2217 816 2260 Rdo.
851 2216 898 2259 in
930 2216 1113 2260 Christo
1151 2217 1298 2261 Padre
1334 2225 1506 2262 nostro.
1548 2220 1648 2262 Pax
1686 2217 1872 2261 Christi.

245 2291 373 2337 Hieri
394 2299 523 2336 notte
545 2292 763 2337 riceuette
782 2294 826 2336 la
847 2293 1007 2338 lettera
1022 2294 1080 2338 de
1102 2295 1156 2337 P.
1182 2295 1240 2338 V.
1265 2293 1311 2337 di
1339 2295 1389 2338 18
1411 2295 1485 2340 del
1505 2301 1704 2351 passato,
1728 2301 1774 2338 et
1797 2309 1877 2351 per

244 2369 288 2414 16
309 2369 593 2426 occupationi
621 2385 712 2413 non
740 2370 904 2415 uoleua
930 2370 1144 2424 scriuere3
1169 2371 1306 2415 mala
1333 2372 1558 2417 necessita
1589 2386 1661 2415 me
1691 2372 1736 2414 fa
1763 2370 1873 2415 scri-

247 2460 356 2491 uere
383 2454 558 2503 questa.
599 2447 838 2491 Escriuerc‘)
873 2463 900 2492 a
930 2449 973 2492 la
1009 2448 1137 2504 larga
1174 2448 1329 2491 auanti
1364 2449 1410 2492 di
1432 2448 1572 2506 partir
1599 2449 1644 2492 di
1681 2463 1771 2504 qua
1798 2463 1879 2504 per

247 2522 442 2577 Vienna,
465 2525 549 2567 che
571 2527 672 2568 sara
691 2539 779 2568 con
799 2524 957 2582 agiuto
978 2525 1035 2568 de
1055 2524 1146 2568 Dio
1168 2525 1226 2570 de
1247 2525 1325 2581 qui
1345 2541 1372 2570 a
1393 2533 1491 2570 otto
1513 2525 1679 2583 giomi,
1710 2526 1879 2582 perche

246 2600 364 2643 oltra
390 2601 433 2645 16
459 2601 761 2658 occupationi,
793 2601 1046 2647 necessarie
1076 2616 1156 2658 per
1183 2603 1264 2645 dar
1290 2602 1447 2648 ordine
1473 2618 1500 2647 a
1521 2603 1670 2659 questi
1698 2601 1876 2659 collegij

243 2677 317 2720 ch’
342 2678 401 2720 ho
418 2676 538 2730 nisti,
563 2677 600 2721 si
622 2679 648 2722 6
675 2677 833 2735 gionta
860 2693 951 2721 una
981 2678 1278 2735 occupatione
1306 2679 1577 2736 grauissima
1606 2694 1686 2735 per
1706 2680 1749 2723 la
1772 2679 1880 2722 fun-

244 2753 399 2797 dation
420 2737 476 2797 di'
487 2762 649 2811 questo
666 2754 860 2812 collegio
885 2762 923 2808 ⁸,
947 2754 1186 2812 percioche
1207 2756 1229 2783 b
1242 2756 1286 2800 la
1306 2756 1479 2800 minuta
1501 2759 1585 2800 che
1613 2757 1639 2800 6
1665 2755 1880 2799 mandata

314 2871 336 2893 ²
374 2865 633 2903 Emendatum
661 2879 684 2903 a
712 2867 766 2903 N.
807 2879 856 2903 ex
890 2867 954 2904 del
995 2869 1132 2903 nostro
1161 2867 1414 2916 collegia—²³
1442 2869 1548 2905 Libr.
1579 2868 1826 2916 perchioche.

318 2955 328 2974 ⁴
380 2954 439 2989 Ex
457 2956 683 3003 archetypo,
707 2957 843 3003 ignota
867 2956 980 2992 nobis
1002 2967 1119 2992 manu
1143 2961 1314 3005 exarato,
1335 2963 1377 2995 et
1394 2970 1416 2994 a
1434 2957 1565 2993 Natali
1584 2957 1818 3004 subscripto,
1837 2957 1878 2993 in

246 3014 382 3061 Epist.
418 3013 580 3058 Natat„
608 3015 661 3062 11,
689 3015 838 3063 duplici
866 3015 949 3062 fol„
978 3023 1045 3061 142
1074 3015 1187 3061 (126).
1214 3016 1315 3053 Vide
1344 3017 1465 3065 epist.
1496 3017 1583 3064 406,
1607 3017 1671 3053 eui
1695 3017 1792 3053 haec
1820 3028 1881 3053 re·

250 3073 435 3120 spondet.
