2228 3548
849 305 875 342 3
897 308 1146 344 Dsscmms
1173 306 1267 353 1566
1755 304 1827 341 323

333 423 375 466 3.
441 409 628 466 Quanto
651 409 726 452 alli
747 409 855 453 doni
875 409 922 452 di
943 409 1091 465 quelle
1121 415 1190 454 tre
1215 423 1427 467 persone,
1459 407 1491 451 il
1517 407 1754 451 crucifisso
1783 421 1877 452 non

240 502 352 546 pare
372 487 411 531 si
432 486 596 531 debbia
617 494 844 544 aceptare,
863 487 1059 531 essendo
1076 500 1183 531 cosa
1198 486 1276 543 piu
1292 486 1386 530 rica
1400 492 1446 530 et
1467 485 1645 530 curiosa
1662 484 1708 528 di
1725 485 1876 542 quello

242 566 332 610 che
352 565 419 608 sia
439 565 630 608 decente
652 579 678 607 a
699 571 853 607 nostra
874 565 1078 620 pouerta.
1100 564 1223 620 Quel
1237 563 1361 621 piato
1375 564 1460 607 che
1481 561 1707 606 mandano
1723 563 1766 606 al
1781 561 1876 606 col-

246 641 370 700 legio
390 640 501 698 ogni
521 641 584 695 di,
609 640 648 684 si
668 642 976 686 buonamente
997 641 1035 684 si
1062 640 1245 697 potessi‚
1269 655 1377 698 pare
1398 641 1590 685 sarebbe
1610 640 1667 683 da
1688 651 1876 696 persua—

248 718 362 764 derli
382 732 478 762 non
498 718 542 762 lo
565 719 874 771 mandassem,
899 724 945 763 et
966 717 1005 762 si
1026 717 1214 762 scriuira
1236 718 1279 761 al
1300 724 1441 761 rettor
1468 718 1526 761 de
1561 717 1610 770 li,
1643 718 1730 761 che
1759 730 1809 761 se
1839 715 1878 760 si

243 798 378 853 potra
414 796 720 839 buonamente
757 802 802 840 et
838 810 977 840 senza
1012 794 1277 848 offensione,
1309 795 1347 838 si
1373 794 1465 839 leui
1494 794 1555 838 tal
1584 807 1769 848 usanza3
1801 793 1879 851 pisi

192 881 196 885 “
248 880 401 930 presto
423 886 531 930 pare
553 872 590 916 si
612 873 833 930 potrebbe
855 871 1046 930 pigliare
1065 873 1110 915 la
1137 871 1451 928 equiualencia
1479 870 1526 914 di
1557 871 1707 927 quella
1736 871 1880 916 lemo-

243 949 346 994 sina
367 950 414 994 in
435 951 549 994 altro
572 951 725 1005 modo,
748 951 834 994 che
855 964 947 994 non
973 951 1100 993 fusse
1127 949 1221 993 cosi
1252 949 1384 994 facile
1412 963 1439 992 a
1470 947 1656 992 notarsi.
1694 950 1880 1005 Quanto

250 1028 341 1084 agl’
377 1027 478 1070 altri
508 1026 634 1080 doni,
665 1028 724 1071 ne
751 1026 975 1071 conuiene
1003 1026 1050 1069 in
1078 1032 1198 1069 tutto
1225 1025 1445 1079 refutarli,
1480 1026 1538 1069 ne
1570 1027 1714 1069 anche
1746 1039 1882 1070 senza

249 1103 543 1148 discrettione
565 1110 762 1148 accettar
778 1102 887 1160 ogni
904 1117 1026 1156 cosa,
1046 1103 1212 1160 perche
1234 1101 1458 1146 conuiene
1479 1104 1622 1147 bauer
1643 1102 1831 1159 rispetto
1855 1117 1881 1146 a

251 1195 343 1225 non
364 1180 396 1223 li
415 1180 576 1224 lasciar
597 1194 807 1238 grauate,
830 1179 1022 1223 facendo
1044 1193 1176 1236 sopra
1197 1179 1266 1222 lor
1287 1179 1426 1231 forze,
1451 1180 1509 1222 ne
1531 1179 1606 1222 alli
1634 1178 1796 1223 fratelli
1824 1180 1883 1223 ad

251 1259 440 1303 hauerlo
462 1272 541 1314 per
562 1257 693 1311 ma1e;
718 1257 862 1301 siche
894 1258 1115 1301 conuerra
1144 1263 1264 1300 stare
1291 1255 1339 1299 in
1368 1269 1423 1299 su
1452 1256 1495 1299 la
1522 1255 1801 1308 mediocrita,
1835 1262 1882 1300 et

249 1334 330 1392 piu
350 1341 504 1391 presto
524 1334 683 1378 lasciar
704 1335 790 1378 che
811 1334 907 1378 loro
936 1332 1203 1386 ricerehino,
1238 1334 1323 1376 che
1354 1332 1559 1378 rendersi
1591 1331 1710 1376 facili
1743 1347 1770 1376 a
1800 1330 1883 1377 de-

248 1411 471 1455 mandat-li
491 1426 520 1455 o
541 1411 598 1454 ad
618 1417 817 1455 accettar
837 1410 883 1454 di
910 1410 1022 1455 loro,
1057 1410 1222 1466 Quella
1251 1409 1469 1455 lemosina
1498 1412 1583 1454 che
1616 1411 1767 1453 hanno
1799 1411 1883 1453 ha-

248 1495 364 1533 uuto
386 1487 601 1532 diuocion
623 1487 669 1531 di
690 1489 878 1532 mandat
900 1502 926 1531 a
948 1489 1091 1531 Roma
1113 1487 1160 1530 in
1182 1487 1339 1532 denari
1367 1501 1447 1544 per
1476 1493 1705 1532 sustentat
1733 1486 1883 1530 alcuni

250 1565 476 1619 tudeschi‚
503 1564 811 1609 continuando
833 1565 985 1621 quello
1008 1566 1093 1608 che
1113 1564 1157 1608 la
1175 1565 1330 1608 buona
1350 1563 1567 1608 memoria
1589 1563 1663 1608 del
1691 1578 1774 1608 suo
1802 1578 1884 1621 pa—

247 1644 332 1688 dre
353 1644 529 1696 faceua,
554 1642 598 1686 io
619 1657 712 1686 non
733 1642 883 1686 uorrei
903 1640 1153 1699 impedirla,
1174 1642 1435 1699 parendomi
1451 1641 1517 1686 sia
1533 1656 1613 1699 per
1630 1642 1772 1685 molto
1786 1654 1885 1685 ser-

254 1719 374 1764 uicio
393 1720 450 1763 de
473 1720 599 1763 Iddio
627 1720 686 1764 N.
719 1720 768 1765 S.
800 1719 999 1776 Quando
1026 1718 1255 1763 accadessi
1282 1720 1366 1763 che
1393 1718 1636 1763 andassino
1667 1719 1798 1762 fuora
1827 1718 1884 1762 de

252 1796 505 1853 Hispruch,
530 1796 560 1839 11
583 1796 726 1840 nostri
753 1798 839 1840 che
865 1797 909 1840 le
937 1797 1207 1840 confessario
1242 1803 1462 1854 potranno
1492 1797 1710 1840 obseruar
1741 1795 1771 1838 11
1802 1795 1884 1840 de-

252 1881 382 1918 creto
404 1875 462 1917 de
483 1874 526 1917 13
547 1873 884 1931 congregacion
910 1874 939 1926 ¹,
964 1887 1054 1916 non
1076 1872 1306 1917 lasciando
1326 1872 1373 1916 di
1393 1873 1534 1917 andar
1554 1873 1615 1915 ad
1632 1877 1817 1929 tempus,
1834 1887 1885 1918 se

257 1965 494 1996 ocorresse
536 1965 641 1995 caso
678 1958 888 2008 urgente,
930 1958 975 1995 et
1017 1949 1379 1995 consultandomi
1419 1950 1467 1993 in
1507 1957 1670 2007 questo
1710 1963 1881 2003 mezzo3

250 2029 438 2085 quando
459 2029 502 2073 la
524 2043 630 2073 cosa
651 2028 771 2073 dessi
792 2029 948 2086 luogo,
974 2027 1129 2071 auanti
1150 2029 1236 2073 che
1257 2028 1435 2072 uadano
1456 2027 1601 2080 fuora,
1621 2027 1682 2070 mi
1700 2027 1883 2071 consul-

251 2104 346 2150 tino
368 2113 413 2150 et
435 2105 473 2150 si
495 2106 658 2162 aspetti
680 2105 889 2162 risposta.
917 2106 966 2148 In
988 2103 1233 2149 Germania
1254 2110 1300 2149 et
1320 2105 1444 2162 negl'
1464 2104 1566 2147 altri
1582 2104 1759 2161 luoghi,
1780 2103 1884 2147 uni-

250 2183 553 2228 uersalmente
576 2183 809 2238 parland0‚
834 2196 942 2238 pare
963 2181 1001 2225 si
1024 2180 1188 2225 debbia
1209 2182 1405 2238 guardar
1436 2181 1584 2237 quella
1613 2181 1772 2239 regula
1799 2181 1887 2225 che

249 2258 282 2301 il
309 2261 543 2304 confessor
580 2259 646 2303 sia
675 2259 795 2302 uisto
832 2259 905 2302 del
941 2272 1197 2315 compagno
1231 2259 1413 2315 quando
1448 2260 1656 2302 confessa
1692 2258 1885 2314 qualche

248 2336 402 2380 donna
424 2336 472 2380 in
494 2350 614 2390 casa;
640 2343 801 2392 questo
825 2337 934 2392 pero
956 2335 994 2379 si
1015 2337 1073 2379 ha
1094 2335 1153 2379 de
1177 2334 1412 2381 intendere
1440 2335 1486 2378 in
1515 2342 1686 2391 quanto
1723 2335 1761 2378 si
1793 2335 1884 2392 puo

253 2413 573 2458 moralmente:
604 2413 726 2458 doue
754 2427 844 2456 non
873 2412 911 2456 si
942 2411 1125 2469 potessi‚
1155 2413 1326 2457 hauera
1351 2412 1452 2458 loco
1479 2413 1522 2456 la
1549 2412 1881 2469 dispensacion.

253 2491 441 2546 Quanto
474 2491 516 2534 al
544 2491 625 2534 dar
652 2489 888 2546 conseglio
917 2489 963 2532 in
992 2489 1224 2546 Hispruch
1250 2504 1383 2547 sopra
1409 2490 1440 2533 il
1467 2489 1744 2534 monasterio
1780 2489 1886 2534 delli

256 2566 375 2620 frati,
399 2574 508 2620 etc.‚
534 2568 639 2623 quel
660 2568 746 2611 che
767 2566 829 2609 mi
851 2581 958 2623 pare
979 2566 1021 2619 e,
1046 2567 1132 2610 che
1151 2565 1183 2609 li
1203 2566 1345 2611 nostri
1366 2581 1460 2611 non
1475 2582 1524 2612 se
1546 2567 1882 2610 intromettano.

254 2644 317 2688 Se
337 2643 566 2688 accadessi
588 2645 673 2687 che
695 2642 914 2687 intrasino
935 2643 1084 2699 quelle
1107 2649 1176 2688 tre
1196 2657 1389 2700 persone
1410 2645 1485 2688 nel
1507 2645 1633 2687 detto
1655 2649 1886 2687 monaste-

252 2719 335 2773 rio,
359 2720 391 2763 li
411 2721 554 2764 nostri
576 2728 798 2778 potranno
820 2719 989 2765 sentire
1010 2720 1077 2764 lor
1105 2720 1397 2775 confessioni,
1424 2735 1560 2765 senza
1580 2720 1748 2764 intrare
1775 2721 1884 2776 pero

249 2797 412 2841 dentro
431 2798 505 2841 del
526 2796 813 2841 monasterio.
840 2797 939 2841 Con
960 2797 990 2840 l’
1015 2797 1127 2841 altre
1149 2798 1388 2853 monache,
1413 2812 1463 2842 se
1485 2798 1532 2841 ui
1555 2796 1747 2849 fussino,
1773 2810 1887 2840 con·

247 2875 381 2917 uerra
416 2887 653 2919 osseruare
684 2881 840 2918 nostro
868 2872 1092 2917 instituto.
1133 2874 1220 2917 Del
1251 2880 1402 2918 entrar
1434 2875 1597 2918 dentro
1626 2873 1699 2916 del
1727 2880 1882 2917 nostro

245 2949 440 3006 collegio
462 2964 490 2993 0
506 2950 580 2995 del
595 2951 727 2994 horto
745 2951 868 2996 dette
886 2950 1086 3008 signore,
1105 2964 1214 3008 pare
1236 2947 1302 2995 sia
1319 2951 1548 3008 prohibito
1565 2966 1645 3008 per
1664 2964 1725 2994 un
1740 2946 1883 2996 breue

322 3057 332 3077 ¹
382 3056 596 3092 Decretum
612 3066 659 3102 40
677 3056 873 3093 secundae
890 3055 1208 3104 congregationis
1224 3058 1437 3106 generalis,
1456 3058 1523 3094 ubi
1548 3057 1732 3094 statuitur
1755 3057 1883 3094 socios

248 3112 291 3150 in
307 3114 405 3151 aulis
423 3114 654 3163 principum,
675 3116 750 3152 nisi
768 3115 816 3152 ad
833 3116 1025 3163 perbreve
1044 3120 1213 3163 tempus,
1233 3115 1392 3153 minime
1409 3117 1586 3153 habitare
1603 3115 1764 3153 debere.
