2228 3548
991 320 1215 357 Appznmx
1800 321 1873 368 769

281 424 404 478 Pays
423 421 434 443 ¹
451 427 474 449 ²
491 455 501 473 ,
527 423 610 465 M.⁰
634 420 788 465 Pietro
810 422 1024 478 hungaro
1038 421 1073 474 ',
1098 427 1187 465 etc.
1209 420 1258 467 Si
1286 422 1453 465 mando
1473 421 1505 465 il
1528 424 1581 466 P.
1610 422 1764 466 Pietro
1785 423 1920 479 pochi

281 479 433 539 giomi
449 480 569 536 dipoi
587 496 614 524 a
630 480 861 533 Tirnauia,
875 481 997 526 doue
1014 482 1113 524 sara
1131 482 1276 538 (come
1293 481 1354 524 mi
1373 483 1611 538 persuado)
1628 483 1768 525 molto
1785 489 1919 539 grato

281 547 328 585 et
347 540 458 585 vtile
479 541 522 583 al
542 554 626 583 suo
649 541 831 596 populo.
857 541 891 583 Il
916 542 968 584 P.
994 541 1173 592 Natale,
1193 542 1407 585 hauendo
1428 555 1519 597 qua
1535 541 1662 585 finita
1683 542 1726 585 la
1746 556 1828 585 sua
1847 542 1914 586 vi-

283 599 494 644 sitatione
516 599 561 642 in
585 606 747 655 questo
768 599 978 656 collegio,
1003 599 1041 643 si
1064 600 1229 656 partita
1250 601 1444 645 domane
1473 615 1500 644 o
1532 601 1689 645 luned'l
1714 616 1793 656 per
1815 602 1918 645 Tir-

281 659 420 704 nauia
442 673 528 702 con
549 658 580 701 il
605 661 656 702 P.
678 660 882 702 Lorenzo
906 658 1109 715 Maggio,
1129 659 1368 716 designato
1388 660 1669 716 prouinciale
1690 660 1735 703 di
1758 667 1919 716 questa

281 718 530 775 prouincia,
555 719 749 761 essendo
769 718 996 762 destinato
1017 719 1061 760 io
1083 732 1164 774 per
1185 719 1462 774 Oeniponto,
1487 735 1561 763 ma
1589 734 1668 776 per
1690 722 1794 775 qual
1817 721 1917 763 offi-

281 779 368 831 cio,
393 778 438 821 io
459 792 552 821 non
574 778 618 819 lo
640 791 706 820 so.
735 778 1021 822 Pretendeua
1036 777 1067 820 il
1083 779 1209 821 detto
1228 779 1376 821 Padre
1399 779 1488 823 che
1510 779 1554 822 io
1569 779 1715 835 potria
1731 787 1850 823 stare
1867 780 1914 833 li,

280 853 362 895 per
383 837 525 894 suplir
546 836 578 878 il
600 837 740 892 luogo
761 837 806 879 di
829 838 1089 881 confessore
1109 837 1227 882 delle
1249 837 1424 893 regine;
1450 853 1522 881 ma
1544 852 1735 895 pervna
1756 839 1917 883 lettera

280 900 366 942 che
387 898 434 942 S.
458 898 513 940 R.
539 895 682 952 hoggi
704 897 760 938 ha
785 896 990 940 riceuuta
1011 897 1124 939 d'un
1151 896 1394 940 caualliero
1421 897 1468 940 di
1490 912 1589 942 esse
1610 897 1785 954 regine,
1811 913 1917 954 pare

281 959 367 1002 che
389 971 480 999 non
502 955 540 999 si
562 955 653 1011 puo
674 954 910 1012 esseguire
932 962 1095 1011 questo
1116 955 1365 1012 disegno...

1057 1069 1147 1112 XX

456 1155 706 1194 DECANUS
731 1156 798 1192 ET
823 1155 1134 1193 CAPITULUM
1159 1155 1451 1193 ECCLESIAE
1478 1157 1744 1215 SPIRENSIS

648 1247 866 1279 SANCTO
909 1248 1116 1279 FRANCI
1130 1247 1228 1279 SCO
1271 1249 1341 1278 DE
1383 1249 1559 1288 BORJA

765 1322 939 1380 Spirae,
965 1335 1018 1377 14
1039 1322 1243 1380 Augusti
1271 1323 1383 1378 1566
1400 1324 1433 1366 ³.

432 1412 689 1449 Conditiones
701 1414 779 1458 pro
797 1410 1005 1447 Societatis
1021 1411 1183 1459 collegii
1200 1412 1453 1448 institutione
1464 1415 1765 1460 proponuntur.

372 1492 402 1548 †
436 1490 702 1535 Reuerende
730 1490 882 1533 Pater.
913 1489 1017 1532 Non
1044 1488 1306 1532 dubitamus
1328 1490 1383 1532 T.
1411 1491 1462 1533 P.
1490 1490 1655 1546 elapsis
1683 1490 1914 1534 mensibus

281 1551 519 1596 certiorem
541 1551 706 1593 factam
729 1562 808 1605 per
832 1549 990 1591 Patres
1007 1549 1237 1593 rhenanae
1259 1548 1538 1604 prouinciae,
1562 1563 1652 1604 qua
1673 1550 1914 1595 occasione

282 1613 335 1655 D.
356 1611 648 1655 Lambertum
664 1608 698 1660 ⁴,
717 1606 854 1652 uestri
868 1606 1077 1650 instituiti
1093 1606 1189 1666 [sic]
1204 1608 1519 1663 professorem,
1538 1609 1729 1665 primum
1746 1625 1772 1653 a
1789 1611 1909 1653 Rmo.

281 1677 328 1714 et
358 1671 500 1714 Illmo.
531 1669 727 1712 electore
748 1666 1020 1722 moguntino
1058 1668 1072 1689 ⁸
1101 1666 1412 1722 petiuerimus,
1445 1668 1635 1723 eiusque
1666 1683 1911 1723 consensu,

283 1736 514 1773 annuente
536 1727 673 1772 etiam
690 1725 874 1769 domino
890 1724 1172 1782 prouinciali,
1196 1727 1419 1770 hactenus
1434 1727 1481 1770 in
1498 1728 1795 1771 concionibus
1813 1736 1915 1771 uta-

283 1803 402 1832 mur.
428 1787 554 1832 Certi
574 1786 709 1830 etiam
731 1799 888 1828 sumus
911 1786 965 1828 T.
994 1786 1046 1828 P.
1073 1785 1387 1841 perscriptum,
1407 1788 1787 1842 quemadmodum
1810 1802 1913 1831 cum

286 1855 482 1903 utroque
506 1849 639 1890 Patre
662 1844 707 1887 in
728 1844 926 1900 capitulo
942 1851 1098 1887 nostro
1118 1844 1305 1889 consilia
1325 1846 1666 1898 contulerimus,
1688 1854 1914 1890 tractaue-

285 1907 516 1963 rimusque
538 1919 629 1948 non
651 1904 808 1958 semel,
832 1910 883 1946 ut
905 1902 1145 1948 Societatis
1161 1903 1369 1949 homines
1386 1905 1559 1961 aliquot
1575 1906 1751 1961 Spiram
1771 1907 1916 1949 addu-

285 1981 508 2018 ceremus,
551 1964 629 2020 qui
670 1963 907 2008 ecclesiam
948 1963 1253 2018 praedicando
1294 1970 1340 2008 et
1379 1964 1665 2008 iuuentutem
1709 1966 1917 2009 docendo

283 2026 442 2070 iuuare
463 2030 665 2080 possent.
686 2024 784 2066 Nec
806 2022 852 2065 in
875 2021 1006 2065 nobis
1027 2037 1135 2065 sane
1157 2021 1299 2075 stetit,
1320 2037 1404 2067 cur
1419 2024 1570 2068 minus
1592 2024 1739 2066 omnia
1763 2024 1914 2067 statim

236 2084 245 2095 ⁴
282 2087 546 2129 efferremus
581 2081 1054 2137 constitueremusque
1094 2081 1220 2125 iuxta
1259 2081 1454 2126 instituti
1498 2083 1637 2128 uestri
1679 2083 1918 2127 laudabilis

282 2158 468 2188 morem.
494 2141 644 2187 Vicini
666 2141 712 2184 in
735 2154 874 2184 causa
895 2148 1019 2194 sunt,
1043 2140 1134 2184 imo
1155 2140 1368 2198 oppidani
1388 2149 1434 2187 et
1455 2142 1595 2186 ciues.
1624 2142 1684 2186 Hi
1708 2143 1915 2185 nonnihil

281 2205 534 2254 retrahunt,
559 2208 606 2245 et
627 2200 847 2244 tardiores
864 2214 948 2243 nos
966 2201 1188 2252 fecerunt,
1208 2214 1354 2256 eoque
1368 2202 1692 2258 cogitationem
1716 2209 1914 2245 nostram

280 2263 608 2320 perduxerunt,
648 2260 771 2316 quod
812 2274 1054 2303 numerum
1097 2259 1316 2315 exiguum
1358 2261 1652 2317 petiuerimus
1696 2261 1912 2316 proxime,

282 2319 568 2366 obseruaturi
589 2318 796 2375 quisnam
818 2333 1089 2375 progressus
1118 2319 1422 2376 undequaque
1451 2321 1630 2364 futurus
1654 2328 1796 2371 esset,
1822 2335 1916 2375 quo

283 2379 498 2436 deinceps
535 2378 712 2434 plenius
749 2377 901 2422 omnia
938 2384 983 2421 et
1019 2378 1266 2433 perfectius
1301 2379 1700 2424 constituerentur.
1743 2381 1915 2423 Verum

284 2450 389 2484 cum
411 2437 717 2494 intelligamus
739 2437 865 2493 leges
894 2436 1265 2493 congregationis
1293 2445 1493 2492 uestrae,
1520 2454 1572 2482 ac
1594 2438 1794 2482 rationes
1816 2453 1912 2483 cer-

284 2500 495 2550 tissimas,
521 2497 685 2552 quibus
707 2496 911 2539 sancitae
932 2502 1055 2547 sunt,
1080 2511 1173 2539 non
1195 2497 1328 2550 ferre,
1351 2506 1404 2541 ut
1423 2498 1735 2554 imperfectum
1755 2497 1916 2540 huius-

285 2558 407 2603 modi
441 2571 556 2613 opus
577 2555 824 2610 accipiatis,
864 2555 1077 2610 quodque
1098 2555 1278 2600 firmum
1307 2571 1361 2601 ac
1387 2559 1503 2602 adeo
1533 2565 1800 2614 perpetuum
1824 2571 1915 2599 non

283 2618 358 2671 sit,
382 2617 535 2660 denuo
561 2617 646 2658 hac
667 2613 764 2670 ipsa
785 2614 844 2658 de
873 2628 923 2658 re
950 2613 997 2656 in
1027 2615 1230 2670 generali
1259 2617 1617 2674 congregatione
1644 2623 1689 2660 et
1717 2615 1917 2672 capitulo

355 2760 376 2781 a
414 2752 492 2796 Sic,
513 2761 583 2798 pro
593 2751 778 2797 simenez
794 2753 831 2786 et
850 2750 956 2787 Paez
974 2751 1122 2796 (Paes).

356 2867 365 2887 ¹
418 2864 613 2901 Henricus
637 2863 739 2899 Paez
760 2863 907 2909 (Paes).
1011 2906 1014 2909 Ι
1119 2908 1123 2913 ¹
1405 2869 1420 2889 ²
1470 2867 1609 2902 Petrus
1628 2866 1819 2901 Hernath.

354 2927 368 2947 ⁵
417 2926 476 2960 Ex
494 2925 718 2971 archetypo,
739 2922 779 2958 in
800 2922 899 2958 Coa.
923 2933 987 2968 43,
1007 2922 1152 2970 duplici
1170 2923 1263 2972 fol„
1285 2934 1351 2962 110
1370 2926 1490 2972 (260).
1516 2926 1614 2962 Vide
1634 2937 1723 2972 pag.
1754 2923 1810 2970 133
1834 2932 1915 2969 1173

287 2993 368 3030 127;
392 2993 471 3030 1423
492 2982 574 3028 235;
593 2981 677 3028 3543
696 2981 780 3027 3323
799 2992 884 3027 4003
906 2987 946 3017 et
962 2990 1047 3028 405.
1063 2981 1126 3019 Cf.
1142 2983 1260 3035 etiam
1278 2985 1443 3033 append.
1465 2986 1532 3032 VI,
1552 2985 1637 3020 VII.
1693 3020 1697 3025 ,

357 3046 373 3067 ⁴
422 3045 466 3079 P.
487 3043 719 3078 Lambertus
738 3042 858 3086 Auer,
878 3039 1007 3078 rector
1024 3043 1181 3089 collegii
1198 3045 1434 3091 moguntini.

361 3105 376 3126 ⁵
425 3102 564 3138 Daniel
583 3101 751 3138 Brendel
769 3102 819 3137 ab
837 3101 1060 3148 Homburg.

469 3186 587 3215 Emsr.
607 3184 644 3214 P.
666 3185 801 3221 NADAL‚
820 3192 895 3214 rou.
916 3184 975 3214 111.
1124 3221 1139 3235 ·
1706 3187 1741 3215 49
