2228 3548
0 3051 13 3235 *,1¹,¹''‘“'’⁷¹
0 3018 9 3036 -;-
0 2993 5 3004 -
0 2958 6 2979 ρ.
0 2871 6 2935 -w-2
0 2843 7 2859 a:
0 2783 7 2830 --„,

860 310 908 337 20
933 300 1166 337 Fannmnn
1194 299 1285 345 1567
1775 295 1848 344 379

253 403 536 463 protestanti)
572 402 740 446 vadino
778 401 927 459 questi
963 401 1037 445 all’
1077 400 1269 456 exequie
1305 401 1363 446 de
1399 399 1552 457 quelli,
1587 404 1628 443 et
1663 414 1686 442 e
1721 403 1902 452 contra,

255 481 438 539 quando
458 481 598 525 acade
619 479 770 529 morir’
794 480 991 524 alchuno
1011 477 1058 522 di
1078 478 1192 532 loro,
1216 484 1263 522 et
1283 478 1433 521 odono
1454 477 1497 521 16
1518 476 1733 534 prediche
1749 477 1835 521 che
1856 475 1896 520 si

258 559 364 603 fano
383 557 429 601 in
452 557 530 601 tali
550 556 773 613 essequie.
800 555 938 601 Hami
958 555 1217 600 consultato
1239 555 1298 600 de
1319 561 1481 611 questo
1502 556 1620 599 Mro.
1647 555 1841 598 Hermes
1861 554 1895 596 ¹.

257 637 322 690 Io,
346 635 546 692 sapendo
567 636 653 679 che
675 633 901 691 passando
923 647 1004 690 per
1024 632 1070 676 di
1091 633 1134 676 13
1152 631 1227 675 doi
1244 632 1302 677 de
1322 631 1482 685 nostri,
1504 633 1619 675 Mro.
1641 631 1832 675 Costero
1847 637 1901 673 et

258 715 373 758 Mro.
397 711 602 757 Antonio
622 711 810 765 Winch,
839 710 1065 768 risposero
1092 711 1178 754 che
1205 709 1236 753 li
1274 708 1485 753 catholici
1517 715 1777 765 puoteuano
1809 707 1900 752 far*

257 796 436 848 questo,
460 790 638 832 ratione
665 789 812 846 offitii;
838 787 1051 832 hauendo
1078 791 1230 830 tamen
1261 786 1305 830 io
1337 786 1570 840 difficolta,
1605 786 1666 829 m’
1698 785 1723 829 ὲ
1759 798 1901 841 93180-

256 865 519 911 tratenermi
541 866 586 909 in
608 880 699 908 vna
720 863 1000 919 mediocrita,
1019 871 1065 908 et
1081 864 1178 907 dire
1194 878 1222 907 a
1238 866 1355 908 Mro.
1376 865 1572 908 Hermes
1593 864 1678 906 che
1695 876 1787 905 non
1804 861 1894 905 faci

254 943 484 996 difficolta,
505 943 670 999 perche
687 942 932 987 realtnente
948 940 1104 997 quelli,
1121 956 1149 984 a
1163 940 1236 984 chi
1253 940 1284 983 li
1300 939 1444 984 nostri
1459 939 1534 983 doi
1551 938 1718 983 dottori
1739 940 1898 982 hanno

254 1020 464 1078 risposto,
490 1026 621 1063 stano
642 1019 690 1062 in
710 1019 861 1062 buona
884 1018 1002 1072 fede3
1028 1024 1074 1063 et
1094 1019 1180 1061 che
1201 1017 1245 1061 io
1267 1017 1314 1060 in
1336 1023 1463 1060 tanto
1490 1015 1705 1061 scriuerei
1734 1031 1761 1060 a
1796 1017 1891 1060 Ro-

256 1112 330 1141 ma
351 1111 432 1154 per
451 1104 473 1125 ²
491 1097 644 1141 veder’
668 1095 715 1139 di
735 1096 892 1139 hauer’
916 1095 960 1138 13
981 1094 1155 1140 licenza
1175 1095 1232 1137 da
1259 1095 1353 1139 Sua
1374 1094 1469 1139 85²
1493 1107 1521 1137 o
1542 1093 1660 1137 dalla
1682 1092 1892 1149 peniten-

256 1174 392 1219 ciaria
433 1175 542 1217 viua
563 1187 682 1216 uoce.
707 1173 766 1217 V.
793 1174 844 1216 P.
867 1185 948 1229 per
969 1171 1142 1214 charita
1163 1171 1206 1214 la
1229 1170 1343 1214 faeci
1364 1170 1640 1214 dimandare.
1667 1171 1733 1213 La
1754 1183 1893 1213 causa

257 1253 343 1296 che
364 1251 403 1295 si
423 1251 513 1308 puo
533 1251 641 1295 dare
661 1250 702 1303 ὲ,
726 1248 891 1306 perche
911 1263 1020 1306 pare
1040 1247 1157 1292 saria
1178 1262 1269 1291 vna
1290 1261 1403 1304 gran
1422 1246 1678 1299 disunione,
1698 1252 1895 1289 conten-—

258 1327 368 1372 tioni
389 1335 435 1372 et
456 1326 654 1384 peri001i‚
679 1341 729 1370 se
749 1324 994 1371 altrimenti
1022 1324 1061 1368 si
1091 1325 1254 1369 facese:
1286 1330 1333 1369 et
1360 1324 1622 1369 finalmente
1659 1324 1702 1367 10
1734 1324 1893 1366 sarano

257 1419 394 1450 senza
415 1404 527 1448 altra
547 1403 719 1447 licenza
739 1417 767 1446 o
788 1401 1141 1459 dispensatione,
1165 1402 1208 1445 la
1230 1401 1364 1458 quale
1383 1415 1435 1446 se
1454 1401 1476 1429 ¹³
1502 1402 1539 1444 s’
1563 1402 1622 1444 ha
1644 1401 1703 1443 da
1724 1413 1891 1444 conce-

257 1483 372 1535 der’,
396 1481 464 1525 sia
484 1488 503 1509 c
530 1489 749 1538 supposto
770 1481 855 1523 che
876 1494 956 1536 per
977 1485 1139 1535 questo
1165 1479 1262 1522 loro
1283 1492 1376 1522 non
1406 1477 1445 1522 si
1475 1491 1705 1523 muoueno
1735 1476 1897 1521 niente

255 1559 373 1604 dalla
394 1558 497 1604 fede
519 1557 759 1611 catholica,
785 1571 834 1601 se
856 1571 948 1600 non
970 1558 1055 1601 che
1083 1569 1203 1599 uano
1225 1569 1354 1601 come
1374 1570 1401 1599 a
1420 1569 1512 1599 vna
1539 1569 1648 1598 cosa
1675 1553 1888 1611 polytica.

255 1637 434 1693 Questo
462 1638 614 1678 tamen
640 1635 807 1679 vedera
838 1635 895 1678 V.
932 1635 986 1677 P.
1026 1647 1077 1676 se
1107 1632 1371 1690 conuenghi
1402 1631 1684 1676 dimandarlo
1713 1646 1741 1674 o
1774 1643 1885 1683 non;

255 1712 421 1770 perche
442 1726 532 1756 non
556 1711 872 1767 conuenendo,
897 1725 989 1754 non
1011 1710 1161 1754 uorrei
1182 1711 1267 1753 che
1295 1709 1390 1755 Sua
1411 1710 1505 1754 S.t²
1529 1710 1567 1754 s’
1592 1707 1788 1761 alterasi,
1819 1707 1895 1750 di-

256 1789 403 1834 cendo
425 1790 510 1834 che
531 1789 607 1833 noi
628 1788 933 1833 dimandiamo
954 1787 1072 1832 simil
1092 1801 1214 1839 cose,
1240 1795 1328 1832 etc.

344 1882 388 1925 9.
454 1869 569 1911 Mro.
595 1866 798 1912 Henrico
819 1866 1026 1910 Arboreo
1047 1864 1110 1907 mi
1126 1864 1336 1908 scriueuo
1357 1865 1442 1908 che
1464 1870 1534 1907 sta
1549 1863 1596 1906 in
1612 1861 1891 1920 Ingolstadio

257 1945 399 1988 molto
419 1945 551 1997 male,
575 1951 621 1987 et
642 1945 727 1987 che
748 1943 1009 1987 douerebbe
1031 1943 1168 1987 esser'
1192 1941 1382 1985 liberato
1398 1941 1516 1985 dalla
1538 1954 1621 1984 sua
1637 1939 1825 1985 lettione
1840 1938 1886 1982 di

254 2021 420 2079 logica:
445 2020 719 2065 dimandano
739 2034 831 2064 vno
851 2021 937 2064 che
958 2019 990 2062 li
1011 2019 1078 2062 sia
1099 2017 1349 2072 sustituito,
1374 2025 1420 2062 et
1441 2018 1486 2062 io
1506 2033 1599 2062 non
1622 2017 1740 2062 uedo
1755 2017 1887 2069 altro,

253 2113 304 2143 se
324 2113 415 2142 non
438 2099 659 2143 accorrer'
684 2098 770 2141 alla
794 2099 846 2141 P.
873 2098 951 2151 V.‚
971 2095 1136 2152 perche
1153 2095 1198 2139 di
1215 2109 1304 2152 qua
1321 2095 1455 2140 insin'
1480 2095 1642 2140 adesso
1660 2108 1751 2137 non
1771 2094 1897 2138 uedo

253 2190 384 2221 come
404 2174 599 2232 puoterli
620 2174 888 2232 prouedere,
913 2174 969 2218 ne
992 2188 1155 2217 manco
1172 2174 1233 2217 ho
1249 2187 1465 2230 speranza
1482 2175 1567 2216 che
1589 2171 1630 2215 ci
1648 2171 1714 2215 sia
1730 2170 1777 2213 in
1795 2171 1887 2214 Co-

252 2251 390 2306 lonia,
415 2251 652 2308 percioche
680 2251 727 2294 in
758 2250 1052 2308 Ingolstadio‚
1083 2249 1315 2295 essendosi
1351 2256 1647 2307 augmentato
1684 2248 1824 2291 molto
1856 2247 1888 2290 il

254 2328 405 2372 studio
428 2328 486 2373 de
506 2327 805 2384 philosophia,
829 2327 1023 2385 bisogna
1048 2329 1133 2371 che
1154 2325 1353 2371 habbino
1373 2341 1566 2384 persona
1588 2326 1632 2368 d'
1667 2338 1894 2382 apparen-

256 2405 319 2448 tia
339 2412 386 2449 et
407 2405 453 2448 di
474 2404 712 2458 sustantia3
732 2412 778 2450 et
798 2404 829 2448 li
851 2404 1009 2457 nostri,
1030 2405 1087 2448 de
1109 2403 1410 2461 qualsiuoglia
1430 2403 1614 2447 natione
1636 2404 1720 2446 che
1740 2401 1779 2444 si
1798 2400 1894 2444 sia-

255 2497 333 2536 no,
357 2482 566 2527 venendo
586 2481 634 2524 in
655 2481 901 2526 Germania
921 2497 1002 2539 per
1016 2482 1191 2538 legger’
1210 2480 1510 2537 philosophia,
1530 2482 1567 2523 s'
1593 2479 1792 2522 aiutano:
1818 2477 1889 2520 di-

255 2559 332 2615 poi
353 2559 391 2602 si
412 2572 566 2615 puono
586 2557 790 2603 riuocare
811 2558 992 2614 quando
1014 2557 1171 2614 parera
1194 2557 1280 2601 alla
1296 2558 1350 2601 P.
1376 2558 1465 2611 V.‚
1490 2563 1535 2602 et
1557 2570 1667 2600 sono
1690 2554 1790 2598 fatti
1811 2554 1892 2611 pisi

255 2635 370 2679 dotti
391 2636 462 2679 co'
485 2635 516 2678 l'
539 2634 766 2679 occasion'
790 2635 848 2680 de
868 2636 1038 2692 legere.
1065 2633 1159 2690 Qui
1183 2635 1244 2677 ho
1265 2634 1423 2678 uoluto
1449 2633 1671 2677 introdur’
1700 2632 1744 2675 la
1774 2646 1894 2674 con-

254 2711 496 2756 suetudine
523 2713 608 2756 che
636 2713 672 2755 s’
711 2712 737 2755 e
774 2726 922 2756 messa
957 2710 1091 2755 insin’
1131 2724 1236 2766 qua,
1267 2710 1313 2754 di
1346 2712 1523 2756 metter’
1554 2709 1747 2766 qualche
1774 2722 1894 2764 poco

252 2789 298 2831 d'
322 2802 468 2843 acqua
488 2789 531 2831 al
552 2788 674 2842 vino,
698 2774 744 2832 et
766 2790 827 2832 m’
851 2790 1003 2833 hanno
1026 2789 1138 2831 satta
1159 2802 1274 2844 gran
1301 2786 1619 2845 repugnantia:
1654 2800 1744 2829 non
1770 2785 1802 2827 li
1828 2787 1893 2828 ho

322 2930 343 2952 ⁸
381 2932 402 2959 2
426 2924 547 2959 verba
569 2935 679 2972 seqq.
703 2935 821 2972 supra
843 2935 952 2961 vers.
975 2923 1125 2960 addidit
1142 2923 1302 2959 libr.--b
1332 2924 1443 2959 Haec
1460 2922 1650 2970 particula
1679 2920 1810 2957 addita
1827 2925 1894 2957 est

259 2994 375 3030 supra
393 2994 502 3020 vers.
524 2994 547 3019 a
564 2983 730 3019 libr.-c
753 2984 838 3020 Hoc
854 2985 966 3020 verb.
986 2983 1135 3019 addidit
1152 2983 1241 3019 libr.
1260 2994 1377 3031 supra
1394 2994 1499 3020 verS.

331 3110 342 3131 ¹
393 3109 605 3156 Halpawer
613 3137 622 3145 .
