2228 3548
455 287 526 335 393
967 288 1107 324 Eprsr.
1134 286 1180 323 P.
1206 287 1242 322 N
1245 288 1475 334 Amr—466

409 404 612 433 romano.
656 387 816 433 Vorrei
854 387 1077 433 intender’
1116 388 1232 432 dalla
1254 390 1307 432 P.
1333 389 1390 432 V.
1432 403 1481 433 se
1516 390 1546 432 1’
1571 391 1631 433 ho
1654 390 1711 434 da
1746 391 1841 433 fare
1877 388 1923 432 di
1953 402 2044 444 qua

404 465 581 519 auanti,
606 472 651 509 et
673 479 759 508 con
782 467 866 509 che
883 464 1155 510 ceremonie.

500 555 543 597 4.
610 543 696 586 Per
720 541 960 586 occasione
981 541 1027 584 di
1055 547 1218 597 questo
1254 541 1403 586 vorrei
1439 550 1749 599 rapresentare
1776 544 1862 588 alla
1891 545 1944 587 P.
1978 543 2035 587 V.

404 621 497 664 che
518 620 723 662 almanco
747 618 819 661 alli
848 617 1112 675 prouinciali
1132 617 1178 662 di
1200 625 1358 674 queste
1379 619 1469 663 due
1497 619 1728 676 prouincie
1756 620 1793 665 si
1820 619 2035 671 scriuese,

406 699 498 741 >che
518 697 709 741 essendo
731 695 774 739 io
794 711 874 752 per
902 695 948 739 di
971 710 1075 751 qua,
1110 709 1202 739 non
1233 697 1457 740 facessero
1485 710 1592 740 cosa
1619 711 1771 741 nuoua
1801 698 1844 740 d’
1869 696 2038 753 impor-

408 780 559 826 tanza,
585 788 719 817 senza
742 771 1048 826 consultarmi;
1073 771 1315 817 altrimenti
1337 772 1380 816 io
1402 787 1490 816 non
1516 774 1676 829 puotro
1692 765 1788 818 dire
1803 773 1834 817 il
1851 773 1941 817 mio
1958 788 2040 830 pa-

412 865 528 905 rere,
553 850 750 894 secondo
772 850 814 892 la
837 848 1152 895 commissione
1173 850 1260 894 che
1279 851 1339 893 ho
1360 849 1479 894 della
1501 851 1553 893 P.
1579 851 1637 894 V.

504 938 545 983 5.
611 928 842 971 Passando
864 941 944 983 per
972 926 1276 980 Confluentia,
1310 926 1455 970 trouai
1485 933 1601 970 sette
1624 926 1831 971 canonici
1851 927 1909 972 de
1929 928 2044 972 Tre·

413 1004 516 1058 uiri,
539 1011 584 1048 et
607 1018 696 1047 non
719 1003 750 1046 il
770 1004 958 1056 decano,
985 1003 1256 1060 congregati
1285 1018 1364 1060 per
1401 1004 1443 1047 le
1479 1003 1686 1060 essequie
1718 1010 1805 1047 etc.
1836 1004 1940 1048 dell’
1971 1019 2045 1047 ar-

406 1081 656 1126 ciuescouo
677 1088 823 1124 morto
851 1082 872 1123 ¹.
900 1081 1084 1125 Benche
1112 1095 1202 1124 non
1225 1080 1285 1124 mi
1319 1080 1474 1124 fermai
1497 1081 1573 1137 piu
1612 1083 1696 1124 che
1727 1095 1754 1124 a
1774 1094 1940 1136 pranso
1959 1094 2047 1124 con

413 1159 511 1202 loro
538 1159 611 1202 nel
639 1159 839 1210 castello,
871 1158 991 1201 doue
1026 1158 1165 1201 fanno
1202 1158 1354 1202 tauola
1390 1172 1518 1202 come
1553 1158 1582 1200 l’
1622 1157 1931 1210 arciuescouo,
1955 1171 2047 1201 non

415 1236 553 1292 puote
581 1234 799 1278 scusarmi
826 1234 871 1277 di
894 1235 1021 1287 farlo,
1052 1249 1132 1290 per
1153 1235 1314 1292 grand'
1339 1234 1543 1279 instanza
1564 1236 1648 1278 che
1670 1234 1730 1278 mi
1750 1236 1800 1278 fu
1827 1235 1953 1278 satta:
1977 1233 2035 1277 di-

415 1319 696 1356 mostrorono
719 1326 832 1368 gran
854 1311 1186 1364 beneuolentia,
1211 1319 1298 1355 etc.
1325 1313 1400 1355 Ho
1422 1318 1585 1368 saputo
1605 1312 1636 1354 li
1652 1311 1738 1355 dal·
1753 1304 2044 1364 reddituario,

412 1391 503 1433 che
521 1389 552 1432 li
574 1388 714 1432 nostri
736 1403 830 1432 non
851 1390 1002 1431 hanno
1024 1388 1247 1433 necessita
1268 1388 1314 1432 in
1347 1388 1539 1433 Treuiri:
1567 1396 1612 1431 et
1640 1387 1965 1445 specialmente
1986 1386 2048 1430 mi

407 1466 538 1512 <disse
559 1468 642 1510 che
670 1465 950 1522 monsignor,
977 1465 1051 1509 doi
1087 1465 1235 1522 giorni
1258 1465 1411 1510 auanti
1445 1468 1529 1509 che
1562 1480 1751 1518 morese,
1783 1464 1814 1508 li
1835 1464 1933 1508 dise
1965 1466 2050 1508 che

410 1544 556 1601 »quelli
577 1544 621 1586 di
650 1544 985 1597 Luzemburgo,
1010 1544 1250 1588 haueuano
1288 1543 1525 1600 impetrata
1551 1543 1669 1586 dalla
1691 1540 2012 1599 gubernatrice
2033 1541 2048 1562 ¹

416 1627 465 1665 et
487 1627 611 1663 corte
633 1620 678 1663 di
702 1620 930 1664 Brusselle
952 1635 1041 1663 vna
1062 1619 1350 1673 comissione,
1379 1635 1457 1677 per
1479 1619 1704 1677 applicare
1725 1619 1756 1662 il
1777 1617 2051 1662 monasterio

410 1698 464 1741 di
486 1698 578 1743 S.ta
613 1698 810 1740 Barbara
832 1698 887 1741 de
910 1698 1247 1753 Luzemburgo,
1273 1697 1348 1754 gia
1371 1696 1594 1754 applicato
1616 1697 1658 1740 al
1677 1702 1831 1740 nostro
1854 1694 2047 1752 collegio

416 1775 477 1819 de
499 1773 690 1826 Treuiri,
712 1789 738 1816 a
766 1775 841 1817 vn'
873 1775 985 1817 altra
1013 1789 1149 1830 opera
1176 1774 1248 1831 pia
1276 1775 1333 1818 de
1355 1776 1591 1827 monache,
1632 1773 1942 1830 pretendendo
1964 1773 2048 1815 ha-

419 1866 530 1896 uere
570 1852 711 1895 breue
753 1865 780 1893 o
821 1851 1034 1895 auttorita
1077 1852 1150 1895 dal
1190 1867 1307 1909 papa
1347 1866 1426 1908 per
1469 1858 1647 1907 questo.
1693 1852 1740 1894 Io
1782 1849 1984 1895 scriuero
2021 1864 2047 1893 a

422 1931 535 1973 Mro.
555 1929 761 1980 Coster0‚
782 1943 831 1972 se
854 1930 942 1984 puo
958 1931 1127 1973 hauere
1148 1930 1341 1986 qualche
1362 1943 1517 1973 mezzo
1538 1928 1585 1972 in
1607 1929 1732 1972 detta
1753 1935 1897 1980 corte,
1922 1925 2047 1971 accio

419 2005 459 2049 si
480 2005 707 2061 suspenda
728 2005 757 2047 l'
789 2006 1127 2061 essequutione,
1151 2006 1288 2050 insin'
1311 2006 1398 2050 alla
1420 2005 1632 2050 elettione
1654 2005 1726 2048 del
1754 2019 1909 2047 nuouo
1933 2003 2049 2047 arci-

422 2096 638 2135 uescouo,
664 2088 709 2126 et
736 2081 1056 2138 specialmente
1093 2084 1258 2140 perche
1280 2084 1306 2128 e
1341 2085 1417 2127 vn'
1458 2097 1577 2127 anno
1613 2084 1699 2127 che
1730 2081 1805 2124 noi
1841 2081 1982 2125 siamo
2004 2080 2049 2124 in

423 2174 629 2216 possesso
652 2173 730 2216 per
759 2159 971 2203 auttorita
1009 2161 1269 2217 apostolica.
1303 2161 1426 2206 Sela
1450 2162 1503 2204 P.
1541 2161 1599 2204 V.
1632 2159 1722 2216 puo
1749 2158 1922 2203 aiutare
1943 2157 1989 2202 di
2009 2158 2052 2201 la

422 2236 470 2280 in
493 2243 652 2292 questo
674 2251 754 2292 per
776 2237 966 2292 qualche
995 2253 1169 2291 mezzo,
1203 2253 1230 2282 o
1267 2252 1354 2282 con
1381 2238 1539 2282 lettere
1561 2237 1635 2281 del
1651 2235 1879 2280 cardinale
1899 2236 2053 2280 Gran-

423 2314 541 2366 uela,
567 2328 594 2356 o
631 2327 740 2357 uero
776 2313 849 2356 del
877 2314 1183 2358 alessandrino
1210 2315 1268 2359 da
1299 2322 1426 2372 parte
1454 2315 1528 2359 del
1564 2329 1694 2370 papa,
1725 2327 1752 2356 o
1787 2311 2048 2365 altrimenti,

424 2389 541 2434 saria
563 2390 629 2433 far
651 2390 788 2433 buon'
814 2404 949 2446 opera
971 2406 996 2434 a
1033 2392 1138 2447 quel
1160 2392 1369 2449 collegio.
1401 2393 1449 2435 Io
1470 2390 1621 2435 scriuo
1649 2405 1675 2433 a
1703 2391 1817 2434 Mro.
1850 2387 2052 2433 Antonio

425 2466 610 2520 Winch,
635 2468 719 2510 che
742 2466 846 2509 uadi
869 2474 1018 2522 presto
1035 2475 1055 2495 a
1083 2483 1108 2512 a
1131 2468 1324 2522 Treuiri,
1355 2475 1400 2513 et
1422 2483 1502 2525 per
1528 2481 1681 2511 mezzo
1710 2466 1814 2511 delli
1842 2464 2050 2509 canonici

424 2543 606 2600 procuri
634 2542 894 2588 difendersi.
925 2545 1056 2588 Altro
1088 2560 1177 2589 non
1200 2560 1388 2590 occorre
1415 2560 1495 2602 per
1522 2551 1695 2601 questa.
1734 2543 1964 2586 Dominus
1990 2542 2050 2584 sit

498 2687 519 2708 a
557 2680 644 2715 Hoc
664 2680 777 2715 verb.
801 2678 949 2715 addidit
968 2680 1019 2716 N.
1045 2679 1085 2716 in
1104 2692 1225 2727 marg.

460 2793 467 2799 '
502 2801 512 2820 ¹
564 2799 733 2845 Joannes
765 2808 841 2832 von
866 2796 935 2832 der
960 2797 1107 2844 Leyen,
1132 2798 1444 2846 archiepiscopus
1463 2803 1503 2833 et
1520 2797 1665 2832 elector
1684 2795 1925 2842 trevirensis,
1950 2795 2053 2832 diem

416 2869 649 2904 *supremum
667 2856 764 2892 obiit
781 2856 844 2891 die
868 2866 890 2901 9
915 2856 1114 2893 Februarii
1137 2869 1238 2893 anno
1265 2858 1368 2903 1567.
1394 2857 1530 2901 GAMS,
1556 2857 1629 2891 loc.
1654 2855 1724 2892 cit.
1755 2855 2056 2891 REIFFENBERG

417 2922 553 2952 autem
571 2916 633 2952 die
656 2924 697 2951 10
715 2915 795 2951 vita
821 2914 997 2951 functum
1022 2915 1075 2951 ait
1100 2916 1139 2952 in
1157 2917 1344 2952 Historia
1364 2915 1571 2951 Societatis
1586 2915 1686 2961 Jesu
1710 2915 1765 2949 ad
1788 2914 1971 2950 Rhenum
1996 2913 2054 2949 in·

416 2974 629 3022 seriorem,
652 2975 683 3021 1,
706 2983 785 3010 122.
802 2973 901 3010 Vide
920 2974 974 3009 ibi
993 2974 1163 3021 elogium
1181 2975 1296 3022 hujus
1316 2973 1466 3021 egregii
1483 2973 1571 3020 viri,
1587 2972 1795 3010 Societatis
1815 2973 1911 3019 Jesu
1928 2982 2058 3008 aman-

426 3033 590 3069 tissimi.

497 3096 511 3114 “-'
562 3092 769 3138 Margarita
787 3091 836 3128 de
854 3092 1004 3138 Parma,
1025 3092 1228 3129 Flandriae
1245 3091 1513 3139 gubernatrix.
