2228 3548
432 309 501 355 738
553 287 555 290 Ι
945 307 1084 342 EPIST.
1113 305 1158 341 P.
1185 304 1457 351 Naum-614

383 411 526 467 prima
548 424 627 465 per
649 408 809 452 nissun
831 408 985 462 modo,
1010 407 1129 450 doue
1157 413 1390 450 mostraua
1409 421 1505 450 non
1527 406 1624 450 solo
1645 407 1827 452 anxieta
1848 423 1922 453 ma
1942 409 2026 454 de-

381 487 619 544 pocagine.
657 487 714 529 V.
748 486 801 528 P.
836 483 895 528 mi
924 483 1113 540 perdoni
1141 498 1221 539 per
1249 483 1280 525 l’
1304 497 1429 527 amor
1461 483 1535 527 del
1565 482 1751 540 Signor.
1783 485 1859 529 Ho
1885 485 2020 540 visto,

380 579 509 608 come
536 577 734 618 sempre,
759 561 791 604 il
820 568 946 618 petto
973 560 1054 604 dia
1083 561 1178 605 Sua
1207 560 1441 605 Paternita
1469 568 1546 605 tan
1581 561 1716 618 pieno
1752 562 1811 608 de
1838 563 2019 624 charita

378 655 511 684 verso
533 639 578 682 di
602 653 674 682 me
695 646 741 682 et
770 646 847 682 tan
875 645 1048 694 aperto.
1073 637 1151 683 Sia
1181 651 1262 694 per
1295 638 1326 680 l’
1351 652 1476 682 amor
1503 638 1577 682 del
1604 637 1776 696 Signor
1802 640 1832 682 1‘
1857 640 2017 686 ordine

377 720 465 761 che
487 718 548 760 mi
570 719 628 759 ha
645 717 859 760 mandato
875 716 919 759 13
937 717 990 759 P.
1012 717 1069 760 V.
1090 730 1170 772 per
1191 714 1256 772 gli
1273 715 1418 759 scritti
1434 722 1480 760 et
1496 715 1614 760 libri.
1637 717 1888 774 Prepararo
1905 719 2015 776 ogni

376 810 483 839 cosa
505 809 591 838 con
608 795 652 837 13
669 793 816 851 gratia
832 794 907 838 del
923 793 1108 850 Signor.
1130 793 1273 837 Molto
1290 807 1320 850 y
1336 793 1478 850 longo
1497 801 1648 851 tempo
1665 795 1724 838 ha
1741 795 2016 852 trabagliato

377 873 407 915 il
431 875 483 916 P.
512 873 712 915 Polanco
735 872 763 914 ¹.
785 871 859 914 Ha
880 878 1125 916 resceuuto
1142 871 1183 914 el
1201 870 1423 927 galardon
1443 870 1520 927 gia
1546 871 1583 923 b,
1608 885 1696 915 con
1717 872 1760 915 13
1777 871 1927 929 gratia
1943 873 2018 918 del

377 950 561 1007 Signor,
587 965 616 1007 y
638 949 843 993 excitara
863 955 989 992 otros
1011 952 1037 991 3
1059 962 1112 991 su
1134 947 1374 991 imitation.
1398 950 1485 992 Por
1503 949 1547 992 13
1563 950 1722 992 charta
1738 950 1811 994 del
1827 950 2018 1006 prouin-

376 1028 477 1080 cial‚
502 1029 587 1071 che
610 1041 669 1071 no
691 1041 740 1071 es
764 1027 889 1070 abun
911 1025 1153 1083 publieada
1174 1028 1303 1081 aqui,
1328 1027 1386 1069 he
1409 1025 1668 1082 applicadas
1690 1041 1772 1083 por
1794 1027 1837 1070 el
1861 1027 2017 1082 33115-

376 1120 449 1149 sas
471 1121 501 1162 y
521 1119 579 1148 en
603 1105 733 1148 todas
755 1104 822 1148 las
838 1104 912 1148 del
934 1110 1023 1146 3ῆο
1045 1104 1182 1147 hazer
1201 1109 1219 1130 ‘²
1233 1103 1450 1146 memoria
1465 1118 1547 1160 por
1570 1103 1667 1147 elsi
1685 1104 1814 1148 fuera
1834 1119 1992 1150 menes
2005 1131 2016 1138 -

376 1189 459 1236 ter,
485 1186 512 1226 ό
534 1197 616 1238 por
637 1182 706 1225 105
727 1196 808 1238 por
830 1180 966 1237 quien
991 1182 1033 1224 el
1055 1195 1217 1237 rogara
1241 1180 1279 1224 si
1300 1179 1491 1225 biuiera.
1518 1182 1556 1224 E
1577 1180 1758 1224 scrittas
1780 1182 1863 1226 dos
1880 1184 2015 1227 char-

376 1267 445 1303 tas
474 1260 562 1302 alla
587 1261 636 1303 P.
666 1260 723 1303 V.
756 1258 802 1301 di
829 1257 915 1301 mis
944 1272 1095 1311 cosas,
1127 1272 1186 1301 no
1212 1258 1279 1300 135
1307 1256 1328 1284 d
1358 1257 1558 1313 repitire.
1584 1258 1692 1303 Solo
1714 1258 2013 1304 encomiendo

374 1341 402 1380 3
425 1338 481 1380 V.
510 1338 563 1379 P.
589 1337 632 1379 13
653 1350 774 1392 paga
795 1336 852 1379 de
873 1335 944 1378 los
965 1334 1104 1378 libros
1125 1334 1393 1391 comprados
1423 1350 1481 1379 en
1504 1335 1740 1392 Augusta,
1764 1339 1791 1379 3
1812 1350 1903 1392 que
1929 1352 2013 1394 por

375 1415 517 1458 orden
540 1414 598 1458 de
620 1414 678 1458 V.
705 1415 759 1457 P.
785 1428 835 1457 se
857 1412 1010 1469 obligo
1032 1413 1075 1456 el
1096 1419 1245 1456 rector
1261 1412 1389 1456 deste
1411 1411 1617 1469 collegio.
1643 1413 1770 1458 Hase
1791 1414 1848 1459 de
1869 1403 2009 1472 pagar

374 1491 417 1534 al
440 1489 663 1548 principio
684 1490 741 1534 de
764 1490 971 1534 Octubre
994 1489 1230 1546 prossimo‚
1265 1504 1295 1545 y
1317 1488 1395 1546 gia
1415 1488 1453 1532 si
1475 1487 1691 1545 c'omenea
1711 1490 1755 1534 13
1782 1491 1960 1537 soliciti)
1983 1508 2012 1550 y

377 1575 522 1611 temor
544 1582 633 1625 que
655 1567 792 1610 haian
820 1567 930 1611 ellos
958 1556 1206 1623 de'pagar.
1243 1567 1303 1610 Es
1335 1567 1378 1610 la
1409 1581 1584 1611 summa
1607 1567 1664 1611 de
1697 1568 1780 1612 116
1808 1569 2008 1624 florines,

375 1660 506 1689 como
528 1646 588 1688 he
609 1644 782 1688 scritto.
805 1645 894 1688 Los
916 1644 1054 1687 libros
1076 1644 1208 1687 valen
1226 1648 1335 1687 mas.
1358 1645 1429 1687 Yo
1450 1651 1579 1701 estoy
1600 1644 1792 1689 315011ῐο
1809 1647 1898 1690 mal
1916 1647 2012 1691 dis-

373 1729 552 1779 puesto‚
578 1737 608 1778 y
630 1722 700 1765 105
714 1729 730 1750 ⁶
751 1733 808 1776 70
829 1736 1078 1776 comenean
1095 1736 1121 1764 a
1143 1735 1298 1778 passar
1315 1722 1348 1774 ’3
1374 1736 1471 1764 mas
1492 1735 1542 1765 es
1566 1722 1672 1765 todo
1694 1722 1941 1768 bonissimo
1963 1725 2008 1768 10

373 1815 463 1856 que
486 1800 617 1844 viene
639 1800 696 1843 de
717 1813 851 1854 mano
873 1799 946 1841 del
968 1799 1134 1843 Senot.
1162 1798 1215 1841 El
1237 1798 1385 1843 Sefior
1407 1797 1474 1841 sia
1495 1813 1673 1855 sempre
1700 1813 1789 1843 con
1812 1801 1869 1844 V.
1897 1803 1949 1844 P.
1977 1817 2007 1858 y

373 1878 414 1922 le
435 1876 449 1904 s
467 1883 714 1934 augmente
735 1890 813 1919 sus
835 1883 1016 1919 sanctos
1037 1876 1179 1918 dones
1200 1879 1227 1918 3
1249 1874 1390 1918 maior
1421 1875 1567 1932 gloria
1587 1875 1645 1919 de
1666 1890 1720 1919 su
1743 1876 1899 1920 diuina
1921 1880 2004 1924 M.t

372 1970 401 2011 y
423 1969 538 2012 gran
561 1959 808 2011 augmento
836 1954 891 1996 de
918 1954 961 1996 la
990 1953 1259 2009 Compania.
1286 1953 1330 1996 A
1358 1952 1425 1995 135
1453 1952 1679 1998 orationes
1706 1969 1736 2010 y
1758 1955 2004 2000 sacrificios

370 2033 429 2075 de
452 2034 509 2076 V.
538 2033 589 2076 P.
615 2030 677 2074 mi
698 2030 961 2074 ricomando
983 2030 1028 2073 di
1050 2044 1188 2074 cuore
1209 2045 1236 2086 y
1259 2033 1285 2073 3
1305 2030 1372 2073 135
1387 2030 1530 2073 (10105
1548 2030 1718 2074 Padres
1739 2031 2004 2078 assistentes

370 2124 401 2164 y
422 2108 663 2153 secretario
685 2123 715 2164 y
736 2108 793 2152 de
815 2108 947 2150 todos
968 2108 1036 2151 105
1059 2109 1153 2150 ΡΡ.
1180 2113 1226 2151 et
1249 2106 1297 2150 fr.
1323 2108 1394 2150 De
1416 2107 1550 2161 Hala,
1575 2106 1732 2151 vltimo
1753 2108 1811 2152 de
1831 2110 1867 2152 F
1869 2110 2005 2153 ebra-

369 2201 421 2230 ro
449 2197 575 2241 1577.
601 2187 659 2230 D.
687 2187 740 2229 P.
766 2186 822 2228 V.
850 2199 982 2228 seruo
1003 2185 1049 2228 in
1076 2186 1173 2237 X.⁰,

1451 2262 1481 2318 Τ
1514 2262 1699 2306 NADAL.
1737 2263 1767 2320 †

440 2475 461 2495 a
499 2468 585 2503 Hoc
609 2467 724 2503 verb.
747 2477 863 2512 supra
888 2477 990 2501 vers.
1018 2465 1167 2501 addidit
1190 2464 1313 2501 N.—b
1327 2473 1348 2510 5
1367 2465 1489 2500 verba
1507 2476 1616 2512 seqq.
1636 2476 1752 2512 supra
1769 2477 1871 2502 vers.
1892 2466 1999 2502 addi-

365 2526 424 2562 dit
443 2526 570 2562 N.-c
594 2527 679 2562 Hoc
702 2526 813 2561 verb.
838 2537 953 2571 supra
976 2537 1078 2561 vers.
1106 2523 1254 2560 addidit
1278 2524 1408 2560 Ν.-(1
1428 2524 1514 2560 Hoc
1537 2525 1651 2560 verb.
1676 2535 1792 2571 supra
1810 2536 1912 2561 vers.
1932 2525 1998 2561 ad-

366 2586 465 2622 didit
483 2586 604 2621 N.-e
620 2586 707 2621 Hoc
724 2585 839 2620 verb.
862 2596 977 2631 supra
1000 2596 1108 2620 vers.
1131 2583 1280 2620 addidit
1303 2582 1419 2619 N.-—f
1443 2583 1528 2619 Hoc
1546 2584 1656 2620 verb.
1675 2594 1792 2630 supra
1808 2595 1912 2620 vers.
1932 2584 1998 2620 ad-

365 2645 466 2681 didit
484 2645 536 2681 N.
1722 2646 1724 2648 ’

437 2771 446 2790 ¹
498 2769 690 2816 Egregius
706 2780 795 2804 cum
813 2768 946 2815 primis
964 2768 1027 2805 hic
1050 2768 1110 2804 vir
1133 2767 1230 2803 obiit
1253 2766 1318 2803 die
1341 2775 1386 2802 20
1403 2766 1635 2802 Decembris
1658 2778 1759 2803 anno
1778 2767 1882 2813 1576.
1904 2767 1997 2815 Ejus

364 2829 499 2865 laudes
523 2828 614 2865 vide
636 2827 739 2876 apud
762 2827 1025 2872 SACCHINUM,
1052 2829 1129 2864 loc.
1157 2827 1242 2872 cit.,
1261 2826 1329 2863 lib.
1355 2826 1424 2873 IV,
1443 2838 1482 2862 n.
1512 2833 1567 2871 15.
1588 2827 1788 2873 Quantum
1812 2839 1906 2864 vero
1923 2820 2025 2876 ipsi*>

362 2887 506 2923 debeat
524 2886 714 2933 Societas,
733 2886 854 2922 multo
871 2887 1106 2922 luculentius
1129 2885 1252 2933 ipsius
1275 2884 1434 2921 Polanci
1461 2885 1605 2932 scripta
1628 2885 1668 2922 in
1694 2886 1837 2923 nostris
1854 2888 1999 2925 MONU-

363 2955 518 2982 MENTIS
536 2946 702 2992 edenda,
725 2947 1099 2982 commonstrabunt.

434 3005 448 3024 ²
498 3006 542 3041 Id
559 3012 634 3052 est,
653 3003 967 3052 septuagesimus
981 3004 1061 3051 jam
1079 3004 1220 3041 aetatis
1237 3015 1348 3040 meae
1366 3015 1491 3040 annus
1508 3004 1622 3041 brevi
1638 3004 1874 3053 explebitur.
1893 3006 1995 3043 Cum

361 3065 467 3100 enim
491 3065 640 3101 Natalis
664 3064 728 3101 die
755 3073 794 3100 11
821 3064 991 3110 Augusti
1014 3064 1105 3100 anni
1131 3072 1221 3110 1507
1238 3069 1346 3101 ortus
1369 3063 1502 3111 fuerit,
1520 3065 1594 3101 hoc
1611 3075 1711 3102 anno
1731 3073 1822 3111 1577
1839 3070 1995 3113 septua-

361 3122 537 3169 gesimus
555 3123 660 3160 illius
678 3123 783 3159 vitae
800 3122 962 3159 effluxit.
