2228 3548
864 288 907 326 14
932 279 1182 318 Novamms
1211 281 1302 327 1566
1783 294 1850 332 291

254 378 333 432 sti,
358 386 446 423 etc.
472 380 523 423 In
544 386 706 435 questa
726 379 824 424 diro
841 395 930 425 con
947 381 991 425 13
1007 381 1154 438 gratia
1169 383 1244 427 del
1261 382 1456 441 Signore
1472 385 1503 428 il
1520 393 1641 430 resto
1657 387 1714 431 de
1735 394 1900 444 questa

258 455 349 500 mia
370 457 496 501 uolta
517 458 602 501 che
631 457 773 501 saccio
799 472 881 514 per
915 457 947 500 li
973 458 1154 515 collegij
1185 459 1243 504 de
1271 468 1432 516 questa
1458 463 1708 519 prouincia.
1743 465 1795 508 In
1823 466 1902 508 In-

257 535 431 591 spruch
453 541 686 579 restorono
707 535 750 579 le
771 549 877 579 cose
898 535 1032 585 bene,
1056 550 1144 579 con
1165 536 1208 580 13
1229 536 1384 582 diuina
1405 539 1574 596 gracia,
1599 547 1645 583 et
1667 541 1823 598 quieto
1852 552 1900 587 et

263 612 382 656 bene
402 611 601 656 animato
622 613 680 655 D.
712 613 722 634 ¹
747 619 792 656 61
814 611 950 656 etiarn
972 614 1026 656 P.
1057 614 1072 634 ²
1097 627 1184 656 con
1205 614 1248 657 la
1269 629 1351 659 sua
1373 614 1666 662 instruttione
1699 633 1829 662 uerso
1856 619 1899 663 le

262 703 470 746 persone.
496 689 649 734 Menai
671 703 757 732 con
784 702 858 732 me
886 689 972 733 alla
999 704 1103 733 casa
1132 690 1189 735 de
1225 692 1506 747 probatione,
1546 693 1898 739 dimandandolo

260 767 373 820 loro,
399 768 534 810 Mtro.
561 766 767 810 Gerardo
787 772 834 809 et
856 766 1099 810 Valentino
1122 768 1154 810 ³:
1179 782 1231 811 so
1252 769 1337 812 che
1358 771 1616 825 procedono
1636 772 1754 816 bene
1776 773 1896 817 nella

258 843 540 901 probatione.
567 843 630 887 Mi
656 841 871 887 certificai
892 842 971 899 piu
991 857 1071 900 per
1093 844 1230 889 molte
1247 846 1360 890 altre
1377 859 1498 900 cose,
1518 830 1613 892 del?
1628 848 1790 894 ordine
1811 851 1899 894 che

252 923 294 964 s’
318 935 395 966 era
417 922 538 984 dato,
564 920 610 963 di
633 935 726 964 non
748 921 912 963 mutar’
936 921 995 963 D.
1020 928 1066 964 et
1088 922 1161 973 Ρ.,
1187 928 1233 963 61
1254 921 1575 978 specialmente
1597 938 1678 980 per
1699 940 1791 970 una
1807 926 1895 971 let-

256 1006 353 1044 tera
369 1001 455 1045 che
476 1000 519 1042 13
542 999 685 1056 prima
701 1014 894 1056 persona
911 1000 1076 1042 mando
1093 1014 1120 1042 a
1135 1002 1194 1043 D.
1205 1034 1215 1054 ‚
1235 1001 1278 1043 13
1295 1000 1367 1044 6111
1385 1001 1514 1058 copia
1531 1002 1671 1045 latina
1692 1005 1793 1046 sara
1810 1017 1898 1046 con

254 1084 416 1131 questa
439 1077 471 1120 ⁴.
498 1078 547 1120 Io
570 1091 662 1119 non
685 1075 840 1133 pigliai
867 1077 973 1120 cosa
996 1075 1173 1128 nisuna,
1205 1077 1382 1121 benche
1410 1091 1497 1121 con
1524 1092 1639 1135 gran
1669 1079 1896 1137 trauaglio

254 1154 300 1197 lo
335 1155 474 1210 puote
510 1167 710 1198 scusare:
751 1167 828 1197 era
863 1153 1015 1209 quello
1052 1154 1138 1197 che
1170 1154 1395 1198 mandaua
1434 1167 1488 1209 32
1535 1166 1577 1202 V
1615 1156 1659 1198 d’
1694 1171 1774 1199 oro
1805 1156 1895 1199 co'l

257 1237 378 1274 resto
400 1237 492 1274 etc.
523 1245 631 1287 pare
652 1230 700 1273 in
721 1230 871 1286 quella
891 1229 1053 1274 lettera
1073 1230 1159 1273 che
1187 1228 1249 1271 mi
1278 1230 1396 1273 daua
1426 1237 1447 1258 ⁸
1476 1237 1596 1274 tutto
1629 1233 1781 1287 quello
1814 1247 1894 1289 per

257 1308 289 1350 l'
313 1307 462 1351 officio
490 1309 574 1351 che
602 1309 782 1352 haueuo
809 1306 854 1350 io
890 1306 1019 1358 fatto,
1054 1312 1100 1349 et
1130 1307 1190 1350 D.
1226 1305 1287 1348 mi
1318 1306 1529 1363 significo
1561 1307 1593 1351 il
1626 1309 1890 1354 medesimo.

256 1385 459 1442 Apresso
481 1385 525 1428 d’
550 1385 770 1441 Inspruch
791 1382 1039 1427 trouasimo
1066 1382 1096 1425 il
1119 1383 1296 1426 fratello
1317 1384 1513 1440 Zeglero
1537 1386 1568 1437 ⁵,
1594 1386 1728 1441 quale
1749 1387 1894 1429 haue-

256 1466 391 1506 113130
412 1461 637 1505 6111331310
658 1475 739 1517 per
765 1461 846 1504 far'
871 1459 917 1503 in
940 1460 1045 1515 quel
1073 1459 1268 1516 collegio
1297 1460 1340 1504 la
1372 1458 1443 1505 2.⁸'
1475 1461 1618 1505 classe
1646 1462 1702 1505 de
1731 1463 1895 1506 huma-

253 1538 364 1583 nita.
391 1539 425 1582 11
447 1539 644 1595 Signore
666 1537 733 1581 sia
754 1551 840 1581 con
868 1537 980 1580 loro.

345 1628 387 1660 2.
452 1617 503 1659 In
541 1613 782 1659 Monachio
819 1615 868 1658 fu
905 1629 931 1658 a
967 1612 1197 1670 proposito
1233 1612 1278 1656 di
1317 1616 1487 1658 trouar'
1527 1615 1568 1658 al
1599 1616 1652 1659 Ρ.
1695 1617 1891 1661 Hermes

254 1692 299 1736 13
324 1693 361 1747 ¹²,
387 1692 418 1735 il
440 1693 573 1748 quale
590 1691 757 1736 ueniua
772 1705 852 1748 per
867 1691 1082 1734 cofessar'
1103 1690 1145 1732 13
1163 1688 1233 1732 2.⁸
1250 1691 1266 1713 ⁶
1284 1689 1394 1747 ogni
1411 1690 1669 1745 settimana‚
1689 1700 1736 1736 et
1748 1699 1767 1721 e
1794 1692 1894 1736 aiu-

257 1769 436 1813 tandosi
457 1769 519 1812 lui
542 1768 701 1826 prima,
727 1769 776 1812 fu
798 1767 1099 1812 instrumento
1120 1780 1201 1822 per
1219 1767 1300 1810 far'
1319 1766 1523 1823 quietare
1544 1767 1590 1811 in
1607 1769 1714 1824 quel
1732 1770 1891 1814 ordine

257 1848 343 1891 che
364 1849 400 1890 s'
426 1862 502 1892 era
523 1847 629 1890 dato
651 1845 696 1890 in
718 1846 939 1902 Inspruch
960 1845 1003 1887 la
1026 1845 1112 1896 2.⁸‚
1145 1850 1191 1888 et
1217 1844 1312 1887 cosi
1343 1845 1465 1889 resto
1496 1852 1728 1899 contenta,
1764 1853 1810 1892 et
1846 1847 1892 1890 di

256 1923 466 1967 ritornar’
489 1938 515 1966 a
537 1924 773 1980 Inspruch,
799 1928 845 1967 et
866 1936 961 1965 non
983 1921 1065 1963 far'
1096 1920 1301 1964 instanza
1322 1920 1400 1978 pin
1421 1936 1501 1978 per
1529 1923 1590 1965 H.
1626 1925 1655 1976 ⁷3
1688 1930 1734 1967 et
1760 1938 1891 1980 parse

257 2003 342 2045 che
363 2000 527 2044 aiutasi
548 2015 575 2043 a
596 2006 776 2055 questo,
801 2000 886 2043 che
907 1997 951 2040 io
972 1996 1002 2039 li
1024 1998 1123 2040 fece
1150 1996 1246 2040 dire
1273 1998 1358 2041 che
1386 1998 1551 2041 uoleuo
1580 2000 1641 2042 H.
1677 2013 1757 2056 per
1785 2015 1891 2056 pre-

253 2077 429 2122 dicator
450 2084 495 2121 et
517 2084 666 2121 rector
685 2076 760 2120 del
781 2073 974 2131 collegio
996 2072 1211 2129 diSpira,
1236 2087 1367 2117 come
1387 2073 1510 2131 dipoi
1537 2075 1651 2128 diro,
1677 2084 1723 2120 et
1752 2076 1887 2120 etiam

252 2155 470 2198 dimostro
492 2151 768 2197 contentarsi
790 2151 836 2194 di
858 2151 943 2203 cio,
969 2151 1053 2194 che
1076 2152 1134 2194 D.
1154 2165 1247 2194 non
1271 2150 1359 2195 fusi
1380 2159 1566 2205 rettore,
1587 2154 1731 2196 come'
1755 2153 1785 2195 l’
1805 2154 1888 2196 ha-

252 2246 372 2277 ueua
394 2231 658 2274 dimostrato
679 2230 723 2272 la
746 2229 816 2284 3.⁸·
838 2228 885 2271 in
907 2228 1141 2283 Inspruch.
1167 2226 1227 2270 Di
1244 2227 1377 2271 modo
1393 2230 1478 2272 che
1494 2229 1537 2272 13
1558 2228 1700 2285 prima
1717 2228 1754 2272 si
1776 2243 1888 2272 con-

324 2351 345 2372 8·
382 2342 642 2379 Emendatum
667 2353 687 2377 3
718 2340 813 2376 libr.
849 2351 898 2375 ex
928 2339 1077 2374 da.—b
1114 2338 1300 2386 Sequitur
1328 2340 1394 2377 che
1418 2340 1761 2377 obliteratum.-<=
1800 2341 1887 2378 Hoc

253 2405 369 2439 verb.
399 2413 514 2448 supra
538 2413 645 2436 vers.
674 2398 824 2436 addidit
848 2398 941 2435 libr.

251 2500 410 2535 chartae
429 2498 597 2534 scissura
621 2495 761 2543 partim
786 2498 1044 2540 evanuerunt,
1070 2492 1140 2528 sed
1163 2492 1293 2540 facile,
1317 2505 1417 2542 quae
1441 2494 1598 2541 desunt,
1617 2495 1798 2542 supplere
1822 2505 1888 2530 va·

254 2558 412 2604 luimus,
431 2563 471 2593 et
488 2557 589 2593 intra
607 2555 769 2591 uncinos
787 2565 894 2589 more
911 2558 1044 2588 nostro
1062 2551 1292 2588 indicamus.

329 2620 339 2640 ¹
391 2616 558 2664 Dyrsius
569 2643 577 2651 .
1124 2614 1139 2634 ²
1189 2612 1333 2648 Paulus
1350 2605 1557 2649 Hoffaeus.

324 2678 339 2698 ³
388 2676 620 2712 Valentinus
637 2673 732 2718 Oth,
752 2673 792 2708 in
814 2672 992 2717 catalogo
1019 2670 1279 2717 oenipontano
1301 2671 1394 2708 anni
1419 2672 1526 2717 1565,
1552 2671 1654 2707 inter
1678 2671 1886 2717 magistros

250 2736 354 2772 illius
371 2734 526 2781 collegii
544 2738 790 2769 recensetur.

319 2798 334 2817 ⁴
383 2793 531 2830 Canisii
550 2804 666 2828 manu
682 2791 826 2838 scripta
843 2788 1035 2837 reperitur
1058 2788 1098 2824 in
1116 2788 1246 2837 Epist.
1265 2789 1421 2833 Natal„
1441 2790 1492 2834 ΙΙ,
1521 2790 1595 2825 sub
1612 2801 1655 2825 n.
1682 2788 1767 2835 193.
1790 2790 1886 2826 Eam

244 2853 426 2890 dabimus
446 2852 486 2887 in
503 2850 674 2898 append.
697 2849 864 2885 XXXV.

318 2914 333 2935 ¹⁵
381 2911 551 2958 Jacobus
569 2909 722 2945 Secler.
744 2907 839 2955 Ejus
856 2918 1022 2942 examen
1038 2907 1161 2942 habes
1179 2905 1219 2942 in
1237 2905 1372 2953 Epist.
1395 2907 1558 2951 Natal.‚
1580 2907 1634 2953 II,
1652 2907 1740 2952 558.

318 2973 333 2994 ⁶
383 2970 423 3006 id
451 2975 512 3006 est
535 2968 711 3015 reginam
735 2965 999 3012 Margaritam,
1018 2977 1134 3012 quam
1158 2964 1311 3001 Natalis
1334 2967 1506 3014 appellat
1530 2973 1635 3002 ΖΛΜ
1650 2977 1878 3013 personam.

247 3031 351 3068 Vide
369 3030 488 3077 epist.
512 3027 599 3074 439.

322 3094 335 3113 '¹
385 3090 434 3125 P.
458 3089 625 3124 Hermes
643 3086 872 3132 Halpawer.
