2228 3548
0 2546 4 2551 .
0 2385 9 2533 -μ-ι-,Ἴ-μ-

896 292 944 320 20
969 283 1233 320 SBPTnmRrs
1261 290 1352 328 1577
1825 290 1900 330 749

1062 437 1179 476 693

751 525 806 567 P.
831 523 1244 568 HIERONYMUS
1275 523 1496 567 NADAL

568 613 762 648 PATRI
807 611 1178 650 EVERARDO
1219 611 1680 650 MERCURIANO

767 697 976 734 VENETns,
995 699 1042 726 20
1059 697 1319 727 SEPTEMBRJS
1339 697 1430 735 1577
1451 691 1478 725 ¹.

454 767 636 803 Venetias
653 767 777 815 venit.-
795 768 843 804 de
859 767 963 803 socio
980 770 1018 804 et
1035 768 1083 804 de
1100 767 1274 818 editione
1290 767 1602 803 meditationum
1619 778 1805 804 suarum.

399 851 429 908 †
460 852 603 896 Molto
631 852 745 895 Rdo.
780 853 832 895 P.
858 852 916 895 N.
942 851 987 894 in
1010 852 1090 894 X.⁰
1120 853 1216 895 Pax
1249 850 1325 894 X.¹
1353 852 1397 895 A
1424 863 1474 906 13
1505 850 1654 908 gions'i
1675 858 1697 879 ²
1724 866 1751 895 a
1777 858 1941 907 questa

302 942 423 972 casa.
450 930 554 973 Non
578 929 685 984 pote
707 928 880 972 scriuer
906 927 1099 972 sabbato
1125 942 1205 984 per
1232 929 1537 980 stracchezza,
1562 928 1620 972 de
1647 928 1691 971 13
1718 927 1824 986 qual
1846 942 1941 988 nqn

301 1018 383 1050 son
406 1020 571 1049 ancora
593 1006 752 1050 libero.
777 1007 871 1051 Son
892 1013 1064 1051 venuto
1086 1005 1134 1048 in
1155 1005 1310 1050 lettica
1331 1005 1396 1048 fin
1418 1020 1445 1048 a
1467 1006 1665 1059 Verona,
1685 1007 1770 1049 che
1787 1006 1826 1049 si
1844 1013 1937 1050 tro—

301 1097 421 1126 uano
442 1083 488 1126 in
511 1084 706 1140 Insprug
727 1098 754 1126 a
774 1083 874 1135 fito,
899 1083 1155 1127 altrimente
1177 1097 1267 1125 non
1290 1088 1459 1139 poteua
1479 1082 1631 1135 venir;
1656 1090 1702 1126 et
1724 1083 1767 1126 al
1790 1084 1944 1128 Padre

304 1159 555 1216 prouincial
576 1160 641 1217 gli
662 1174 795 1217 parse
816 1159 928 1204 cusi.
956 1159 1107 1203 Venni
1128 1173 1208 1216 per
1231 1160 1414 1204 Verona
1435 1165 1482 1204 et
1505 1160 1677 1212 Padua,
1703 1166 1750 1204 et
1763 1160 1784 1187 ὓ
1798 1174 1941 1217 gran—

305 1236 518 1281 demente
538 1244 800 1282 acarezzato
820 1237 880 1279 da
904 1235 1039 1280 Padri
1056 1243 1102 1279 et
1120 1235 1280 1280 fratelli
1299 1237 1501 1295 refectus
1522 1239 1586 1279 est
1602 1237 1795 1292 spiritus
1813 1251 1944 1280 meus

305 1317 346 1355 et
367 1318 543 1369 corpus.
571 1313 663 1369 Qui
685 1328 768 1357 son
789 1320 907 1356 stato
924 1319 1164 1357 resceuuto
1180 1313 1254 1356 dal
1272 1313 1419 1356 Padre
1435 1313 1664 1370 preposito
1681 1315 1695 1335 ²
1717 1327 1805 1357 con
1823 1328 1939 1371 gran

304 1390 645 1434 amoreuolezza
675 1397 721 1434 et
748 1390 922 1434 charita
942 1397 988 1433 et
1015 1390 1072 1433 da
1103 1389 1230 1447 tuttig
1256 1396 1302 1435 et
1321 1396 1339 1417 0
1360 1389 1422 1433 mi
1444 1404 1526 1434 son
1548 1391 1808 1448 rallegrato,
1834 1406 1937 1448 spe-

303 1466 541 1511 cialmente
562 1482 643 1524 per
663 1467 862 1511 vedermi
879 1466 926 1510 in
943 1481 1048 1511 casa
1064 1468 1285 1523 professa.
1307 1467 1341 1510 Il
1363 1468 1417 1510 P.
1438 1467 1628 1511 Iohanni
1646 1469 1660 1489 ³
1680 1470 1739 1512 ho
1759 1476 1942 1513 menato

302 1543 675 1600 principalmente
698 1543 719 1572 ‘¹
747 1559 828 1600 per
854 1544 885 1586 il
912 1543 1128 1600 dissegno
1159 1543 1278 1588 della
1301 1545 1354 1588 P.
1380 1545 1439 1588 V.
1465 1546 1550 1589 che
1578 1544 1637 1588 mi
1670 1545 1832 1589 scrisse
1862 1545 1939 1602 gie

299 1621 418 1664 della
439 1621 753 1678 penitentiaria
769 1622 804 1676 ⁴,
828 1635 902 1664 ma
922 1634 1051 1666 come
1072 1621 1133 1664 mi
1154 1620 1318 1666 scrisse
1339 1621 1539 1667 ensieme
1566 1623 1654 1667 che
1677 1624 1886 1667 venendo
1912 1637 1939 1666 3

302 1697 495 1742 Venetia
516 1686 662 1754 potria
684 1713 850 1755 prouar
870 1712 919 1742 se
936 1698 974 1741 si
990 1697 1221 1755 potessino
1237 1705 1437 1756 stampar
1451 1707 1612 1755 queste
1628 1713 1732 1743 cose
1749 1699 1854 1752 mie,
1876 1699 1940 1743 ha

302 1788 436 1830 parso
451 1776 494 1818 al
513 1776 660 1820 Padre
677 1775 904 1832 preposito
923 1777 938 1798 ³
955 1777 1042 1820 che
1058 1775 1166 1819 resti
1183 1789 1273 1831 qua
1288 1775 1352 1820 fin
1369 1778 1454 1820 che
1475 1775 1514 1820 si
1531 1778 1677 1821 vedda
1693 1778 1778 1820 che
1796 1777 1833 1820 si
1851 1792 1935 1834 po-

305 1851 374 1894 tra
399 1852 508 1896 fare.
534 1853 591 1895 Et
613 1852 759 1909 potria
780 1852 810 1895 il
834 1854 886 1896 P.
908 1852 1095 1896 Iohanni
1116 1851 1288 1896 assistir
1303 1852 1395 1914 3113
1413 1860 1605 1910 stampa,
1626 1868 1676 1899 se
1693 1853 1730 1897 si
1751 1854 1936 1898 hauessi

304 1928 350 1972 di
372 1936 613 1986 stampare,
638 1945 730 1973 non
741 1929 984 1974 ‘essendosi
1006 1930 1120 1974 altro
1142 1943 1222 1986 per
1241 1929 1287 1973 di
1309 1944 1399 1986 qua
1416 1932 1501 1976 che
1524 1931 1637 1974 sacci
1654 1938 1817 1986 questo
1834 1932 1936 1974 offi-

304 2005 393 2049 cio.
432 2007 536 2050 Non
563 2006 600 2050 si
629 2007 889 2050 concludit&
917 2011 1069 2050 tamen
1105 2006 1150 2050 in
1188 2013 1350 2063 questo
1386 2008 1572 2065 negotio
1608 2008 1725 2052 della
1762 2015 1938 2064 stampa

303 2081 472 2136 niente,
492 2099 629 2128 senza
648 2098 862 2140 expresso
885 2085 1028 2128 orden
1050 2085 1168 2128 della
1191 2086 1244 2128 P.
1270 2085 1348 2136 V.‚
1374 2085 1447 2128 chi
1469 2099 1663 2129 saranno
1686 2085 1749 2141 gli
1772 2099 1935 2129 censo-

302 2158 356 2212 ri,
381 2166 428 2203 et
449 2160 507 2203 da
528 2160 603 2203 chi
625 2162 882 2218 dependere
904 2161 935 2203 il
956 2160 1176 2218 giudicio‚
1195 2161 1360 2218 perche
1382 2161 1428 2206 io
1450 2162 1598 2205 vorrei
1615 2175 1738 2205 esser
1755 2161 1928 2218 sbriga·

373 2315 394 2336 ²
433 2308 542 2353 Aut.‚
572 2310 744 2357 gonsi.-
759 2311 781 2336 b
801 2311 886 2346 Hoc
910 2310 1021 2346 verb.
1047 2321 1164 2357 supra
1188 2321 1291 2346 vers.
1311 2309 1460 2346 addidit
1484 2311 1602 2345 N.—-c
1625 2319 1645 2345 2
1672 2310 1792 2345 verba
1817 2320 1929 2356 seqq.

303 2379 421 2414 supra
438 2379 542 2404 vers.
561 2368 710 2405 addidit
730 2370 779 2405 N.
792 2390 817 2395 —
832 2370 852 2397 d
872 2370 958 2405 Hoc
978 2371 1093 2405 verb.
1117 2380 1234 2416 supra
1251 2381 1355 2406 vers.
1373 2369 1523 2406 addidit
1542 2370 1591 2404 N.

378 2508 386 2527 ⁸
438 2505 496 2541 Ex
514 2508 767 2554 autographo,
787 2507 827 2543 in
847 2507 973 2553 Epist.
995 2506 1151 2548 Natal.,
1171 2506 1224 2551 11,
1242 2505 1388 2554 duplici
1405 2506 1489 2551 fol„
1512 2507 1579 2541 260
1598 2505 1717 2551 (188).

374 2567 388 2587 ²
438 2564 582 2601 Marius
606 2566 904 2613 Beringuccius.
936 2565 998 2602 Cf.
1025 2565 1291 2608 SACCHINUM‚
1317 2567 1389 2602 loe.
1414 2566 1506 2611 cit„
1531 2572 1639 2613 parte
1669 2565 1737 2609 IV,
1762 2564 1831 2600 lib.
1863 2564 1938 2611 IV,

302 2635 349 2660 n.
371 2632 432 2669 75.

373 2684 387 2704 ⁵
436 2684 608 2729 Joannes
626 2684 867 2720 Zonhovius.
893 2683 993 2720 Vide
1011 2683 1131 2730 epist.
1154 2682 1239 2719 603.

371 2744 387 2764 ⁴
436 2741 537 2777 Vide
556 2742 674 2789 epist.
699 2741 783 2787 6133
803 2748 842 2778 et
859 2743 944 2788 617.

368 2803 382 2824 ³
433 2801 615 2837 Canisius
644 2801 866 2848 praeposito
893 2801 1092 2847 generali,
1122 2799 1361 2848 Oeniponte,
1394 2801 1437 2837 16
1467 2801 1712 2848 Septembris
1741 2799 1935 2843 scribens,

299 2872 412 2896 suum
431 2860 606 2907 pandens
623 2859 874 2906 desiderium,
894 2866 936 2896 ut
954 2859 1104 2896 Natalis
1119 2860 1220 2896 liber
1242 2860 1283 2897 in
1300 2862 1429 2896 lucem
1452 2860 1646 2904 ederetur,
1672 2860 1768 2895 haee
1791 2859 1935 2895 refere-

299 2920 386 2956 bat:
404 2919 545 2966 «Quod
559 2920 602 2955 P.
620 2919 769 2955 Natalis
783 2920 978 2955 Veronam
992 2920 1123 2955 saluus
1137 2919 1376 2966 peruenerit,
1388 2920 1620 2967 gaudemus,
1634 2923 1752 2965 atque
1767 2924 1810 2954 ut
1822 2930 1938 2954 suum

302 2990 415 3026 opus,
435 2979 511 3014 iarn
542 2979 636 3014 satis
661 2979 902 3014 elaboratum
926 2978 1137 3026 multisque
1160 2980 1385 3026 probatum,
1410 2979 1450 3015 in
1475 2980 1601 3014 lucem
1627 2977 1806 3014 Venetiis
1831 2977 1937 3019 edat,

303 3037 586 3074 desideramus.
606 3037 684 3073 Sed
703 3049 782 3073 non
797 3035 930 3083 faciet,
947 3037 1025 3073 nisi
1049 3036 1152 3073 Serio
1169 3042 1307 3084 urgeat
1329 3037 1378 3074 P.
1401 3038 1465 3083 T.‚
1483 3038 1594 3073 cuius
1613 3046 1682 3072 nos
1700 3036 1881 3083 precibus
1899 3037 1941 3072 in

302 3097 473 3134 Domino
491 3097 604 3134 ualde
622 3096 981 3133 commendamus.»
995 3095 1054 3132 Ex
1072 3098 1327 3144 autographo,
1341 3097 1383 3134 in
1399 3097 1526 3144 Epist.
1545 3095 1719 3142 Canisii‚
1736 3095 1785 3142 11,
1807 3105 1889 3142 294.
