<?xml version="1.0" encoding="UTF-8"?>
<!DOCTYPE html PUBLIC "-//W3C//DTD XHTML 1.0 Transitional//EN"
    "http://www.w3.org/TR/xhtml1/DTD/xhtml1-transitional.dtd">
<html xmlns="http://www.w3.org/1999/xhtml" xml:lang="en" lang="en">
 <head>
  <title>
</title>
<meta http-equiv="Content-Type" content="text/html;charset=utf-8" />
  <meta name='ocr-system' content='tesseract 3.04.00' />
  <meta name='ocr-capabilities' content='ocr_page ocr_carea ocr_par ocr_line ocrx_word'/>
</head>
<body>
  <div class='ocr_page' id='page_1' title='image "./epistolaephieron03nadauoft_0390.png"; bbox 0 0 2228 3548; ppageno 0'>
   <div class='ocr_carea' id='block_1_1' title="bbox 397 283 1419 333">
    <p class='ocr_par' dir='ltr' id='par_1_1' title="bbox 397 283 1419 333">
     <span class='ocr_line' id='line_1_1' title="bbox 397 283 1419 333; baseline -0.004 -10"><span class='ocrx_word' id='word_1_1' title='bbox 397 286 467 333; x_wconf 84' lang='grc'><strong><em>352</em></strong></span> <span class='ocrx_word' id='word_1_2' title='bbox 908 285 1046 320; x_wconf 69' lang='lat' dir='ltr'><strong><em>Emsr.</em></strong></span> <span class='ocrx_word' id='word_1_3' title='bbox 1074 284 1118 320; x_wconf 88' lang='lat' dir='ltr'><strong><em>P.</em></strong></span> <span class='ocrx_word' id='word_1_4' title='bbox 1147 283 1419 332; x_wconf 76' lang='lat' dir='ltr'><strong>NADAL—459</strong></span> 
     </span>
    </p>
   </div>
   <div class='ocr_carea' id='block_1_2' title="bbox 347 385 1983 674">
    <p class='ocr_par' dir='ltr' id='par_1_2' title="bbox 347 385 1983 674">
     <span class='ocr_line' id='line_1_2' title="bbox 348 385 1980 446; baseline 0 -14"><span class='ocrx_word' id='word_1_5' title='bbox 348 389 379 432; x_wconf 89' lang='lat' dir='ltr'><strong><em>il</em></strong></span> <span class='ocrx_word' id='word_1_6' title='bbox 404 392 455 433; x_wconf 88' lang='lat' dir='ltr'><strong><em>P.</em></strong></span> <span class='ocrx_word' id='word_1_7' title='bbox 481 386 748 431; x_wconf 73' lang='lat' dir='ltr'><strong><em>Hieroni&#39;mo</em></strong></span> <span class='ocrx_word' id='word_1_8' title='bbox 771 387 950 439; x_wconf 86' lang='lat' dir='ltr'><strong><em>Natale‚</em></strong></span> <span class='ocrx_word' id='word_1_9' title='bbox 970 385 1176 430; x_wconf 89' lang='lat' dir='ltr'><strong><em>visitator</em></strong></span> <span class='ocrx_word' id='word_1_10' title='bbox 1198 386 1316 430; x_wconf 89' lang='lat' dir='ltr'><strong><em>nelle</em></strong></span> <span class='ocrx_word' id='word_1_11' title='bbox 1337 386 1563 443; x_wconf 90' lang='lat' dir='ltr'><strong><em>prouintie</em></strong></span> <span class='ocrx_word' id='word_1_12' title='bbox 1584 387 1630 431; x_wconf 93' lang='lat' dir='ltr'><strong><em>di</em></strong></span> <span class='ocrx_word' id='word_1_13' title='bbox 1652 388 1910 446; x_wconf 84' lang='lat' dir='ltr'><strong><em>Alemagna</em></strong></span> <span class='ocrx_word' id='word_1_14' title='bbox 1933 395 1980 434; x_wconf 88' lang='lat' dir='ltr'><strong><em>et</em></strong></span> 
     </span>
     <span class='ocr_line' id='line_1_3' title="bbox 347 461 1983 521; baseline 0 -12"><span class='ocrx_word' id='word_1_15' title='bbox 347 464 554 516; x_wconf 80' lang='lat' dir='ltr'>Francia,</span> <span class='ocrx_word' id='word_1_16' title='bbox 577 463 695 508; x_wconf 90' lang='lat' dir='ltr'><strong><em>della</em></strong></span> <span class='ocrx_word' id='word_1_17' title='bbox 717 462 1002 519; x_wconf 84' lang='lat' dir='ltr'><strong><em>Compagnia</em></strong></span> <span class='ocrx_word' id='word_1_18' title='bbox 1028 462 1074 505; x_wconf 90' lang='lat' dir='ltr'><strong><em>di</em></strong></span> <span class='ocrx_word' id='word_1_19' title='bbox 1105 461 1268 517; x_wconf 77' lang='lat' dir='ltr'><strong><em>Giesu‚</em></strong></span> <span class='ocrx_word' id='word_1_20' title='bbox 1293 462 1340 506; x_wconf 92' lang='lat' dir='ltr'><strong><em>in</em></strong></span> <span class='ocrx_word' id='word_1_21' title='bbox 1363 464 1604 521; x_wconf 83' lang='lat' dir='ltr'><strong><em>Moguntia</em></strong></span> <span class='ocrx_word' id='word_1_22' title='bbox 1636 471 1680 508; x_wconf 74' lang='lat'>⁸.</span> <span class='ocrx_word' id='word_1_23' title='bbox 1705 465 1854 509; x_wconf 85' lang='lat' dir='ltr'><strong><em>Manu</em></strong></span> <span class='ocrx_word' id='word_1_24' title='bbox 1878 466 1983 509; x_wconf 88' lang='lat' dir='ltr'><strong><em>Na—</em></strong></span> 
     </span>
     <span class='ocr_line' id='line_1_4' title="bbox 349 539 1983 598; baseline 0.001 -13"><span class='ocrx_word' id='word_1_25' title='bbox 349 542 482 585; x_wconf 83' lang='lat' dir='ltr'><strong><em>talis:</em></strong></span> <span class='ocrx_word' id='word_1_26' title='bbox 510 553 561 595; x_wconf 87' lang='lat'><strong><em>14</em></strong></span> <span class='ocrx_word' id='word_1_27' title='bbox 581 540 852 591; x_wconf 79' lang='lat' dir='ltr'><strong>Decembre,</strong></span> <span class='ocrx_word' id='word_1_28' title='bbox 879 539 951 582; x_wconf 87' lang='lat'><strong><em>66.</em></strong></span> <span class='ocrx_word' id='word_1_29' title='bbox 972 539 1120 582; x_wconf 86' lang='lat' dir='ltr'><strong><em>Manu</em></strong></span> <span class='ocrx_word' id='word_1_30' title='bbox 1135 539 1370 597; x_wconf 84' lang='lat' dir='ltr'><strong><em>simenez:</em></strong></span> <span class='ocrx_word' id='word_1_31' title='bbox 1391 541 1450 586; x_wconf 91' lang='lat' dir='ltr'><strong><em>N.</em></strong></span> <span class='ocrx_word' id='word_1_32' title='bbox 1473 542 1528 585; x_wconf 91' lang='lat' dir='ltr'><strong><em>P.</em></strong></span> <span class='ocrx_word' id='word_1_33' title='bbox 1547 555 1630 598; x_wconf 90' lang='lat' dir='ltr'><strong><em>por</em></strong></span> <span class='ocrx_word' id='word_1_34' title='bbox 1650 541 1884 586; x_wconf 76' lang='lat' dir='ltr'><strong><em>comision.</em></strong></span> <span class='ocrx_word' id='word_1_35' title='bbox 1912 544 1983 586; x_wconf 90' lang='lat' dir='ltr'><strong><em>De</em></strong></span> 
     </span>
     <span class='ocr_line' id='line_1_5' title="bbox 354 616 1240 674; baseline -0.001 -12"><span class='ocrx_word' id='word_1_36' title='bbox 354 631 407 672; x_wconf 88' lang='lat'><strong><em>14</em></strong></span> <span class='ocrx_word' id='word_1_37' title='bbox 428 618 485 661; x_wconf 92' lang='lat' dir='ltr'><strong><em>de</em></strong></span> <span class='ocrx_word' id='word_1_38' title='bbox 507 619 647 662; x_wconf 90' lang='lat' dir='ltr'><strong><em>Xbre.</em></strong></span> <span class='ocrx_word' id='word_1_39' title='bbox 669 618 770 660; x_wconf 87' lang='lat' dir='ltr'><strong><em>Rta.</em></strong></span> <span class='ocrx_word' id='word_1_40' title='bbox 796 616 956 674; x_wconf 73' lang='lat' dir='ltr'><strong><em>sigilli</em></strong></span> <span class='ocrx_word' id='word_1_41' title='bbox 976 617 1240 674; x_wconf 83' lang='lat' dir='ltr'><strong><em>vestigium.</em></strong></span> 
     </span>
    </p>
   </div>
   <div class='ocr_carea' id='block_1_3' title="bbox 1090 721 1230 769">
    <p class='ocr_par' dir='ltr' id='par_1_3' title="bbox 1090 721 1230 769">
     <span class='ocr_line' id='line_1_6' title="bbox 1090 721 1230 769; baseline 0 -1"><span class='ocrx_word' id='word_1_42' title='bbox 1090 721 1093 723; x_wconf 37' lang='grc'>“</span> <span class='ocrx_word' id='word_1_43' title='bbox 1106 728 1230 769; x_wconf 64' lang='lat'><strong><em>1159</em></strong></span> 
     </span>
    </p>
   </div>
   <div class='ocr_carea' id='block_1_4' title="bbox 782 807 1543 852">
    <p class='ocr_par' dir='ltr' id='par_1_4' title="bbox 782 807 1543 852">
     <span class='ocr_line' id='line_1_7' title="bbox 782 807 1543 852; baseline 0 -1"><span class='ocrx_word' id='word_1_44' title='bbox 782 808 836 851; x_wconf 92' lang='lat' dir='ltr'>P.</span> <span class='ocrx_word' id='word_1_45' title='bbox 872 808 1291 852; x_wconf 88' lang='lat' dir='ltr'>HIERONYMUS</span> <span class='ocrx_word' id='word_1_46' title='bbox 1324 807 1543 852; x_wconf 93' lang='lat' dir='ltr'><strong>NADAL</strong></span> 
     </span>
    </p>
   </div>
   <div class='ocr_carea' id='block_1_5' title="bbox 667 883 1658 1003">
    <p class='ocr_par' dir='ltr' id='par_1_5' title="bbox 667 883 1658 1003">
     <span class='ocr_line' id='line_1_8' title="bbox 667 883 1658 931; baseline 0.001 -11"><span class='ocrx_word' id='word_1_47' title='bbox 667 883 914 922; x_wconf 92' lang='lat' dir='ltr'>SANCTO</span> <span class='ocrx_word' id='word_1_48' title='bbox 957 883 1308 922; x_wconf 89' lang='lat' dir='ltr'><strong>FRANCISCO</strong></span> <span class='ocrx_word' id='word_1_49' title='bbox 1351 885 1428 920; x_wconf 95' lang='lat' dir='ltr'><strong><em>DE</em></strong></span> <span class='ocrx_word' id='word_1_50' title='bbox 1462 883 1658 931; x_wconf 86' lang='lat' dir='ltr'>BORJA</span> 
     </span>
     <span class='ocr_line' id='line_1_9' title="bbox 842 949 1489 1003; baseline -0.002 -17"><span class='ocrx_word' id='word_1_51' title='bbox 842 958 1006 996; x_wconf 78' lang='lat' dir='ltr'>SPfflAE,</span> <span class='ocrx_word' id='word_1_52' title='bbox 1028 949 1070 985; x_wconf 92' lang='lat'><strong><em>16</em></strong></span> <span class='ocrx_word' id='word_1_53' title='bbox 1088 957 1328 1003; x_wconf 71' lang='lat' dir='ltr'><strong><em>DECEMBRis</em></strong></span> <span class='ocrx_word' id='word_1_54' title='bbox 1349 949 1440 995; x_wconf 86' lang='lat'>1566</span> <span class='ocrx_word' id='word_1_55' title='bbox 1464 951 1489 985; x_wconf 89' lang='lat'><strong><em>¹.</em></strong></span> 
     </span>
    </p>
   </div>
   <div class='ocr_carea' id='block_1_6' title="bbox 340 1015 1984 1323">
    <p class='ocr_par' dir='ltr' id='par_1_6' title="bbox 340 1015 1984 1302">
     <span class='ocr_line' id='line_1_10' title="bbox 340 1015 1983 1063; baseline 0.001 -11"><span class='ocrx_word' id='word_1_56' title='bbox 340 1026 379 1053; x_wconf 81' lang='grc' dir='ltr'><strong><em>ι.</em></strong></span> <span class='ocrx_word' id='word_1_57' title='bbox 402 1016 463 1052; x_wconf 85' lang='lat' dir='ltr'><strong><em>De</em></strong></span> <span class='ocrx_word' id='word_1_58' title='bbox 483 1016 734 1054; x_wconf 79' lang='lat' dir='ltr'><strong><em>institutione.</em></strong></span> <span class='ocrx_word' id='word_1_59' title='bbox 757 1019 795 1052; x_wconf 86' lang='lat' dir='ltr'><strong><em>et</em></strong></span> <span class='ocrx_word' id='word_1_60' title='bbox 819 1016 1022 1051; x_wconf 83' lang='lat' dir='ltr'><strong><em>dotatione</em></strong></span> <span class='ocrx_word' id='word_1_61' title='bbox 1047 1015 1209 1063; x_wconf 86' lang='lat' dir='ltr'><strong><em>collegii</em></strong></span> <span class='ocrx_word' id='word_1_62' title='bbox 1231 1016 1541 1063; x_wconf 82' lang='lat' dir='ltr'><strong><em>spirensis.-2.</em></strong></span> <span class='ocrx_word' id='word_1_63' title='bbox 1568 1016 1630 1053; x_wconf 88' lang='lat' dir='ltr'><strong><em>De</em></strong></span> <span class='ocrx_word' id='word_1_64' title='bbox 1659 1019 1763 1053; x_wconf 81' lang='lat' dir='ltr'><strong><em>veste</em></strong></span> <span class='ocrx_word' id='word_1_65' title='bbox 1785 1017 1983 1053; x_wconf 81' lang='lat' dir='ltr'><strong><em>sociorum</em></strong></span> 
     </span>
     <span class='ocr_line' id='line_1_11' title="bbox 386 1074 1984 1124; baseline 0 -12"><span class='ocrx_word' id='word_1_66' title='bbox 386 1076 430 1112; x_wconf 86' lang='lat' dir='ltr'><strong><em>in</em></strong></span> <span class='ocrx_word' id='word_1_67' title='bbox 453 1075 679 1112; x_wconf 79' lang='lat' dir='ltr'><strong><em>Germania</em></strong></span> <span class='ocrx_word' id='word_1_68' title='bbox 697 1076 1010 1121; x_wconf 84' lang='lat' dir='ltr'><strong><em>mutanda.—-3.</em></strong></span> <span class='ocrx_word' id='word_1_69' title='bbox 1034 1074 1191 1123; x_wconf 87' lang='lat' dir='ltr'><strong><em>Magna</em></strong></span> <span class='ocrx_word' id='word_1_70' title='bbox 1208 1074 1430 1123; x_wconf 84' lang='lat' dir='ltr'><strong><em>difficultas</em></strong></span> <span class='ocrx_word' id='word_1_71' title='bbox 1448 1075 1492 1111; x_wconf 89' lang='lat' dir='ltr'><strong><em>in</em></strong></span> <span class='ocrx_word' id='word_1_72' title='bbox 1510 1075 1773 1124; x_wconf 86' lang='lat' dir='ltr'><strong><em>collegiorum</em></strong></span> <span class='ocrx_word' id='word_1_73' title='bbox 1791 1077 1984 1112; x_wconf 85' lang='lat' dir='ltr'><strong><em>erectione</em></strong></span> 
     </span>
     <span class='ocr_line' id='line_1_12' title="bbox 383 1125 1981 1183; baseline 0 -12"><span class='ocrx_word' id='word_1_74' title='bbox 383 1139 440 1172; x_wconf 80' lang='lat' dir='ltr'><strong><em>est</em></strong></span> <span class='ocrx_word' id='word_1_75' title='bbox 458 1136 598 1182; x_wconf 81' lang='lat' dir='ltr'><strong><em>inopia</em></strong></span> <span class='ocrx_word' id='word_1_76' title='bbox 615 1136 926 1183; x_wconf 82' lang='lat' dir='ltr'><strong><em>magistrorum:</em></strong></span> <span class='ocrx_word' id='word_1_77' title='bbox 951 1135 1040 1170; x_wconf 85' lang='lat' dir='ltr'><strong><em>ideo</em></strong></span> <span class='ocrx_word' id='word_1_78' title='bbox 1064 1135 1307 1170; x_wconf 85' lang='lat' dir='ltr'><strong><em>revocandos</em></strong></span> <span class='ocrx_word' id='word_1_79' title='bbox 1321 1135 1515 1182; x_wconf 78' lang='lat' dir='ltr'><em>proponit</em></span> <span class='ocrx_word' id='word_1_80' title='bbox 1538 1146 1615 1180; x_wconf 77' lang='lat' dir='ltr'><strong><em>eos,</em></strong></span> <span class='ocrx_word' id='word_1_81' title='bbox 1642 1135 1713 1182; x_wconf 85' lang='lat' dir='ltr'><strong><em>qui</em></strong></span> <span class='ocrx_word' id='word_1_82' title='bbox 1739 1125 1981 1182; x_wconf 61' lang='lat' dir='ltr'><strong><em>Francosor—</em></strong></span> 
     </span>
     <span class='ocr_line' id='line_1_13' title="bbox 386 1193 1982 1238; baseline -0.001 -7"><span class='ocrx_word' id='word_1_83' title='bbox 386 1195 478 1231; x_wconf 86' lang='lat' dir='ltr'><strong><em>diae</em></strong></span> <span class='ocrx_word' id='word_1_84' title='bbox 507 1198 544 1231; x_wconf 84' lang='lat' dir='ltr'><strong><em>et</em></strong></span> <span class='ocrx_word' id='word_1_85' title='bbox 573 1195 618 1230; x_wconf 89' lang='lat' dir='ltr'><strong><em>in</em></strong></span> <span class='ocrx_word' id='word_1_86' title='bbox 641 1195 778 1230; x_wconf 83' lang='lat' dir='ltr'><strong><em>Frisia</em></strong></span> <span class='ocrx_word' id='word_1_87' title='bbox 802 1196 1038 1230; x_wconf 83' lang='lat' dir='ltr'><strong><em>versantur.</em></strong></span> <span class='ocrx_word' id='word_1_88' title='bbox 1047 1204 1138 1238; x_wconf 86' lang='lat'>-4.</span> <span class='ocrx_word' id='word_1_89' title='bbox 1177 1193 1373 1230; x_wconf 87' lang='lat' dir='ltr'><strong><em>Libellum</em></strong></span> <span class='ocrx_word' id='word_1_90' title='bbox 1397 1196 1539 1230; x_wconf 79' lang='lat' dir='ltr'><strong><em>contra</em></strong></span> <span class='ocrx_word' id='word_1_91' title='bbox 1566 1194 1839 1230; x_wconf 81' lang='lat' dir='ltr'><strong><em>Chemnitium</em></strong></span> <span class='ocrx_word' id='word_1_92' title='bbox 1861 1193 1982 1230; x_wconf 84' lang='lat' dir='ltr'><strong><em>scribi</em></strong></span> 
     </span>
     <span class='ocr_line' id='line_1_14' title="bbox 383 1253 1979 1323; baseline -0.001 -33"><span class='ocrx_word' id='word_1_93' title='bbox 383 1257 593 1302; x_wconf 76' lang='lat' dir='ltr'><em>procurat,</em></span> <span class='ocrx_word' id='word_1_94' title='bbox 613 1255 668 1290; x_wconf 87' lang='lat' dir='ltr'><strong><em>ad</em></strong></span> <span class='ocrx_word' id='word_1_95' title='bbox 685 1254 817 1289; x_wconf 82' lang='lat' dir='ltr'><strong><em>instar</em></strong></span> <span class='ocrx_word' id='word_1_96' title='bbox 830 1254 1044 1300; x_wconf 82' lang='lat' dir='ltr'><strong><em>prodromi</em></strong></span> <span class='ocrx_word' id='word_1_97' title='bbox 1057 1254 1187 1301; x_wconf 80' lang='lat' dir='ltr'><strong><em>operis</em></strong></span> <span class='ocrx_word' id='word_1_98' title='bbox 1200 1253 1372 1289; x_wconf 82' lang='lat' dir='ltr'><strong><em>doctoris</em></strong></span> <span class='ocrx_word' id='word_1_99' title='bbox 1387 1253 1560 1290; x_wconf 81' lang='lat' dir='ltr'><strong><em>Paivae:</em></strong></span> <span class='ocrx_word' id='word_1_100' title='bbox 1573 1254 1743 1291; x_wconf 86' lang='lat' dir='ltr'><strong><em>Hermes</em></strong></span> <span class='ocrx_word' id='word_1_101' title='bbox 1755 1254 1979 1323; x_wconf 77' lang='lat' dir='ltr'><strong><em>Halpawer</em></strong></span> 
     </span>
    </p>
   </div>
   <div class='ocr_carea' id='block_1_7' title="bbox 389 1313 1236 1363">
    <p class='ocr_par' dir='ltr' id='par_1_7' title="bbox 389 1313 1236 1363">
     <span class='ocr_line' id='line_1_15' title="bbox 389 1313 1236 1363; baseline -0.001 -13"><span class='ocrx_word' id='word_1_102' title='bbox 389 1315 576 1363; x_wconf 82' lang='lat' dir='ltr'><strong><em>superior</em></strong></span> <span class='ocrx_word' id='word_1_103' title='bbox 593 1317 630 1350; x_wconf 83' lang='lat' dir='ltr'><strong><em>et</em></strong></span> <span class='ocrx_word' id='word_1_104' title='bbox 647 1313 902 1350; x_wconf 83' lang='lat' dir='ltr'><strong><em>concionator</em></strong></span> <span class='ocrx_word' id='word_1_105' title='bbox 921 1313 1065 1360; x_wconf 75' lang='lat' dir='ltr'><strong><em>Spirae</em></strong></span> <span class='ocrx_word' id='word_1_106' title='bbox 1082 1316 1236 1349; x_wconf 76' lang='lat' dir='ltr'><strong><em>manet.</em></strong></span> 
     </span>
    </p>
   </div>
   <div class='ocr_carea' id='block_1_8' title="bbox 334 1390 1980 2527">
    <p class='ocr_par' dir='ltr' id='par_1_8' title="bbox 334 1390 1980 2527">
     <span class='ocr_line' id='line_1_16' title="bbox 442 1390 1980 1450; baseline -0.002 -14"><span class='ocrx_word' id='word_1_107' title='bbox 442 1404 479 1436; x_wconf 85' lang='grc' dir='ltr'><strong><em>Ι.</em></strong></span> <span class='ocrx_word' id='word_1_108' title='bbox 538 1393 669 1450; x_wconf 90' lang='lat' dir='ltr'><strong><em>Jhus.</em></strong></span> <span class='ocrx_word' id='word_1_109' title='bbox 710 1391 851 1435; x_wconf 90' lang='lat' dir='ltr'><strong><em>Molto</em></strong></span> <span class='ocrx_word' id='word_1_110' title='bbox 889 1391 1002 1434; x_wconf 86' lang='lat' dir='ltr'>Rdo.</span> <span class='ocrx_word' id='word_1_111' title='bbox 1036 1391 1183 1435; x_wconf 88' lang='lat' dir='ltr'><strong><em>Padre</em></strong></span> <span class='ocrx_word' id='word_1_112' title='bbox 1213 1398 1368 1435; x_wconf 89' lang='lat' dir='ltr'><strong><em>nostro</em></strong></span> <span class='ocrx_word' id='word_1_113' title='bbox 1399 1391 1446 1434; x_wconf 93' lang='lat' dir='ltr'><strong><em>in</em></strong></span> <span class='ocrx_word' id='word_1_114' title='bbox 1476 1390 1674 1435; x_wconf 90' lang='lat' dir='ltr'><strong><em>Christo.</em></strong></span> <span class='ocrx_word' id='word_1_115' title='bbox 1710 1391 1807 1434; x_wconf 87' lang='lat' dir='ltr'><strong><em>Pax</em></strong></span> <span class='ocrx_word' id='word_1_116' title='bbox 1844 1390 1980 1434; x_wconf 90' lang='lat' dir='ltr'><strong><em>Chri-</em></strong></span> 
     </span>
     <span class='ocr_line' id='line_1_17' title="bbox 346 1467 1974 1525; baseline -0.001 -13"><span class='ocrx_word' id='word_1_117' title='bbox 346 1468 422 1523; x_wconf 89' lang='lat' dir='ltr'><strong><em>sti,</em></strong></span> <span class='ocrx_word' id='word_1_118' title='bbox 446 1475 534 1512; x_wconf 87' lang='lat' dir='ltr'><strong><em>etc.</em></strong></span> <span class='ocrx_word' id='word_1_119' title='bbox 561 1469 738 1524; x_wconf 80' lang='lat' dir='ltr'><strong><em>Quatro</em></strong></span> <span class='ocrx_word' id='word_1_120' title='bbox 760 1482 787 1511; x_wconf 90' lang='grc' dir='ltr'>ο</span> <span class='ocrx_word' id='word_1_121' title='bbox 809 1467 974 1523; x_wconf 85' lang='lat' dir='ltr'><strong><em>cinque</em></strong></span> <span class='ocrx_word' id='word_1_122' title='bbox 1001 1467 1151 1524; x_wconf 87' lang='lat' dir='ltr'><strong><em>giorni</em></strong></span> <span class='ocrx_word' id='word_1_123' title='bbox 1180 1469 1239 1521; x_wconf 92' lang='lat' dir='ltr'><strong><em>fa,</em></strong></span> <span class='ocrx_word' id='word_1_124' title='bbox 1271 1468 1399 1512; x_wconf 88' lang='lat' dir='ltr'><strong><em>scrisi</em></strong></span> <span class='ocrx_word' id='word_1_125' title='bbox 1430 1469 1473 1512; x_wconf 92' lang='lat' dir='ltr'><strong><em>al</em></strong></span> <span class='ocrx_word' id='word_1_126' title='bbox 1503 1468 1679 1525; x_wconf 87' lang='lat' dir='ltr'><strong><em>lungho</em></strong></span> <span class='ocrx_word' id='word_1_127' title='bbox 1710 1468 1795 1512; x_wconf 89' lang='lat' dir='ltr'><strong><em>alla</em></strong></span> <span class='ocrx_word' id='word_1_128' title='bbox 1827 1468 1880 1511; x_wconf 93' lang='lat' dir='ltr'><strong><em>P.</em></strong></span> <span class='ocrx_word' id='word_1_129' title='bbox 1916 1468 1974 1512; x_wconf 86' lang='lat' dir='ltr'>V.</span> 
     </span>
     <span class='ocr_line' id='line_1_18' title="bbox 342 1543 1978 1602; baseline -0.002 -12"><span class='ocrx_word' id='word_1_130' title='bbox 342 1546 461 1590; x_wconf 91' lang='lat' dir='ltr'><strong><em>delle</em></strong></span> <span class='ocrx_word' id='word_1_131' title='bbox 482 1560 587 1589; x_wconf 87' lang='lat' dir='ltr'><strong><em>cose</em></strong></span> <span class='ocrx_word' id='word_1_132' title='bbox 609 1546 664 1589; x_wconf 90' lang='lat' dir='ltr'><strong><em>de</em></strong></span> <span class='ocrx_word' id='word_1_133' title='bbox 685 1545 886 1601; x_wconf 85' lang='lat' dir='ltr'><strong><em>Dilinga,</em></strong></span> <span class='ocrx_word' id='word_1_134' title='bbox 913 1545 986 1588; x_wconf 90' lang='lat' dir='ltr'><strong><em>del</em></strong></span> <span class='ocrx_word' id='word_1_135' title='bbox 1008 1544 1202 1602; x_wconf 83' lang='lat' dir='ltr'><strong><em>negocio</em></strong></span> <span class='ocrx_word' id='word_1_136' title='bbox 1231 1545 1305 1588; x_wconf 91' lang='lat' dir='ltr'><strong><em>del</em></strong></span> <span class='ocrx_word' id='word_1_137' title='bbox 1337 1545 1535 1602; x_wconf 85' lang='lat' dir='ltr'><strong><em>collegio</em></strong></span> <span class='ocrx_word' id='word_1_138' title='bbox 1563 1546 1621 1588; x_wconf 89' lang='lat' dir='ltr'><strong><em>de</em></strong></span> <span class='ocrx_word' id='word_1_139' title='bbox 1649 1543 1901 1601; x_wconf 80' lang='lat' dir='ltr'><strong><em>Herbipoli,</em></strong></span> <span class='ocrx_word' id='word_1_140' title='bbox 1932 1550 1978 1588; x_wconf 89' lang='lat' dir='ltr'><strong><em>et</em></strong></span> 
     </span>
     <span class='ocr_line' id='line_1_19' title="bbox 342 1620 1979 1679; baseline -0.001 -13"><span class='ocrx_word' id='word_1_141' title='bbox 342 1623 523 1666; x_wconf 89' lang='lat' dir='ltr'><strong><em>mandai</em></strong></span> <span class='ocrx_word' id='word_1_142' title='bbox 544 1623 586 1666; x_wconf 91' lang='grc'>16</span> <span class='ocrx_word' id='word_1_143' title='bbox 606 1621 736 1678; x_wconf 85' lang='lat' dir='ltr'><strong><em>copie</em></strong></span> <span class='ocrx_word' id='word_1_144' title='bbox 763 1621 868 1665; x_wconf 90' lang='lat' dir='ltr'><strong><em>delli</em></strong></span> <span class='ocrx_word' id='word_1_145' title='bbox 896 1621 1040 1665; x_wconf 83' lang='lat' dir='ltr'><strong><em>scritti</em></strong></span> <span class='ocrx_word' id='word_1_146' title='bbox 1069 1622 1126 1666; x_wconf 91' lang='lat' dir='ltr'><strong><em>de</em></strong></span> <span class='ocrx_word' id='word_1_147' title='bbox 1155 1621 1304 1678; x_wconf 86' lang='lat' dir='ltr'><strong><em>questi</em></strong></span> <span class='ocrx_word' id='word_1_148' title='bbox 1333 1621 1409 1666; x_wconf 92' lang='lat' dir='ltr'><strong><em>doi</em></strong></span> <span class='ocrx_word' id='word_1_149' title='bbox 1438 1621 1581 1679; x_wconf 87' lang='lat' dir='ltr'><strong><em>loghi,</em></strong></span> <span class='ocrx_word' id='word_1_150' title='bbox 1617 1628 1662 1665; x_wconf 88' lang='lat' dir='ltr'><strong><em>et</em></strong></span> <span class='ocrx_word' id='word_1_151' title='bbox 1694 1620 1920 1678; x_wconf 87' lang='lat' dir='ltr'><strong><em>rispondei</em></strong></span> <span class='ocrx_word' id='word_1_152' title='bbox 1951 1636 1979 1665; x_wconf 90' lang='lat' dir='ltr'><strong><em>a</em></strong></span> 
     </span>
     <span class='ocr_line' id='line_1_20' title="bbox 339 1684 1974 1756; baseline -0.002 -13"><span class='ocrx_word' id='word_1_153' title='bbox 339 1700 431 1745; x_wconf 90' lang='lat' dir='ltr'><strong><em>due</em></strong></span> <span class='ocrx_word' id='word_1_154' title='bbox 451 1701 610 1744; x_wconf 89' lang='lat' dir='ltr'><strong><em>lettere</em></strong></span> <span class='ocrx_word' id='word_1_155' title='bbox 631 1700 717 1743; x_wconf 88' lang='lat' dir='ltr'><strong><em>che</em></strong></span> <span class='ocrx_word' id='word_1_156' title='bbox 733 1701 879 1744; x_wconf 88' lang='lat' dir='ltr'><strong><em>hauea</em></strong></span> <span class='ocrx_word' id='word_1_157' title='bbox 901 1700 1094 1742; x_wconf 89' lang='lat' dir='ltr'><strong><em>hauutto</em></strong></span> <span class='ocrx_word' id='word_1_158' title='bbox 1110 1699 1228 1743; x_wconf 91' lang='lat' dir='ltr'><strong><em>della</em></strong></span> <span class='ocrx_word' id='word_1_159' title='bbox 1246 1701 1298 1743; x_wconf 92' lang='lat' dir='ltr'><strong><em>P.</em></strong></span> <span class='ocrx_word' id='word_1_160' title='bbox 1320 1700 1376 1743; x_wconf 90' lang='lat' dir='ltr'><strong><em>V.</em></strong></span> <span class='ocrx_word' id='word_1_161' title='bbox 1389 1733 1399 1752; x_wconf 92' lang='lat'>,</span> <span class='ocrx_word' id='word_1_162' title='bbox 1420 1684 1796 1756; x_wconf 85' lang='lat' dir='ltr'><strong><em>raguagliandola</em></strong></span> <span class='ocrx_word' id='word_1_163' title='bbox 1812 1697 1974 1742; x_wconf 89' lang='lat' dir='ltr'><strong><em>etiam-</em></strong></span> 
     </span>
     <span class='ocr_line' id='line_1_21' title="bbox 340 1774 1969 1833; baseline -0.001 -13"><span class='ocrx_word' id='word_1_164' title='bbox 340 1776 416 1820; x_wconf 89' lang='lat' dir='ltr'><strong><em>dio</em></strong></span> <span class='ocrx_word' id='word_1_165' title='bbox 438 1777 496 1821; x_wconf 90' lang='lat' dir='ltr'><strong><em>de</em></strong></span> <span class='ocrx_word' id='word_1_166' title='bbox 517 1776 629 1821; x_wconf 86' lang='lat' dir='ltr'><strong><em>certi</em></strong></span> <span class='ocrx_word' id='word_1_167' title='bbox 650 1775 780 1832; x_wconf 90' lang='lat' dir='ltr'><strong><em>punti</em></strong></span> <span class='ocrx_word' id='word_1_168' title='bbox 802 1778 886 1819; x_wconf 85' lang='lat' dir='ltr'><strong><em>che</em></strong></span> <span class='ocrx_word' id='word_1_169' title='bbox 915 1778 974 1818; x_wconf 90' lang='lat' dir='ltr'><strong><em>m’</em></strong></span> <span class='ocrx_word' id='word_1_170' title='bbox 1000 1790 1306 1822; x_wconf 86' lang='lat' dir='ltr'><strong><em>occorreuano</em></strong></span> <span class='ocrx_word' id='word_1_171' title='bbox 1327 1791 1408 1833; x_wconf 88' lang='lat' dir='ltr'><strong><em>per</em></strong></span> <span class='ocrx_word' id='word_1_172' title='bbox 1430 1777 1459 1818; x_wconf 87' lang='lat' dir='ltr'><strong><em>l’</em></strong></span> <span class='ocrx_word' id='word_1_173' title='bbox 1484 1775 1608 1819; x_wconf 91' lang='lat' dir='ltr'><strong><em>aiuto</em></strong></span> <span class='ocrx_word' id='word_1_174' title='bbox 1629 1776 1686 1819; x_wconf 88' lang='lat' dir='ltr'><strong><em>de</em></strong></span> <span class='ocrx_word' id='word_1_175' title='bbox 1707 1774 1969 1829; x_wconf 80' lang='lat' dir='ltr'><strong><em>Germania,</em></strong></span> 
     </span>
     <span class='ocr_line' id='line_1_22' title="bbox 340 1851 1971 1910; baseline -0.002 -12"><span class='ocrx_word' id='word_1_176' title='bbox 340 1861 388 1898; x_wconf 85' lang='lat' dir='ltr'><strong><em>et</em></strong></span> <span class='ocrx_word' id='word_1_177' title='bbox 408 1855 526 1897; x_wconf 88' lang='lat' dir='ltr'><strong><em>della</em></strong></span> <span class='ocrx_word' id='word_1_178' title='bbox 554 1853 838 1910; x_wconf 84' lang='lat' dir='ltr'><strong><em>Compagnia</em></strong></span> <span class='ocrx_word' id='word_1_179' title='bbox 864 1853 910 1896; x_wconf 91' lang='lat' dir='ltr'><strong><em>in</em></strong></span> <span class='ocrx_word' id='word_1_180' title='bbox 939 1861 1099 1909; x_wconf 81' lang='lat' dir='ltr'><strong><em>queste</em></strong></span> <span class='ocrx_word' id='word_1_181' title='bbox 1125 1854 1290 1898; x_wconf 90' lang='lat' dir='ltr'><strong><em>bande.</em></strong></span> <span class='ocrx_word' id='word_1_182' title='bbox 1321 1853 1457 1910; x_wconf 90' lang='lat' dir='ltr'><strong><em>Dipoi</em></strong></span> <span class='ocrx_word' id='word_1_183' title='bbox 1483 1853 1625 1896; x_wconf 89' lang='lat' dir='ltr'><strong><em>siamo</em></strong></span> <span class='ocrx_word' id='word_1_184' title='bbox 1653 1852 1758 1901; x_wconf 87' lang='lat' dir='ltr'><strong><em>stati</em></strong></span> <span class='ocrx_word' id='word_1_185' title='bbox 1789 1851 1971 1908; x_wconf 89' lang='lat' dir='ltr'><strong><em>ocupati</em></strong></span> 
     </span>
     <span class='ocr_line' id='line_1_23' title="bbox 339 1928 1970 1988; baseline -0.002 -15"><span class='ocrx_word' id='word_1_186' title='bbox 339 1930 386 1974; x_wconf 94' lang='lat' dir='ltr'><strong><em>in</em></strong></span> <span class='ocrx_word' id='word_1_187' title='bbox 409 1931 644 1987; x_wconf 85' lang='lat' dir='ltr'><strong><em>negotiare</em></strong></span> <span class='ocrx_word' id='word_1_188' title='bbox 665 1937 825 1986; x_wconf 88' lang='lat' dir='ltr'><strong><em>questo</em></strong></span> <span class='ocrx_word' id='word_1_189' title='bbox 847 1932 931 1974; x_wconf 87' lang='lat' dir='ltr'><strong><em>che</em></strong></span> <span class='ocrx_word' id='word_1_190' title='bbox 954 1938 1056 1974; x_wconf 87' lang='lat' dir='ltr'><strong><em>toea</em></strong></span> <span class='ocrx_word' id='word_1_191' title='bbox 1076 1931 1118 1975; x_wconf 90' lang='lat' dir='ltr'><strong><em>al</em></strong></span> <span class='ocrx_word' id='word_1_192' title='bbox 1146 1930 1339 1988; x_wconf 90' lang='lat' dir='ltr'><strong><em>collegio</em></strong></span> <span class='ocrx_word' id='word_1_193' title='bbox 1361 1931 1419 1975; x_wconf 93' lang='lat' dir='ltr'><strong><em>de</em></strong></span> <span class='ocrx_word' id='word_1_194' title='bbox 1440 1930 1587 1986; x_wconf 90' lang='lat' dir='ltr'><strong><em>Spira,</em></strong></span> <span class='ocrx_word' id='word_1_195' title='bbox 1611 1930 1684 1973; x_wconf 90' lang='lat' dir='ltr'><strong><em>del</em></strong></span> <span class='ocrx_word' id='word_1_196' title='bbox 1712 1929 1846 1986; x_wconf 91' lang='lat' dir='ltr'><strong><em>quale</em></strong></span> <span class='ocrx_word' id='word_1_197' title='bbox 1871 1928 1970 1972; x_wconf 76' lang='lat' dir='ltr'><strong><em>diro</em></strong></span> 
     </span>
     <span class='ocr_line' id='line_1_24' title="bbox 339 2005 1968 2061; baseline -0.001 -11"><span class='ocrx_word' id='word_1_198' title='bbox 339 2007 633 2052; x_wconf 82' lang='lat' dir='ltr'><strong><em>brenemente</em></strong></span> <span class='ocrx_word' id='word_1_199' title='bbox 658 2007 744 2050; x_wconf 91' lang='lat' dir='ltr'><strong><em>alla</em></strong></span> <span class='ocrx_word' id='word_1_200' title='bbox 772 2009 824 2050; x_wconf 90' lang='lat' dir='ltr'><strong><em>P.</em></strong></span> <span class='ocrx_word' id='word_1_201' title='bbox 859 2009 914 2051; x_wconf 91' lang='lat' dir='ltr'><strong><em>V.</em></strong></span> <span class='ocrx_word' id='word_1_202' title='bbox 948 2009 1131 2053; x_wconf 90' lang='lat' dir='ltr'><strong><em>Venuto</em></strong></span> <span class='ocrx_word' id='word_1_203' title='bbox 1151 2007 1183 2051; x_wconf 93' lang='lat' dir='ltr'><strong><em>il</em></strong></span> <span class='ocrx_word' id='word_1_204' title='bbox 1209 2007 1480 2052; x_wconf 87' lang='lat' dir='ltr'><strong><em>scholastico</em></strong></span> <span class='ocrx_word' id='word_1_205' title='bbox 1501 2008 1534 2061; x_wconf 79' lang='lat'><strong><em>²,</em></strong></span> <span class='ocrx_word' id='word_1_206' title='bbox 1560 2008 1646 2052; x_wconf 87' lang='lat' dir='ltr'><strong><em>che</em></strong></span> <span class='ocrx_word' id='word_1_207' title='bbox 1666 2007 1691 2050; x_wconf 80' lang='grc'>6</span> <span class='ocrx_word' id='word_1_208' title='bbox 1713 2005 1857 2050; x_wconf 87' lang='lat' dir='ltr'><strong><em>amico</em></strong></span> <span class='ocrx_word' id='word_1_209' title='bbox 1883 2020 1968 2049; x_wconf 92' lang='lat' dir='ltr'><strong><em>no-</em></strong></span> 
     </span>
     <span class='ocr_line' id='line_1_25' title="bbox 339 2083 1968 2142; baseline -0.001 -15"><span class='ocrx_word' id='word_1_210' title='bbox 339 2091 450 2137; x_wconf 90' lang='lat' dir='ltr'><strong><em>stro,</em></strong></span> <span class='ocrx_word' id='word_1_211' title='bbox 476 2091 521 2129; x_wconf 90' lang='lat' dir='ltr'><strong><em>et</em></strong></span> <span class='ocrx_word' id='word_1_212' title='bbox 543 2085 746 2128; x_wconf 88' lang='lat' dir='ltr'><strong><em>affettato</em></strong></span> <span class='ocrx_word' id='word_1_213' title='bbox 768 2084 854 2127; x_wconf 90' lang='lat' dir='ltr'><strong><em>alla</em></strong></span> <span class='ocrx_word' id='word_1_214' title='bbox 875 2084 1174 2142; x_wconf 86' lang='lat' dir='ltr'><strong><em>Compagnia,</em></strong></span> <span class='ocrx_word' id='word_1_215' title='bbox 1194 2092 1240 2128; x_wconf 85' lang='lat' dir='ltr'><strong><em>et</em></strong></span> <span class='ocrx_word' id='word_1_216' title='bbox 1261 2086 1320 2128; x_wconf 85' lang='lat' dir='ltr'><strong><em>ha</em></strong></span> <span class='ocrx_word' id='word_1_217' title='bbox 1340 2084 1524 2138; x_wconf 86' lang='lat' dir='ltr'><strong><em>sentito,</em></strong></span> <span class='ocrx_word' id='word_1_218' title='bbox 1544 2098 1673 2129; x_wconf 88' lang='lat' dir='ltr'><strong><em>come</em></strong></span> <span class='ocrx_word' id='word_1_219' title='bbox 1694 2083 1810 2136; x_wconf 88' lang='lat' dir='ltr'><strong><em>dice,</em></strong></span> <span class='ocrx_word' id='word_1_220' title='bbox 1831 2083 1968 2126; x_wconf 87' lang='lat' dir='ltr'><strong><em>molte</em></strong></span> 
     </span>
     <span class='ocr_line' id='line_1_26' title="bbox 338 2161 1968 2219; baseline -0.001 -15"><span class='ocrx_word' id='word_1_221' title='bbox 338 2161 553 2218; x_wconf 87' lang='lat' dir='ltr'><strong><em>prediche</em></strong></span> <span class='ocrx_word' id='word_1_222' title='bbox 573 2162 647 2206; x_wconf 92' lang='lat' dir='ltr'><strong><em>del</em></strong></span> <span class='ocrx_word' id='word_1_223' title='bbox 669 2167 827 2204; x_wconf 86' lang='lat' dir='ltr'><strong><em>nostro</em></strong></span> <span class='ocrx_word' id='word_1_224' title='bbox 852 2164 898 2204; x_wconf 90' lang='lat' dir='ltr'><strong><em>P.</em></strong></span> <span class='ocrx_word' id='word_1_225' title='bbox 927 2164 1060 2206; x_wconf 90' lang='lat' dir='ltr'><strong><em>Mtro.</em></strong></span> <span class='ocrx_word' id='word_1_226' title='bbox 1086 2163 1286 2219; x_wconf 82' lang='lat' dir='ltr'><strong><em>Laynez,</em></strong></span> <span class='ocrx_word' id='word_1_227' title='bbox 1311 2162 1707 2207; x_wconf 88' lang='lat' dir='ltr'><strong><em>incominciasemo</em></strong></span> <span class='ocrx_word' id='word_1_228' title='bbox 1729 2175 1755 2204; x_wconf 89' lang='lat' dir='ltr'><strong><em>a</em></strong></span> <span class='ocrx_word' id='word_1_229' title='bbox 1782 2166 1968 2203; x_wconf 89' lang='lat' dir='ltr'><strong><em>trattare</em></strong></span> 
     </span>
     <span class='ocr_line' id='line_1_27' title="bbox 335 2235 1967 2298; baseline -0.002 -16"><span class='ocrx_word' id='word_1_230' title='bbox 335 2238 523 2291; x_wconf 92' lang='lat' dir='ltr'><strong><em>conlui,</em></strong></span> <span class='ocrx_word' id='word_1_231' title='bbox 547 2237 786 2295; x_wconf 76' lang='lat' dir='ltr'><strong><em>percioche</em></strong></span> <span class='ocrx_word' id='word_1_232' title='bbox 808 2238 870 2280; x_wconf 89' lang='lat' dir='ltr'><strong><em>lui</em></strong></span> <span class='ocrx_word' id='word_1_233' title='bbox 888 2241 1016 2296; x_wconf 77' lang='lat' dir='ltr'><strong><em>gerit</em></strong></span> <span class='ocrx_word' id='word_1_234' title='bbox 1043 2239 1122 2283; x_wconf 86' lang='lat' dir='ltr'><strong><em>lzoc</em></strong></span> <span class='ocrx_word' id='word_1_235' title='bbox 1151 2241 1384 2298; x_wconf 80' lang='lat' dir='ltr'><strong><em>negotium</em></strong></span> <span class='ocrx_word' id='word_1_236' title='bbox 1412 2240 1595 2283; x_wconf 79' lang='lat' dir='ltr'><strong><em>nomine</em></strong></span> <span class='ocrx_word' id='word_1_237' title='bbox 1624 2237 1826 2295; x_wconf 77' lang='lat' dir='ltr'><strong><em>capituli.</em></strong></span> <span class='ocrx_word' id='word_1_238' title='bbox 1859 2237 1907 2280; x_wconf 93' lang='lat' dir='ltr'><strong><em>Io</em></strong></span> <span class='ocrx_word' id='word_1_239' title='bbox 1936 2235 1967 2279; x_wconf 91' lang='lat' dir='ltr'><strong><em>li</em></strong></span> 
     </span>
     <span class='ocr_line' id='line_1_28' title="bbox 334 2313 1965 2374; baseline -0.002 -15"><span class='ocrx_word' id='word_1_240' title='bbox 334 2329 545 2372; x_wconf 88' lang='lat' dir='ltr'><strong><em>propose,</em></strong></span> <span class='ocrx_word' id='word_1_241' title='bbox 569 2314 726 2371; x_wconf 86' lang='lat' dir='ltr'><strong><em>prima,</em></strong></span> <span class='ocrx_word' id='word_1_242' title='bbox 759 2314 796 2358; x_wconf 91' lang='lat' dir='ltr'><strong><em>si</em></strong></span> <span class='ocrx_word' id='word_1_243' title='bbox 824 2323 1095 2371; x_wconf 88' lang='lat' dir='ltr'><strong><em>puoteuamo</em></strong></span> <span class='ocrx_word' id='word_1_244' title='bbox 1123 2319 1293 2362; x_wconf 90' lang='lat' dir='ltr'><strong><em>hauere</em></strong></span> <span class='ocrx_word' id='word_1_245' title='bbox 1321 2331 1539 2374; x_wconf 83' lang='lat' dir='ltr'><strong><em>speranza</em></strong></span> <span class='ocrx_word' id='word_1_246' title='bbox 1567 2316 1611 2359; x_wconf 91' lang='lat' dir='ltr'><strong><em>d’</em></strong></span> <span class='ocrx_word' id='word_1_247' title='bbox 1636 2321 1899 2372; x_wconf 87' lang='lat' dir='ltr'><strong><em>augmento,</em></strong></span> <span class='ocrx_word' id='word_1_248' title='bbox 1934 2313 1965 2356; x_wconf 91' lang='lat' dir='ltr'><strong><em>il</em></strong></span> 
     </span>
     <span class='ocr_line' id='line_1_29' title="bbox 336 2391 1965 2450; baseline -0.002 -15"><span class='ocrx_word' id='word_1_249' title='bbox 336 2393 421 2435; x_wconf 89' lang='lat' dir='ltr'><strong><em>che</em></strong></span> <span class='ocrx_word' id='word_1_250' title='bbox 463 2396 612 2435; x_wconf 86' lang='lat' dir='ltr'><strong><em>tamen</em></strong></span> <span class='ocrx_word' id='word_1_251' title='bbox 653 2405 745 2434; x_wconf 81' lang='lat' dir='ltr'><strong><em>non</em></strong></span> <span class='ocrx_word' id='word_1_252' title='bbox 780 2392 1060 2447; x_wconf 81' lang='lat' dir='ltr'><strong><em>probabatur</em></strong></span> <span class='ocrx_word' id='word_1_253' title='bbox 1097 2409 1123 2438; x_wconf 92' lang='lat' dir='ltr'><strong><em>a</em></strong></span> <span class='ocrx_word' id='word_1_254' title='bbox 1159 2393 1308 2450; x_wconf 90' lang='lat' dir='ltr'><strong><em>questi</em></strong></span> <span class='ocrx_word' id='word_1_255' title='bbox 1346 2392 1498 2446; x_wconf 89' lang='lat' dir='ltr'><strong><em>Padri,</em></strong></span> <span class='ocrx_word' id='word_1_256' title='bbox 1538 2391 1814 2449; x_wconf 85' lang='lat' dir='ltr'><strong><em>prouinciale</em></strong></span> <span class='ocrx_word' id='word_1_257' title='bbox 1845 2391 1879 2444; x_wconf 74' lang='lat'><strong><em>³,</em></strong></span> <span class='ocrx_word' id='word_1_258' title='bbox 1919 2395 1965 2433; x_wconf 87' lang='lat' dir='ltr'><strong><em>et</em></strong></span> 
     </span>
     <span class='ocr_line' id='line_1_30' title="bbox 336 2460 1962 2527; baseline -0.002 -15"><span class='ocrx_word' id='word_1_259' title='bbox 336 2470 474 2513; x_wconf 91' lang='lat' dir='ltr'><strong><em>Mtro.</em></strong></span> <span class='ocrx_word' id='word_1_260' title='bbox 501 2460 743 2513; x_wconf 85' lang='lat' dir='ltr'><strong><em>Lamberto</em></strong></span> <span class='ocrx_word' id='word_1_261' title='bbox 771 2469 803 2512; x_wconf 79' lang='lat'>⁴.</span> <span class='ocrx_word' id='word_1_262' title='bbox 829 2468 1177 2516; x_wconf 88' lang='lat' dir='ltr'><strong><em>Nientedimeno</em></strong></span> <span class='ocrx_word' id='word_1_263' title='bbox 1205 2471 1249 2515; x_wconf 92' lang='lat' dir='ltr'><strong><em>io</em></strong></span> <span class='ocrx_word' id='word_1_264' title='bbox 1277 2472 1322 2514; x_wconf 92' lang='lat' dir='ltr'><strong><em>lo</em></strong></span> <span class='ocrx_word' id='word_1_265' title='bbox 1352 2471 1477 2515; x_wconf 88' lang='lat' dir='ltr'><strong><em>uolse</em></strong></span> <span class='ocrx_word' id='word_1_266' title='bbox 1498 2470 1753 2527; x_wconf 91' lang='lat' dir='ltr'><strong><em>proponer’,</em></strong></span> <span class='ocrx_word' id='word_1_267' title='bbox 1785 2470 1962 2510; x_wconf 80' lang='lat' dir='ltr'><strong><em>utcum-</em></strong></span> 
     </span>
    </p>
   </div>
   <div class='ocr_carea' id='block_1_9' title="bbox 341 2566 619 2575">
    <p class='ocr_par' dir='ltr' id='par_1_9' title="bbox 341 2566 619 2575">
     <span class='ocr_line' id='line_1_31' title="bbox 341 2566 619 2575; baseline 0 0"><span class='ocrx_word' id='word_1_268' title='bbox 341 2566 619 2575; x_wconf 95' lang='lat' dir='ltr'><strong><em> </em></strong></span> 
     </span>
    </p>
   </div>
   <div class='ocr_carea' id='block_1_10' title="bbox 334 2611 1959 2724">
    <p class='ocr_par' dir='ltr' id='par_1_10' title="bbox 334 2611 1959 2724">
     <span class='ocr_line' id='line_1_32' title="bbox 407 2611 1959 2667; baseline -0.002 -15"><span class='ocrx_word' id='word_1_269' title='bbox 407 2623 429 2644; x_wconf 66' lang='lat' dir='ltr'><strong><em>a</em></strong></span> <span class='ocrx_word' id='word_1_270' title='bbox 466 2616 578 2652; x_wconf 90' lang='lat' dir='ltr'><strong><em>Prius</em></strong></span> <span class='ocrx_word' id='word_1_271' title='bbox 601 2616 788 2663; x_wconf 80' lang='lat' dir='ltr'><strong><em>scriptum</em></strong></span> <span class='ocrx_word' id='word_1_272' title='bbox 806 2615 932 2653; x_wconf 81' lang='lat' dir='ltr'><strong><em>fuerat</em></strong></span> <span class='ocrx_word' id='word_1_273' title='bbox 949 2619 1181 2666; x_wconf 81' lang='lat' dir='ltr'><strong><em>Herbipoli,·</em></strong></span> <span class='ocrx_word' id='word_1_274' title='bbox 1197 2618 1315 2667; x_wconf 91' lang='lat' dir='ltr'><strong><em>quod,</em></strong></span> <span class='ocrx_word' id='word_1_275' title='bbox 1333 2623 1490 2666; x_wconf 88' lang='lat' dir='ltr'><strong><em>recepta</em></strong></span> <span class='ocrx_word' id='word_1_276' title='bbox 1517 2617 1572 2653; x_wconf 91' lang='lat' dir='ltr'><strong><em>ibi</em></strong></span> <span class='ocrx_word' id='word_1_277' title='bbox 1590 2616 1767 2664; x_wconf 85' lang='lat' dir='ltr'><strong><em>epistola,</em></strong></span> <span class='ocrx_word' id='word_1_278' title='bbox 1787 2611 1959 2650; x_wconf 78' lang='lat' dir='ltr'><strong><em>deletum</em></strong></span> 
     </span>
     <span class='ocr_line' id='line_1_33' title="bbox 334 2676 1101 2724; baseline 0.004 -13"><span class='ocrx_word' id='word_1_279' title='bbox 334 2680 409 2723; x_wconf 88' lang='lat' dir='ltr'><strong><em>est,</em></strong></span> <span class='ocrx_word' id='word_1_280' title='bbox 435 2680 476 2711; x_wconf 89' lang='lat' dir='ltr'><strong><em>et</em></strong></span> <span class='ocrx_word' id='word_1_281' title='bbox 500 2687 614 2722; x_wconf 87' lang='lat' dir='ltr'><strong><em>supra</em></strong></span> <span class='ocrx_word' id='word_1_282' title='bbox 638 2676 838 2723; x_wconf 89' lang='lat' dir='ltr'><strong><em>seriptum:</em></strong></span> <span class='ocrx_word' id='word_1_283' title='bbox 867 2676 1101 2724; x_wconf 83' lang='lat' dir='ltr'><strong><em>Moguntia.</em></strong></span> 
     </span>
    </p>
   </div>
   <div class='ocr_carea' id='block_1_11' title="bbox 335 2756 617 2766">
    <p class='ocr_par' dir='ltr' id='par_1_11' title="bbox 335 2756 617 2766">
     <span class='ocr_line' id='line_1_34' title="bbox 335 2756 617 2766; baseline 0 0"><span class='ocrx_word' id='word_1_284' title='bbox 335 2756 617 2766; x_wconf 95' lang='lat' dir='ltr'><strong><em> </em></strong></span> 
     </span>
    </p>
   </div>
   <div class='ocr_carea' id='block_1_12' title="bbox 321 2797 1960 3143">
    <p class='ocr_par' dir='ltr' id='par_1_12' title="bbox 324 2797 1960 2908">
     <span class='ocr_line' id='line_1_35' title="bbox 400 2797 1960 2847; baseline -0.002 -12"><span class='ocrx_word' id='word_1_285' title='bbox 400 2801 411 2821; x_wconf 94' lang='lat'>¹</span> <span class='ocrx_word' id='word_1_286' title='bbox 461 2800 519 2835; x_wconf 87' lang='lat' dir='ltr'><strong><em>Ex</em></strong></span> <span class='ocrx_word' id='word_1_287' title='bbox 549 2800 774 2847; x_wconf 84' lang='lat' dir='ltr'><strong><em>archetypo,</em></strong></span> <span class='ocrx_word' id='word_1_288' title='bbox 805 2812 827 2835; x_wconf 92' lang='lat' dir='ltr'><strong><em>a</em></strong></span> <span class='ocrx_word' id='word_1_289' title='bbox 858 2801 1034 2846; x_wconf 89' lang='lat' dir='ltr'><strong><em>Jimenez</em></strong></span> <span class='ocrx_word' id='word_1_290' title='bbox 1064 2807 1237 2845; x_wconf 87' lang='lat' dir='ltr'><strong><em>exarato,</em></strong></span> <span class='ocrx_word' id='word_1_291' title='bbox 1270 2807 1310 2838; x_wconf 84' lang='lat' dir='ltr'><strong><em>et</em></strong></span> <span class='ocrx_word' id='word_1_292' title='bbox 1336 2801 1487 2838; x_wconf 76' lang='lat' dir='ltr'><strong><em>Natalis</em></strong></span> <span class='ocrx_word' id='word_1_293' title='bbox 1518 2810 1633 2835; x_wconf 88' lang='lat' dir='ltr'><strong><em>manu</em></strong></span> <span class='ocrx_word' id='word_1_294' title='bbox 1664 2797 1886 2845; x_wconf 83' lang='lat' dir='ltr'><strong><em>subscripto</em></strong></span> <span class='ocrx_word' id='word_1_295' title='bbox 1920 2801 1960 2832; x_wconf 90' lang='lat' dir='ltr'><strong><em>et</em></strong></span> 
     </span>
     <span class='ocr_line' id='line_1_36' title="bbox 324 2858 1605 2908; baseline 0.002 -15"><span class='ocrx_word' id='word_1_296' title='bbox 324 2858 546 2906; x_wconf 70' lang='lat' dir='ltr'><strong><em>emendam,</em></strong></span> <span class='ocrx_word' id='word_1_297' title='bbox 565 2859 606 2895; x_wconf 88' lang='lat' dir='ltr'><strong><em>in</em></strong></span> <span class='ocrx_word' id='word_1_298' title='bbox 625 2859 752 2907; x_wconf 79' lang='lat' dir='ltr'><strong><em>Epist.</em></strong></span> <span class='ocrx_word' id='word_1_299' title='bbox 770 2859 932 2902; x_wconf 83' lang='lat' dir='ltr'><strong><em>Natal.,</em></strong></span> <span class='ocrx_word' id='word_1_300' title='bbox 950 2861 999 2907; x_wconf 92' lang='lat' dir='ltr'><strong><em>II,</em></strong></span> <span class='ocrx_word' id='word_1_301' title='bbox 1020 2860 1165 2908; x_wconf 90' lang='lat' dir='ltr'><strong><em>duplici</em></strong></span> <span class='ocrx_word' id='word_1_302' title='bbox 1182 2861 1273 2906; x_wconf 85' lang='lat' dir='ltr'>fol.,</span> <span class='ocrx_word' id='word_1_303' title='bbox 1296 2862 1363 2906; x_wconf 88' lang='lat'><strong><em>167</em></strong></span> <span class='ocrx_word' id='word_1_304' title='bbox 1380 2860 1480 2908; x_wconf 87' lang='grc'>(262,</span> <span class='ocrx_word' id='word_1_305' title='bbox 1500 2858 1605 2904; x_wconf 86' lang='lat'>263).</span> 
     </span>
    </p>

    <p class='ocr_par' dir='ltr' id='par_1_13' title="bbox 321 2917 1960 3026">
     <span class='ocr_line' id='line_1_37' title="bbox 394 2917 1960 2967; baseline -0.001 -15"><span class='ocrx_word' id='word_1_306' title='bbox 394 2917 408 2939; x_wconf 80' lang='lat'>²</span> <span class='ocrx_word' id='word_1_307' title='bbox 459 2918 659 2954; x_wconf 87' lang='lat' dir='ltr'><strong><em>«Andreas</em></strong></span> <span class='ocrx_word' id='word_1_308' title='bbox 677 2917 964 2962; x_wconf 86' lang='lat' dir='ltr'><strong><em>Obersteinius,</em></strong></span> <span class='ocrx_word' id='word_1_309' title='bbox 983 2925 1065 2956; x_wconf 89' lang='lat' dir='ltr'><strong><em>tum</em></strong></span> <span class='ocrx_word' id='word_1_310' title='bbox 1084 2920 1337 2957; x_wconf 84' lang='lat' dir='ltr'><strong><em>scholasticus</em></strong></span> <span class='ocrx_word' id='word_1_311' title='bbox 1351 2919 1605 2967; x_wconf 86' lang='lat' dir='ltr'><strong><em>[canonicus],</em></strong></span> <span class='ocrx_word' id='word_1_312' title='bbox 1620 2922 1757 2967; x_wconf 87' lang='lat' dir='ltr'><strong><em>postea</em></strong></span> <span class='ocrx_word' id='word_1_313' title='bbox 1772 2918 1960 2952; x_wconf 81' lang='lat' dir='ltr'><strong><em>Decanus</em></strong></span> 
     </span>
     <span class='ocr_line' id='line_1_38' title="bbox 321 2974 1606 3026; baseline 0.002 -15"><span class='ocrx_word' id='word_1_314' title='bbox 321 2974 519 3022; x_wconf 85' lang='lat' dir='ltr'><strong><em>Spirensis</em></strong></span> <span class='ocrx_word' id='word_1_315' title='bbox 537 2977 760 3013; x_wconf 85' lang='lat' dir='ltr'><strong><em>Ecclesiae»</em></strong></span> <span class='ocrx_word' id='word_1_316' title='bbox 780 2976 1038 3026; x_wconf 75' lang='lat' dir='ltr'><strong>SACCHINUS,</strong></span> <span class='ocrx_word' id='word_1_317' title='bbox 1058 2981 1135 3015; x_wconf 93' lang='lat' dir='ltr'><strong><em>loc.</em></strong></span> <span class='ocrx_word' id='word_1_318' title='bbox 1159 2980 1252 3024; x_wconf 91' lang='lat' dir='ltr'><strong><em>cit.,</em></strong></span> <span class='ocrx_word' id='word_1_319' title='bbox 1271 2980 1341 3016; x_wconf 92' lang='lat' dir='ltr'><strong><em>lib.</em></strong></span> <span class='ocrx_word' id='word_1_320' title='bbox 1359 2980 1432 3025; x_wconf 91' lang='grc' dir='ltr'><strong>ΙΙΙ,</strong></span> <span class='ocrx_word' id='word_1_321' title='bbox 1452 2991 1496 3015; x_wconf 90' lang='lat' dir='ltr'><strong><em>n.</em></strong></span> <span class='ocrx_word' id='word_1_322' title='bbox 1523 2977 1606 3023; x_wconf 89' lang='lat'>137.</span> 
     </span>
    </p>

    <p class='ocr_par' dir='ltr' id='par_1_14' title="bbox 393 3036 1500 3086">
     <span class='ocr_line' id='line_1_39' title="bbox 393 3036 1500 3086; baseline 0.004 -16"><span class='ocrx_word' id='word_1_323' title='bbox 393 3036 409 3056; x_wconf 78' lang='lat'><strong>³</strong></span> <span class='ocrx_word' id='word_1_324' title='bbox 460 3036 656 3072; x_wconf 88' lang='lat' dir='ltr'><strong><em>Antonius</em></strong></span> <span class='ocrx_word' id='word_1_325' title='bbox 674 3036 834 3079; x_wconf 90' lang='lat' dir='ltr'><strong><em>Winck‚</em></strong></span> <span class='ocrx_word' id='word_1_326' title='bbox 853 3037 1076 3082; x_wconf 87' lang='lat' dir='ltr'><strong><em>provinciae</em></strong></span> <span class='ocrx_word' id='word_1_327' title='bbox 1094 3039 1222 3074; x_wconf 89' lang='lat' dir='ltr'><strong><em>Rheni</em></strong></span> <span class='ocrx_word' id='word_1_328' title='bbox 1240 3038 1500 3086; x_wconf 82' lang='lat' dir='ltr'><strong><em>praepositus.</em></strong></span> 
     </span>
    </p>

    <p class='ocr_par' dir='ltr' id='par_1_15' title="bbox 396 3095 1173 3143">
     <span class='ocr_line' id='line_1_40' title="bbox 396 3095 1173 3143; baseline 0.005 -13"><span class='ocrx_word' id='word_1_329' title='bbox 396 3095 412 3115; x_wconf 84' lang='lat'><strong>⁴</strong></span> <span class='ocrx_word' id='word_1_330' title='bbox 460 3095 582 3140; x_wconf 88' lang='lat' dir='ltr'><strong><em>Auer,</em></strong></span> <span class='ocrx_word' id='word_1_331' title='bbox 600 3099 742 3142; x_wconf 87' lang='lat' dir='ltr'><strong><em>rector,</em></strong></span> <span class='ocrx_word' id='word_1_332' title='bbox 760 3095 918 3141; x_wconf 83' lang='lat' dir='ltr'><strong><em>collegii</em></strong></span> <span class='ocrx_word' id='word_1_333' title='bbox 936 3097 1173 3143; x_wconf 87' lang='lat' dir='ltr'><strong><em>moguntini.</em></strong></span> 
     </span>
    </p>
   </div>
  </div>
 </body>
</html>
