<?xml version="1.0" encoding="UTF-8"?>
<!DOCTYPE html PUBLIC "-//W3C//DTD XHTML 1.0 Transitional//EN"
    "http://www.w3.org/TR/xhtml1/DTD/xhtml1-transitional.dtd">
<html xmlns="http://www.w3.org/1999/xhtml" xml:lang="en" lang="en">
 <head>
  <title>
</title>
<meta http-equiv="Content-Type" content="text/html;charset=utf-8" />
  <meta name='ocr-system' content='tesseract 3.04.00' />
  <meta name='ocr-capabilities' content='ocr_page ocr_carea ocr_par ocr_line ocrx_word'/>
</head>
<body>
  <div class='ocr_page' id='page_1' title='image "./epistolaephieron03nadauoft_0837.png"; bbox 0 0 2228 3548; ppageno 0'>
   <div class='ocr_carea' id='block_1_1' title="bbox 977 248 1854 298">
    <p class='ocr_par' dir='ltr' id='par_1_1' title="bbox 977 248 1854 298">
     <span class='ocr_line' id='line_1_1' title="bbox 977 248 1854 298; baseline 0.002 -14"><span class='ocrx_word' id='word_1_1' title='bbox 977 248 1196 298; x_wconf 72' lang='lat' dir='ltr'>Apmmnrx</span> <span class='ocrx_word' id='word_1_2' title='bbox 1781 258 1854 298; x_wconf 89' lang='lat'>799</span> 
     </span>
    </p>
   </div>
   <div class='ocr_carea' id='block_1_2' title="bbox 806 348 1360 472">
    <p class='ocr_par' dir='ltr' id='par_1_2' title="bbox 806 348 1360 472">
     <span class='ocr_line' id='line_1_2' title="bbox 986 348 1188 394; baseline 0 0"><span class='ocrx_word' id='word_1_3' title='bbox 986 351 1089 394; x_wconf 93' lang='lat' dir='ltr'>LVI</span> <span class='ocrx_word' id='word_1_4' title='bbox 1110 348 1188 394; x_wconf 87' lang='lat' dir='ltr'>(bis</span> 
     </span>
     <span class='ocr_line' id='line_1_3' title="bbox 806 432 1360 472; baseline 0.002 -3"><span class='ocrx_word' id='word_1_5' title='bbox 806 432 1139 471; x_wconf 88' lang='lat' dir='ltr'>STANISLAUS</span> <span class='ocrx_word' id='word_1_6' title='bbox 1165 432 1360 472; x_wconf 89' lang='lat' dir='ltr'>HOSIUS</span> 
     </span>
    </p>
   </div>
   <div class='ocr_carea' id='block_1_3' title="bbox 574 525 1588 738">
    <p class='ocr_par' dir='ltr' id='par_1_3' title="bbox 574 525 1575 738">
     <span class='ocr_line' id='line_1_4' title="bbox 595 525 1574 565; baseline 0.002 -10"><span class='ocrx_word' id='word_1_7' title='bbox 595 525 798 556; x_wconf 85' lang='lat' dir='ltr'><strong>PATRI</strong></span> <span class='ocrx_word' id='word_1_8' title='bbox 846 525 1094 565; x_wconf 87' lang='lat' dir='ltr'>JOANNI</span> <span class='ocrx_word' id='word_1_9' title='bbox 1141 525 1221 556; x_wconf 91' lang='lat' dir='ltr'>DE</span> <span class='ocrx_word' id='word_1_10' title='bbox 1268 526 1574 557; x_wconf 88' lang='lat' dir='ltr'>POLANCO</span> 
     </span>
     <span class='ocr_line' id='line_1_5' title="bbox 639 600 1521 658; baseline 0 -12"><span class='ocrx_word' id='word_1_11' title='bbox 639 600 958 658; x_wconf 89' lang='lat' dir='ltr'>Heilsbergae,</span> <span class='ocrx_word' id='word_1_12' title='bbox 984 614 1034 656; x_wconf 93' lang='lat'>13</span> <span class='ocrx_word' id='word_1_13' title='bbox 1053 601 1333 657; x_wconf 85' lang='lat' dir='ltr'>Septembris</span> <span class='ocrx_word' id='word_1_14' title='bbox 1355 602 1466 657; x_wconf 89' lang='lat'>1567</span> <span class='ocrx_word' id='word_1_15' title='bbox 1492 604 1521 646; x_wconf 90' lang='lat'>¹.</span> 
     </span>
     <span class='ocr_line' id='line_1_6' title="bbox 574 689 1588 738; baseline 0.001 -13"><span class='ocrx_word' id='word_1_16' title='bbox 574 690 624 724; x_wconf 91' lang='grc' dir='ltr'>Ρ.</span> <span class='ocrx_word' id='word_1_17' title='bbox 651 690 876 725; x_wconf 80' lang='lat' dir='ltr'>Henricum</span> <span class='ocrx_word' id='word_1_18' title='bbox 901 689 1142 736; x_wconf 80' lang='lat' dir='ltr'>Dionysium</span> <span class='ocrx_word' id='word_1_19' title='bbox 1166 689 1242 725; x_wconf 85' lang='lat' dir='ltr'><strong><em>sibi</em></strong></span> <span class='ocrx_word' id='word_1_20' title='bbox 1266 689 1375 726; x_wconf 82' lang='lat' dir='ltr'>mitti</span> <span class='ocrx_word' id='word_1_21' title='bbox 1394 691 1588 738; x_wconf 79' lang='lat' dir='ltr'>postulat.</span> 
     </span>
    </p>
   </div>
   <div class='ocr_carea' id='block_1_4' title="bbox 249 764 1892 2718">
    <p class='ocr_par' dir='ltr' id='par_1_4' title="bbox 249 764 1892 2718">
     <span class='ocr_line' id='line_1_7' title="bbox 355 764 1892 825; baseline 0.002 -14"><span class='ocrx_word' id='word_1_22' title='bbox 355 767 403 811; x_wconf 91' lang='lat' dir='ltr'>S.</span> <span class='ocrx_word' id='word_1_23' title='bbox 432 768 484 810; x_wconf 93' lang='lat' dir='ltr'>P</span> <span class='ocrx_word' id='word_1_24' title='bbox 511 767 649 822; x_wconf 78' lang='lat' dir='ltr'>Quod</span> <span class='ocrx_word' id='word_1_25' title='bbox 666 769 718 810; x_wconf 91' lang='lat' dir='ltr'>P.</span> <span class='ocrx_word' id='word_1_26' title='bbox 745 768 823 819; x_wconf 92' lang='lat' dir='ltr'>V.‚</span> <span class='ocrx_word' id='word_1_27' title='bbox 848 781 963 822; x_wconf 88' lang='lat' dir='ltr'>quae</span> <span class='ocrx_word' id='word_1_28' title='bbox 984 766 1245 810; x_wconf 88' lang='lat' dir='ltr'>scribuntur</span> <span class='ocrx_word' id='word_1_29' title='bbox 1266 782 1293 810; x_wconf 90' lang='lat' dir='ltr'>a</span> <span class='ocrx_word' id='word_1_30' title='bbox 1314 782 1403 821; x_wconf 91' lang='lat' dir='ltr'>me,</span> <span class='ocrx_word' id='word_1_31' title='bbox 1422 764 1470 811; x_wconf 91' lang='lat' dir='ltr'>in</span> <span class='ocrx_word' id='word_1_32' title='bbox 1486 767 1701 825; x_wconf 89' lang='lat' dir='ltr'>optimam</span> <span class='ocrx_word' id='word_1_33' title='bbox 1717 776 1892 825; x_wconf 89' lang='lat' dir='ltr'>partem</span> 
     </span>
     <span class='ocr_line' id='line_1_8' title="bbox 265 823 1892 882; baseline 0.004 -15"><span class='ocrx_word' id='word_1_34' title='bbox 265 823 611 882; x_wconf 85' lang='lat' dir='ltr'>interpretatur,</span> <span class='ocrx_word' id='word_1_35' title='bbox 657 825 741 871; x_wconf 90' lang='lat' dir='ltr'>etsi</span> <span class='ocrx_word' id='word_1_36' title='bbox 780 840 1014 882; x_wconf 90' lang='lat' dir='ltr'>nunquam</span> <span class='ocrx_word' id='word_1_37' title='bbox 1051 826 1173 869; x_wconf 91' lang='lat' dir='ltr'>aliud</span> <span class='ocrx_word' id='word_1_38' title='bbox 1214 826 1322 869; x_wconf 87' lang='lat' dir='ltr'>mihi</span> <span class='ocrx_word' id='word_1_39' title='bbox 1364 827 1422 872; x_wconf 91' lang='lat' dir='ltr'>de</span> <span class='ocrx_word' id='word_1_40' title='bbox 1463 835 1622 872; x_wconf 88' lang='lat' dir='ltr'>sancta</span> <span class='ocrx_word' id='word_1_41' title='bbox 1663 828 1892 873; x_wconf 89' lang='lat' dir='ltr'>Societate</span> 
     </span>
     <span class='ocr_line' id='line_1_9' title="bbox 261 885 1892 942; baseline 0.003 -16"><span class='ocrx_word' id='word_1_42' title='bbox 261 892 414 929; x_wconf 87' lang='lat' dir='ltr'>vestra</span> <span class='ocrx_word' id='word_1_43' title='bbox 435 886 780 941; x_wconf 85' lang='lat' dir='ltr'>persuadebam,</span> <span class='ocrx_word' id='word_1_44' title='bbox 803 893 985 942; x_wconf 88' lang='lat' dir='ltr'>gratum</span> <span class='ocrx_word' id='word_1_45' title='bbox 1008 891 1156 928; x_wconf 90' lang='lat' dir='ltr'>tamen</span> <span class='ocrx_word' id='word_1_46' title='bbox 1181 885 1266 928; x_wconf 88' lang='lat' dir='ltr'>fuit</span> <span class='ocrx_word' id='word_1_47' title='bbox 1288 885 1424 930; x_wconf 82' lang='lat' dir='ltr'>etiam</span> <span class='ocrx_word' id='word_1_48' title='bbox 1446 900 1503 930; x_wconf 86' lang='lat' dir='ltr'>ex</span> <span class='ocrx_word' id='word_1_49' title='bbox 1531 886 1650 930; x_wconf 93' lang='lat' dir='ltr'>illius</span> <span class='ocrx_word' id='word_1_50' title='bbox 1682 886 1823 932; x_wconf 89' lang='lat' dir='ltr'>literis</span> <span class='ocrx_word' id='word_1_51' title='bbox 1845 888 1892 931; x_wconf 92' lang='lat' dir='ltr'>id</span> 
     </span>
     <span class='ocr_line' id='line_1_10' title="bbox 259 943 1889 1000; baseline 0.003 -14"><span class='ocrx_word' id='word_1_52' title='bbox 259 957 552 1000; x_wconf 84' lang='lat' dir='ltr'>cognoscere.</span> <span class='ocrx_word' id='word_1_53' title='bbox 594 946 675 988; x_wconf 88' lang='lat' dir='ltr'>Est</span> <span class='ocrx_word' id='word_1_54' title='bbox 710 943 893 999; x_wconf 89' lang='lat' dir='ltr'>quidem</span> <span class='ocrx_word' id='word_1_55' title='bbox 927 943 1006 996; x_wconf 90' lang='lat' dir='ltr'>ita,</span> <span class='ocrx_word' id='word_1_56' title='bbox 1047 945 1168 999; x_wconf 94' lang='lat' dir='ltr'>quod</span> <span class='ocrx_word' id='word_1_57' title='bbox 1204 951 1407 989; x_wconf 86' lang='lat' dir='ltr'>sanctam</span> <span class='ocrx_word' id='word_1_58' title='bbox 1451 946 1727 990; x_wconf 91' lang='lat' dir='ltr'>Societatem</span> <span class='ocrx_word' id='word_1_59' title='bbox 1767 948 1889 991; x_wconf 90' lang='lat' dir='ltr'>hanc</span> 
     </span>
     <span class='ocr_line' id='line_1_11' title="bbox 259 1002 1890 1061; baseline 0.002 -15"><span class='ocrx_word' id='word_1_60' title='bbox 259 1011 438 1046; x_wconf 87' lang='lat' dir='ltr'>auctam</span> <span class='ocrx_word' id='word_1_61' title='bbox 461 1010 508 1047; x_wconf 91' lang='lat' dir='ltr'>et</span> <span class='ocrx_word' id='word_1_62' title='bbox 534 1003 877 1060; x_wconf 87' lang='lat' dir='ltr'>multiplicatam</span> <span class='ocrx_word' id='word_1_63' title='bbox 904 1002 1074 1058; x_wconf 90' lang='lat' dir='ltr'>vbique</span> <span class='ocrx_word' id='word_1_64' title='bbox 1094 1004 1299 1046; x_wconf 90' lang='lat' dir='ltr'>locorum</span> <span class='ocrx_word' id='word_1_65' title='bbox 1328 1003 1479 1060; x_wconf 90' lang='lat' dir='ltr'>cupio,</span> <span class='ocrx_word' id='word_1_66' title='bbox 1509 1006 1589 1048; x_wconf 89' lang='lat' dir='ltr'>sed</span> <span class='ocrx_word' id='word_1_67' title='bbox 1625 1006 1798 1061; x_wconf 88' lang='lat' dir='ltr'>absque</span> <span class='ocrx_word' id='word_1_68' title='bbox 1821 1014 1890 1050; x_wconf 91' lang='lat' dir='ltr'>ta-</span> 
     </span>
     <span class='ocr_line' id='line_1_12' title="bbox 260 1061 1891 1120; baseline 0.003 -16"><span class='ocrx_word' id='word_1_69' title='bbox 260 1076 364 1105; x_wconf 92' lang='lat' dir='ltr'>men</span> <span class='ocrx_word' id='word_1_70' title='bbox 381 1062 652 1107; x_wconf 85' lang='lat' dir='ltr'>detrimento</span> <span class='ocrx_word' id='word_1_71' title='bbox 673 1061 853 1118; x_wconf 89' lang='lat' dir='ltr'>collegii</span> <span class='ocrx_word' id='word_1_72' title='bbox 874 1062 1016 1105; x_wconf 91' lang='lat' dir='ltr'>nostri</span> <span class='ocrx_word' id='word_1_73' title='bbox 1044 1062 1468 1118; x_wconf 89' lang='lat' dir='ltr'>braunspergensis,</span> <span class='ocrx_word' id='word_1_74' title='bbox 1502 1078 1606 1107; x_wconf 91' lang='lat' dir='ltr'>cum</span> <span class='ocrx_word' id='word_1_75' title='bbox 1641 1079 1733 1108; x_wconf 92' lang='lat' dir='ltr'>non</span> <span class='ocrx_word' id='word_1_76' title='bbox 1754 1065 1891 1120; x_wconf 79' lang='lat' dir='ltr'>igno—</span> 
     </span>
     <span class='ocr_line' id='line_1_13' title="bbox 261 1120 1890 1179; baseline 0.002 -15"><span class='ocrx_word' id='word_1_77' title='bbox 261 1127 330 1164; x_wconf 89' lang='lat' dir='ltr'>ret</span> <span class='ocrx_word' id='word_1_78' title='bbox 353 1123 406 1165; x_wconf 91' lang='grc' dir='ltr'>Ρ.</span> <span class='ocrx_word' id='word_1_79' title='bbox 433 1123 510 1174; x_wconf 94' lang='lat' dir='ltr'>V.,</span> <span class='ocrx_word' id='word_1_80' title='bbox 540 1122 665 1178; x_wconf 91' lang='lat' dir='ltr'>quod</span> <span class='ocrx_word' id='word_1_81' title='bbox 699 1121 905 1165; x_wconf 89' lang='lat' dir='ltr'>ordinata</span> <span class='ocrx_word' id='word_1_82' title='bbox 940 1120 1135 1164; x_wconf 83' lang='lat' dir='ltr'>charitas</span> <span class='ocrx_word' id='word_1_83' title='bbox 1171 1121 1329 1177; x_wconf 88' lang='lat' dir='ltr'>incipit</span> <span class='ocrx_word' id='word_1_84' title='bbox 1359 1137 1386 1166; x_wconf 91' lang='lat' dir='ltr'>a</span> <span class='ocrx_word' id='word_1_85' title='bbox 1415 1122 1580 1179; x_wconf 92' lang='lat' dir='ltr'>seipso.</span> <span class='ocrx_word' id='word_1_86' title='bbox 1623 1125 1760 1179; x_wconf 80' lang='lat' dir='ltr'>Quod</span> <span class='ocrx_word' id='word_1_87' title='bbox 1782 1139 1890 1168; x_wconf 88' lang='lat' dir='ltr'>vero</span> 
     </span>
     <span class='ocr_line' id='line_1_14' title="bbox 262 1179 1890 1236; baseline 0.002 -12"><span class='ocrx_word' id='word_1_88' title='bbox 262 1179 424 1225; x_wconf 91' lang='lat' dir='ltr'>attinet</span> <span class='ocrx_word' id='word_1_89' title='bbox 440 1181 498 1226; x_wconf 92' lang='lat' dir='ltr'>ad</span> <span class='ocrx_word' id='word_1_90' title='bbox 516 1183 567 1224; x_wconf 90' lang='lat' dir='ltr'>P.</span> <span class='ocrx_word' id='word_1_91' title='bbox 589 1179 839 1225; x_wconf 90' lang='lat' dir='ltr'>Henricum</span> <span class='ocrx_word' id='word_1_92' title='bbox 856 1179 1143 1236; x_wconf 91' lang='lat' dir='ltr'>Dionysium,</span> <span class='ocrx_word' id='word_1_93' title='bbox 1162 1195 1265 1224; x_wconf 91' lang='lat' dir='ltr'>eum</span> <span class='ocrx_word' id='word_1_94' title='bbox 1283 1181 1380 1224; x_wconf 90' lang='lat' dir='ltr'>iure</span> <span class='ocrx_word' id='word_1_95' title='bbox 1398 1196 1498 1226; x_wconf 92' lang='lat' dir='ltr'>meo</span> <span class='ocrx_word' id='word_1_96' title='bbox 1516 1183 1755 1227; x_wconf 89' lang='lat' dir='ltr'>vendicare</span> <span class='ocrx_word' id='word_1_97' title='bbox 1777 1183 1890 1227; x_wconf 91' lang='lat' dir='ltr'>mihi</span> 
     </span>
     <span class='ocr_line' id='line_1_15' title="bbox 263 1238 1890 1306; baseline 0.003 -24"><span class='ocrx_word' id='word_1_98' title='bbox 263 1238 434 1292; x_wconf 86' lang='lat' dir='ltr'>videor,</span> <span class='ocrx_word' id='word_1_99' title='bbox 459 1239 823 1306; x_wconf 81' lang='lat' dir='ltr'>quandoquidem</span> <span class='ocrx_word' id='word_1_100' title='bbox 844 1240 985 1284; x_wconf 90' lang='lat' dir='ltr'>semel</span> <span class='ocrx_word' id='word_1_101' title='bbox 1006 1240 1063 1283; x_wconf 91' lang='lat' dir='ltr'>ab</span> <span class='ocrx_word' id='word_1_102' title='bbox 1084 1241 1171 1283; x_wconf 87' lang='lat' dir='ltr'>hac</span> <span class='ocrx_word' id='word_1_103' title='bbox 1199 1248 1357 1284; x_wconf 88' lang='lat' dir='ltr'>sancta</span> <span class='ocrx_word' id='word_1_104' title='bbox 1385 1241 1615 1286; x_wconf 87' lang='lat' dir='ltr'>Societate</span> <span class='ocrx_word' id='word_1_105' title='bbox 1644 1242 1752 1286; x_wconf 88' lang='lat' dir='ltr'>mihi</span> <span class='ocrx_word' id='word_1_106' title='bbox 1783 1258 1890 1299; x_wconf 84' lang='lat' dir='ltr'>pro-</span> 
     </span>
     <span class='ocr_line' id='line_1_16' title="bbox 263 1298 1888 1358; baseline 0.002 -16"><span class='ocrx_word' id='word_1_107' title='bbox 263 1298 428 1342; x_wconf 90' lang='lat' dir='ltr'>missus</span> <span class='ocrx_word' id='word_1_108' title='bbox 450 1299 550 1352; x_wconf 84' lang='lat' dir='ltr'>fuit,</span> <span class='ocrx_word' id='word_1_109' title='bbox 589 1298 720 1342; x_wconf 89' lang='lat' dir='ltr'>cuius</span> <span class='ocrx_word' id='word_1_110' title='bbox 756 1299 945 1343; x_wconf 90' lang='lat' dir='ltr'>verbum</span> <span class='ocrx_word' id='word_1_111' title='bbox 966 1314 1058 1342; x_wconf 88' lang='lat' dir='ltr'>non</span> <span class='ocrx_word' id='word_1_112' title='bbox 1093 1298 1252 1342; x_wconf 90' lang='lat' dir='ltr'>dubito</span> <span class='ocrx_word' id='word_1_113' title='bbox 1287 1314 1397 1355; x_wconf 85' lang='lat' dir='ltr'>qum</span> <span class='ocrx_word' id='word_1_114' title='bbox 1418 1300 1492 1343; x_wconf 91' lang='lat' dir='ltr'>sit:</span> <span class='ocrx_word' id='word_1_115' title='bbox 1519 1308 1603 1352; x_wconf 91' lang='lat' dir='ltr'>est,</span> <span class='ocrx_word' id='word_1_116' title='bbox 1638 1309 1723 1346; x_wconf 89' lang='lat' dir='ltr'>est.</span> <span class='ocrx_word' id='word_1_117' title='bbox 1750 1303 1888 1358; x_wconf 79' lang='lat' dir='ltr'>Quod</span> 
     </span>
     <span class='ocr_line' id='line_1_17' title="bbox 261 1358 1887 1417; baseline 0.002 -15"><span class='ocrx_word' id='word_1_118' title='bbox 261 1364 413 1402; x_wconf 85' lang='lat' dir='ltr'>autem</span> <span class='ocrx_word' id='word_1_119' title='bbox 434 1358 596 1401; x_wconf 86' lang='lat' dir='ltr'>iterum</span> <span class='ocrx_word' id='word_1_120' title='bbox 618 1358 923 1403; x_wconf 90' lang='lat' dir='ltr'>valetudinem</span> <span class='ocrx_word' id='word_1_121' title='bbox 944 1365 1171 1410; x_wconf 89' lang='lat' dir='ltr'>causatur,</span> <span class='ocrx_word' id='word_1_122' title='bbox 1195 1358 1234 1402; x_wconf 93' lang='lat' dir='ltr'>si</span> <span class='ocrx_word' id='word_1_123' title='bbox 1256 1358 1363 1401; x_wconf 81' lang='lat' dir='ltr'>mihi</span> <span class='ocrx_word' id='word_1_124' title='bbox 1386 1359 1557 1412; x_wconf 92' lang='lat' dir='ltr'>liceret,</span> <span class='ocrx_word' id='word_1_125' title='bbox 1582 1360 1678 1416; x_wconf 92' lang='lat' dir='ltr'>ipse</span> <span class='ocrx_word' id='word_1_126' title='bbox 1706 1375 1887 1417; x_wconf 90' lang='lat' dir='ltr'>quoque</span> 
     </span>
     <span class='ocr_line' id='line_1_18' title="bbox 260 1393 1886 1473; baseline 0.004 -14"><span class='ocrx_word' id='word_1_127' title='bbox 260 1416 456 1461; x_wconf 91' lang='lat' dir='ltr'>dicerem</span> <span class='ocrx_word' id='word_1_128' title='bbox 481 1419 534 1461; x_wconf 92' lang='lat' dir='ltr'>P.</span> <span class='ocrx_word' id='word_1_129' title='bbox 560 1419 766 1462; x_wconf 87' lang='lat' dir='ltr'>Vestrae:</span> <span class='ocrx_word' id='word_1_130' title='bbox 791 1418 993 1460; x_wconf 79' lang='lat' dir='ltr'>Modicae</span> <span class='ocrx_word' id='word_1_131' title='bbox 1006 1417 1135 1473; x_wconf 84' lang='lat' dir='ltr'>fidei,</span> <span class='ocrx_word' id='word_1_132' title='bbox 1153 1432 1295 1473; x_wconf 82' lang='lat' dir='ltr'>quare</span> <span class='ocrx_word' id='word_1_133' title='bbox 1316 1393 1557 1461; x_wconf 79' lang='lat' dir='ltr'>dubitasti?</span> <span class='ocrx_word' id='word_1_134' title='bbox 1568 1419 1582 1439; x_wconf 82' lang='lat'><em>²</em></span> <span class='ocrx_word' id='word_1_135' title='bbox 1608 1420 1769 1463; x_wconf 92' lang='lat' dir='ltr'>Nvllus</span> <span class='ocrx_word' id='word_1_136' title='bbox 1785 1435 1886 1466; x_wconf 88' lang='lat' dir='ltr'>esse</span> 
     </span>
     <span class='ocr_line' id='line_1_19' title="bbox 259 1476 1885 1532; baseline 0.002 -13"><span class='ocrx_word' id='word_1_137' title='bbox 259 1483 410 1532; x_wconf 91' lang='lat' dir='ltr'>potest</span> <span class='ocrx_word' id='word_1_138' title='bbox 430 1477 558 1521; x_wconf 88' lang='lat' dir='ltr'>locus</span> <span class='ocrx_word' id='word_1_139' title='bbox 578 1476 855 1520; x_wconf 92' lang='lat' dir='ltr'>commodior</span> <span class='ocrx_word' id='word_1_140' title='bbox 890 1476 1010 1520; x_wconf 91' lang='lat' dir='ltr'>illius</span> <span class='ocrx_word' id='word_1_141' title='bbox 1045 1477 1294 1520; x_wconf 89' lang='lat' dir='ltr'>valetudini</span> <span class='ocrx_word' id='word_1_142' title='bbox 1315 1478 1511 1522; x_wconf 88' lang='lat' dir='ltr'>tuendae</span> <span class='ocrx_word' id='word_1_143' title='bbox 1532 1485 1578 1522; x_wconf 92' lang='lat' dir='ltr'>et</span> <span class='ocrx_word' id='word_1_144' title='bbox 1605 1492 1885 1523; x_wconf 69' lang='lat' dir='ltr'>conseruan-</span> 
     </span>
     <span class='ocr_line' id='line_1_20' title="bbox 257 1536 1883 1594; baseline 0.003 -16"><span class='ocrx_word' id='word_1_145' title='bbox 257 1536 358 1587; x_wconf 86' lang='lat' dir='ltr'>dae,</span> <span class='ocrx_word' id='word_1_146' title='bbox 383 1550 518 1591; x_wconf 89' lang='lat' dir='ltr'>quam</span> <span class='ocrx_word' id='word_1_147' title='bbox 540 1536 598 1578; x_wconf 90' lang='lat' dir='ltr'>sit</span> <span class='ocrx_word' id='word_1_148' title='bbox 622 1537 957 1592; x_wconf 88' lang='lat' dir='ltr'>Braunsperga,</span> <span class='ocrx_word' id='word_1_149' title='bbox 982 1549 1073 1591; x_wconf 92' lang='lat' dir='ltr'>quo</span> <span class='ocrx_word' id='word_1_150' title='bbox 1100 1543 1393 1592; x_wconf 89' lang='lat' dir='ltr'>posteaquam</span> <span class='ocrx_word' id='word_1_151' title='bbox 1421 1545 1661 1591; x_wconf 85' lang='lat' dir='ltr'>venerunt,</span> <span class='ocrx_word' id='word_1_152' title='bbox 1686 1539 1763 1594; x_wconf 91' lang='lat' dir='ltr'>qui</span> <span class='ocrx_word' id='word_1_153' title='bbox 1785 1540 1883 1583; x_wconf 89' lang='lat' dir='ltr'>lan—</span> 
     </span>
     <span class='ocr_line' id='line_1_21' title="bbox 257 1594 1882 1653; baseline 0.002 -15"><span class='ocrx_word' id='word_1_154' title='bbox 257 1595 461 1651; x_wconf 86' lang='lat' dir='ltr'>guebant</span> <span class='ocrx_word' id='word_1_155' title='bbox 498 1595 621 1646; x_wconf 90' lang='lat' dir='ltr'>alibi,</span> <span class='ocrx_word' id='word_1_156' title='bbox 656 1594 807 1638; x_wconf 89' lang='lat' dir='ltr'>statim</span> <span class='ocrx_word' id='word_1_157' title='bbox 829 1594 926 1638; x_wconf 89' lang='lat' dir='ltr'>sani</span> <span class='ocrx_word' id='word_1_158' title='bbox 948 1594 1054 1638; x_wconf 90' lang='lat' dir='ltr'>facti</span> <span class='ocrx_word' id='word_1_159' title='bbox 1075 1602 1199 1647; x_wconf 87' lang='lat' dir='ltr'>sunt,</span> <span class='ocrx_word' id='word_1_160' title='bbox 1224 1603 1270 1639; x_wconf 89' lang='lat' dir='ltr'>et</span> <span class='ocrx_word' id='word_1_161' title='bbox 1291 1610 1372 1652; x_wconf 84' lang='lat' dir='ltr'>per</span> <span class='ocrx_word' id='word_1_162' title='bbox 1393 1596 1477 1640; x_wconf 87' lang='lat' dir='ltr'>Dei</span> <span class='ocrx_word' id='word_1_163' title='bbox 1507 1597 1698 1653; x_wconf 84' lang='lat' dir='ltr'>gratiam</span> <span class='ocrx_word' id='word_1_164' title='bbox 1721 1599 1882 1641; x_wconf 91' lang='lat' dir='ltr'>fruun-</span> 
     </span>
     <span class='ocr_line' id='line_1_22' title="bbox 257 1653 1880 1720; baseline 0.002 -24"><span class='ocrx_word' id='word_1_165' title='bbox 257 1660 330 1696; x_wconf 92' lang='lat' dir='ltr'>tur</span> <span class='ocrx_word' id='word_1_166' title='bbox 350 1660 507 1699; x_wconf 85' lang='lat' dir='ltr'>o&#39;mnes</span> <span class='ocrx_word' id='word_1_167' title='bbox 528 1656 647 1698; x_wconf 87' lang='lat' dir='ltr'>bona</span> <span class='ocrx_word' id='word_1_168' title='bbox 675 1653 947 1698; x_wconf 89' lang='lat' dir='ltr'>valetudine.</span> <span class='ocrx_word' id='word_1_169' title='bbox 974 1655 1295 1720; x_wconf 80' lang='lat' dir='ltr'>Quamobrem,</span> <span class='ocrx_word' id='word_1_170' title='bbox 1327 1654 1364 1698; x_wconf 95' lang='lat' dir='ltr'>si</span> <span class='ocrx_word' id='word_1_171' title='bbox 1389 1655 1527 1699; x_wconf 91' lang='lat' dir='ltr'>uultis</span> <span class='ocrx_word' id='word_1_172' title='bbox 1555 1656 1674 1699; x_wconf 90' lang='lat' dir='ltr'>illius</span> <span class='ocrx_word' id='word_1_173' title='bbox 1703 1656 1880 1700; x_wconf 91' lang='lat' dir='ltr'>incolu-</span> 
     </span>
     <span class='ocr_line' id='line_1_23' title="bbox 256 1712 1879 1770; baseline 0.003 -15"><span class='ocrx_word' id='word_1_174' title='bbox 256 1712 401 1756; x_wconf 90' lang='lat' dir='ltr'>mitati</span> <span class='ocrx_word' id='word_1_175' title='bbox 424 1720 727 1769; x_wconf 90' lang='lat' dir='ltr'>prospectum,</span> <span class='ocrx_word' id='word_1_176' title='bbox 753 1714 843 1756; x_wconf 93' lang='lat' dir='ltr'>huc</span> <span class='ocrx_word' id='word_1_177' title='bbox 865 1727 968 1757; x_wconf 91' lang='lat' dir='ltr'>eum</span> <span class='ocrx_word' id='word_1_178' title='bbox 986 1713 1165 1766; x_wconf 92' lang='lat' dir='ltr'>mittite,</span> <span class='ocrx_word' id='word_1_179' title='bbox 1197 1713 1409 1770; x_wconf 91' lang='lat' dir='ltr'>precipue</span> <span class='ocrx_word' id='word_1_180' title='bbox 1429 1716 1515 1758; x_wconf 93' lang='lat' dir='ltr'>sub</span> <span class='ocrx_word' id='word_1_181' title='bbox 1546 1730 1734 1759; x_wconf 89' lang='lat' dir='ltr'>vernum</span> <span class='ocrx_word' id='word_1_182' title='bbox 1764 1723 1879 1760; x_wconf 91' lang='lat' dir='ltr'>tem-</span> 
     </span>
     <span class='ocr_line' id='line_1_24' title="bbox 255 1771 1880 1829; baseline 0.002 -13"><span class='ocrx_word' id='word_1_183' title='bbox 255 1786 357 1829; x_wconf 79' lang='lat' dir='ltr'>puS,</span> <span class='ocrx_word' id='word_1_184' title='bbox 383 1787 436 1816; x_wconf 89' lang='lat' dir='ltr'>ac</span> <span class='ocrx_word' id='word_1_185' title='bbox 468 1774 522 1816; x_wconf 92' lang='lat' dir='ltr'><strong>R</strong></span> <span class='ocrx_word' id='word_1_186' title='bbox 555 1775 606 1816; x_wconf 91' lang='lat' dir='ltr'>P.</span> <span class='ocrx_word' id='word_1_187' title='bbox 642 1772 808 1824; x_wconf 86' lang='lat' dir='ltr'>Natali,</span> <span class='ocrx_word' id='word_1_188' title='bbox 839 1786 896 1815; x_wconf 92' lang='lat' dir='ltr'>ne</span> <span class='ocrx_word' id='word_1_189' title='bbox 931 1786 1064 1815; x_wconf 89' lang='lat' dir='ltr'>secus</span> <span class='ocrx_word' id='word_1_190' title='bbox 1100 1771 1251 1825; x_wconf 88' lang='lat' dir='ltr'>faciat,</span> <span class='ocrx_word' id='word_1_191' title='bbox 1290 1773 1408 1817; x_wconf 89' lang='lat' dir='ltr'>serio</span> <span class='ocrx_word' id='word_1_192' title='bbox 1444 1775 1668 1818; x_wconf 86' lang='lat' dir='ltr'>mandate.</span> <span class='ocrx_word' id='word_1_193' title='bbox 1704 1776 1819 1818; x_wconf 90' lang='lat' dir='ltr'>Nam</span> <span class='ocrx_word' id='word_1_194' title='bbox 1843 1776 1880 1819; x_wconf 91' lang='lat' dir='ltr'>si</span> 
     </span>
     <span class='ocr_line' id='line_1_25' title="bbox 256 1830 1879 1888; baseline 0.002 -13"><span class='ocrx_word' id='word_1_195' title='bbox 256 1831 523 1888; x_wconf 91' lang='lat' dir='ltr'>scripseritis</span> <span class='ocrx_word' id='word_1_196' title='bbox 542 1839 590 1874; x_wconf 88' lang='lat' dir='ltr'>vt</span> <span class='ocrx_word' id='word_1_197' title='bbox 613 1832 764 1876; x_wconf 87' lang='lat' dir='ltr'>videat</span> <span class='ocrx_word' id='word_1_198' title='bbox 786 1846 894 1874; x_wconf 92' lang='lat' dir='ltr'>num</span> <span class='ocrx_word' id='word_1_199' title='bbox 917 1830 1058 1887; x_wconf 86' lang='lat' dir='ltr'>possit</span> <span class='ocrx_word' id='word_1_200' title='bbox 1079 1831 1317 1887; x_wconf 89' lang='lat' dir='ltr'>proficisci,</span> <span class='ocrx_word' id='word_1_201' title='bbox 1337 1834 1700 1888; x_wconf 88' lang='lat' dir='ltr'>quandoquidem</span> <span class='ocrx_word' id='word_1_202' title='bbox 1724 1835 1879 1878; x_wconf 89' lang='lat' dir='ltr'>nescio</span> 
     </span>
     <span class='ocr_line' id='line_1_26' title="bbox 257 1890 1876 1949; baseline 0.002 -16"><span class='ocrx_word' id='word_1_203' title='bbox 257 1904 347 1946; x_wconf 87' lang='lat' dir='ltr'>qua</span> <span class='ocrx_word' id='word_1_204' title='bbox 368 1891 425 1935; x_wconf 90' lang='lat' dir='ltr'>de</span> <span class='ocrx_word' id='word_1_205' title='bbox 445 1906 583 1934; x_wconf 87' lang='lat' dir='ltr'>causa</span> <span class='ocrx_word' id='word_1_206' title='bbox 604 1890 713 1933; x_wconf 89' lang='lat' dir='ltr'>mihi</span> <span class='ocrx_word' id='word_1_207' title='bbox 735 1897 803 1933; x_wconf 87' lang='lat' dir='ltr'>est</span> <span class='ocrx_word' id='word_1_208' title='bbox 820 1890 1029 1945; x_wconf 90' lang='lat' dir='ltr'>iniquior,</span> <span class='ocrx_word' id='word_1_209' title='bbox 1053 1898 1100 1934; x_wconf 90' lang='lat' dir='ltr'>et</span> <span class='ocrx_word' id='word_1_210' title='bbox 1119 1890 1312 1947; x_wconf 88' lang='lat' dir='ltr'>spoliare</span> <span class='ocrx_word' id='word_1_211' title='bbox 1333 1907 1404 1936; x_wconf 91' lang='lat' dir='ltr'>me</span> <span class='ocrx_word' id='word_1_212' title='bbox 1426 1907 1560 1947; x_wconf 87' lang='lat' dir='ltr'>quam</span> <span class='ocrx_word' id='word_1_213' title='bbox 1583 1907 1754 1949; x_wconf 87' lang='lat' dir='ltr'>augere</span> <span class='ocrx_word' id='word_1_214' title='bbox 1777 1909 1876 1937; x_wconf 89' lang='lat' dir='ltr'>ma-</span> 
     </span>
     <span class='ocr_line' id='line_1_27' title="bbox 257 1948 1874 2017; baseline 0.003 -26"><span class='ocrx_word' id='word_1_215' title='bbox 257 1950 372 2002; x_wconf 90' lang='lat' dir='ltr'>uult,</span> <span class='ocrx_word' id='word_1_216' title='bbox 397 1950 527 1994; x_wconf 85' lang='lat' dir='ltr'>facile</span> <span class='ocrx_word' id='word_1_217' title='bbox 548 1949 750 2006; x_wconf 85' lang='lat' dir='ltr'>negabit.</span> <span class='ocrx_word' id='word_1_218' title='bbox 777 1950 884 2001; x_wconf 91' lang='lat' dir='ltr'>Sed,</span> <span class='ocrx_word' id='word_1_219' title='bbox 910 1949 948 1992; x_wconf 91' lang='lat' dir='ltr'>si</span> <span class='ocrx_word' id='word_1_220' title='bbox 969 1948 1078 2004; x_wconf 86' lang='lat' dir='ltr'>quid</span> <span class='ocrx_word' id='word_1_221' title='bbox 1099 1963 1198 1994; x_wconf 91' lang='lat' dir='ltr'>esse</span> <span class='ocrx_word' id='word_1_222' title='bbox 1219 1957 1349 2017; x_wconf 89' lang='lat' dir='ltr'>putat</span> <span class='ocrx_word' id='word_1_223' title='bbox 1370 1953 1426 1994; x_wconf 90' lang='lat' dir='ltr'>ab</span> <span class='ocrx_word' id='word_1_224' title='bbox 1450 1954 1627 2008; x_wconf 89' lang='lat' dir='ltr'>hyeme,</span> <span class='ocrx_word' id='word_1_225' title='bbox 1654 1966 1770 2007; x_wconf 87' lang='lat' dir='ltr'>quae</span> <span class='ocrx_word' id='word_1_226' title='bbox 1787 1952 1874 1996; x_wconf 89' lang='lat' dir='ltr'>iarn</span> 
     </span>
     <span class='ocr_line' id='line_1_28' title="bbox 255 2007 1868 2075; baseline 0.002 -24"><span class='ocrx_word' id='word_1_227' title='bbox 255 2007 407 2062; x_wconf 90' lang='lat' dir='ltr'>instat,</span> <span class='ocrx_word' id='word_1_228' title='bbox 432 2009 635 2065; x_wconf 90' lang='lat' dir='ltr'>periculi,</span> <span class='ocrx_word' id='word_1_229' title='bbox 661 2008 825 2075; x_wconf 88' lang='lat' dir='ltr'>poterit</span> <span class='ocrx_word' id='word_1_230' title='bbox 844 2008 942 2052; x_wconf 91' lang='lat' dir='ltr'>eius</span> <span class='ocrx_word' id='word_1_231' title='bbox 970 2009 1228 2064; x_wconf 91' lang='lat' dir='ltr'>profectio</span> <span class='ocrx_word' id='word_1_232' title='bbox 1216 2024 1263 2052; x_wconf 93' lang='lat' dir='ltr'>1n</span> <span class='ocrx_word' id='word_1_233' title='bbox 1291 2011 1542 2066; x_wconf 88' lang='lat' dir='ltr'>proximum</span> <span class='ocrx_word' id='word_1_234' title='bbox 1571 2026 1651 2055; x_wconf 88' lang='lat' dir='ltr'>ver</span> <span class='ocrx_word' id='word_1_235' title='bbox 1676 2011 1868 2057; x_wconf 90' lang='lat' dir='ltr'>differri</span> 
     </span>
     <span class='ocr_line' id='line_1_29' title="bbox 254 2067 1876 2122; baseline 0.002 -11"><span class='ocrx_word' id='word_1_236' title='bbox 254 2067 400 2112; x_wconf 92' lang='lat' dir='ltr'>Simul</span> <span class='ocrx_word' id='word_1_237' title='bbox 422 2075 575 2112; x_wconf 82' lang='lat' dir='ltr'>autem</span> <span class='ocrx_word' id='word_1_238' title='bbox 598 2075 646 2110; x_wconf 92' lang='lat' dir='ltr'>vt</span> <span class='ocrx_word' id='word_1_239' title='bbox 667 2068 705 2111; x_wconf 93' lang='lat' dir='ltr'>is</span> <span class='ocrx_word' id='word_1_240' title='bbox 728 2067 916 2120; x_wconf 89' lang='lat' dir='ltr'>venerit,</span> <span class='ocrx_word' id='word_1_241' title='bbox 941 2067 1132 2111; x_wconf 90' lang='lat' dir='ltr'>libenter</span> <span class='ocrx_word' id='word_1_242' title='bbox 1153 2068 1326 2113; x_wconf 89' lang='lat' dir='ltr'>mittam</span> <span class='ocrx_word' id='word_1_243' title='bbox 1350 2071 1402 2113; x_wconf 92' lang='lat' dir='ltr'>P.</span> <span class='ocrx_word' id='word_1_244' title='bbox 1432 2071 1654 2114; x_wconf 77' lang='lat' dir='ltr'>Petrum³</span> <span class='ocrx_word' id='word_1_245' title='bbox 1662 2077 1876 2122; x_wconf 92' lang='lat' dir='ltr'>,vtcum-</span> 
     </span>
     <span class='ocr_line' id='line_1_30' title="bbox 252 2126 1875 2196; baseline 0.002 -27"><span class='ocrx_word' id='word_1_246' title='bbox 252 2140 342 2182; x_wconf 93' lang='lat' dir='ltr'>que</span> <span class='ocrx_word' id='word_1_247' title='bbox 363 2126 622 2170; x_wconf 89' lang='lat' dir='ltr'>mirabiliter</span> <span class='ocrx_word' id='word_1_248' title='bbox 638 2126 711 2169; x_wconf 89' lang='lat' dir='ltr'>hic</span> <span class='ocrx_word' id='word_1_249' title='bbox 734 2133 908 2170; x_wconf 88' lang='lat' dir='ltr'>ametur</span> <span class='ocrx_word' id='word_1_250' title='bbox 928 2127 985 2169; x_wconf 88' lang='lat' dir='ltr'>ab</span> <span class='ocrx_word' id='word_1_251' title='bbox 1007 2126 1232 2182; x_wconf 90' lang='lat' dir='ltr'>omnibus,</span> <span class='ocrx_word' id='word_1_252' title='bbox 1257 2128 1391 2174; x_wconf 89' lang='lat' dir='ltr'>etiam</span> <span class='ocrx_word' id='word_1_253' title='bbox 1414 2143 1518 2172; x_wconf 92' lang='lat' dir='ltr'>cum</span> <span class='ocrx_word' id='word_1_254' title='bbox 1540 2129 1690 2196; x_wconf 88' lang='lat' dir='ltr'>aliquo</span> <span class='ocrx_word' id='word_1_255' title='bbox 1712 2145 1768 2173; x_wconf 85' lang='lat' dir='ltr'>ex</span> <span class='ocrx_word' id='word_1_256' title='bbox 1790 2130 1875 2172; x_wconf 57' lang='lat' dir='ltr'>mi&lt;</span> 
     </span>
     <span class='ocr_line' id='line_1_31' title="bbox 252 2185 1875 2243; baseline 0.002 -14"><span class='ocrx_word' id='word_1_257' title='bbox 252 2185 454 2229; x_wconf 89' lang='lat' dir='ltr'>noribus.</span> <span class='ocrx_word' id='word_1_258' title='bbox 486 2187 602 2229; x_wconf 90' lang='lat' dir='ltr'>Nam</span> <span class='ocrx_word' id='word_1_259' title='bbox 630 2186 752 2241; x_wconf 93' lang='lat' dir='ltr'>quod</span> <span class='ocrx_word' id='word_1_260' title='bbox 778 2186 836 2228; x_wconf 90' lang='lat' dir='ltr'>ad</span> <span class='ocrx_word' id='word_1_261' title='bbox 864 2187 918 2229; x_wconf 93' lang='lat' dir='ltr'>P.</span> <span class='ocrx_word' id='word_1_262' title='bbox 950 2186 1262 2230; x_wconf 81' lang='lat' dir='ltr'>Baltasarem‘</span> <span class='ocrx_word' id='word_1_263' title='bbox 1282 2189 1459 2240; x_wconf 89' lang='lat' dir='ltr'>attinet,</span> <span class='ocrx_word' id='word_1_264' title='bbox 1485 2195 1591 2231; x_wconf 91' lang='lat' dir='ltr'>sunt</span> <span class='ocrx_word' id='word_1_265' title='bbox 1612 2188 1659 2231; x_wconf 90' lang='lat' dir='ltr'>in</span> <span class='ocrx_word' id='word_1_266' title='bbox 1682 2202 1737 2231; x_wconf 89' lang='lat' dir='ltr'>eo</span> <span class='ocrx_word' id='word_1_267' title='bbox 1760 2203 1875 2243; x_wconf 88' lang='lat' dir='ltr'>quo-</span> 
     </span>
     <span class='ocr_line' id='line_1_32' title="bbox 252 2245 1874 2303; baseline 0.003 -16"><span class='ocrx_word' id='word_1_268' title='bbox 252 2258 341 2300; x_wconf 92' lang='lat' dir='ltr'>que</span> <span class='ocrx_word' id='word_1_269' title='bbox 361 2245 447 2288; x_wconf 92' lang='lat' dir='ltr'>Dei</span> <span class='ocrx_word' id='word_1_270' title='bbox 468 2245 587 2288; x_wconf 89' lang='lat' dir='ltr'>dona</span> <span class='ocrx_word' id='word_1_271' title='bbox 613 2259 705 2287; x_wconf 93' lang='lat' dir='ltr'>non</span> <span class='ocrx_word' id='word_1_272' title='bbox 732 2259 892 2301; x_wconf 88' lang='lat' dir='ltr'>pauca,</span> <span class='ocrx_word' id='word_1_273' title='bbox 917 2251 1100 2300; x_wconf 84' lang='lat' dir='ltr'>propter</span> <span class='ocrx_word' id='word_1_274' title='bbox 1127 2260 1244 2301; x_wconf 90' lang='lat' dir='ltr'>quae</span> <span class='ocrx_word' id='word_1_275' title='bbox 1270 2248 1435 2290; x_wconf 90' lang='lat' dir='ltr'>nollem</span> <span class='ocrx_word' id='word_1_276' title='bbox 1465 2262 1519 2297; x_wconf 87' lang='lat' dir='ltr'>eo</span> <span class='ocrx_word' id='word_1_277' title='bbox 1546 2262 1714 2299; x_wconf 86' lang='lat' dir='ltr'>carere,</span> <span class='ocrx_word' id='word_1_278' title='bbox 1740 2262 1874 2303; x_wconf 88' lang='lat' dir='ltr'>prae-</span> 
     </span>
     <span class='ocr_line' id='line_1_33' title="bbox 250 2303 1868 2360; baseline 0.002 -13"><span class='ocrx_word' id='word_1_279' title='bbox 250 2303 384 2359; x_wconf 90' lang='lat' dir='ltr'>cipue</span> <span class='ocrx_word' id='word_1_280' title='bbox 419 2318 544 2355; x_wconf 92' lang='lat' dir='ltr'>cum,</span> <span class='ocrx_word' id='word_1_281' title='bbox 584 2303 661 2359; x_wconf 94' lang='lat' dir='ltr'>qui</span> <span class='ocrx_word' id='word_1_282' title='bbox 697 2318 862 2360; x_wconf 88' lang='lat' dir='ltr'>graeca</span> <span class='ocrx_word' id='word_1_283' title='bbox 898 2304 1182 2359; x_wconf 89' lang='lat' dir='ltr'>profiteatur,</span> <span class='ocrx_word' id='word_1_284' title='bbox 1222 2307 1395 2349; x_wconf 90' lang='lat' dir='ltr'>nullum</span> <span class='ocrx_word' id='word_1_285' title='bbox 1433 2307 1569 2350; x_wconf 90' lang='lat' dir='ltr'>alium</span> <span class='ocrx_word' id='word_1_286' title='bbox 1607 2307 1868 2350; x_wconf 90' lang='lat' dir='ltr'>habeamus.</span> 
     </span>
     <span class='ocr_line' id='line_1_34' title="bbox 251 2362 1873 2421; baseline 0.002 -15"><span class='ocrx_word' id='word_1_287' title='bbox 251 2363 446 2406; x_wconf 91' lang='lat' dir='ltr'>Amatur</span> <span class='ocrx_word' id='word_1_288' title='bbox 467 2371 511 2406; x_wconf 93' lang='lat' dir='ltr'>et</span> <span class='ocrx_word' id='word_1_289' title='bbox 533 2362 571 2405; x_wconf 93' lang='lat' dir='ltr'>is</span> <span class='ocrx_word' id='word_1_290' title='bbox 593 2378 618 2406; x_wconf 84' lang='lat' dir='ltr'>a</span> <span class='ocrx_word' id='word_1_291' title='bbox 639 2376 711 2406; x_wconf 92' lang='lat' dir='ltr'>me</span> <span class='ocrx_word' id='word_1_292' title='bbox 732 2377 823 2405; x_wconf 91' lang='lat' dir='ltr'>non</span> <span class='ocrx_word' id='word_1_293' title='bbox 844 2362 1108 2419; x_wconf 88' lang='lat' dir='ltr'>uulgariter.</span> <span class='ocrx_word' id='word_1_294' title='bbox 1134 2365 1264 2420; x_wconf 78' lang='lat' dir='ltr'>Quae</span> <span class='ocrx_word' id='word_1_295' title='bbox 1286 2379 1364 2421; x_wconf 86' lang='lat' dir='ltr'>per</span> <span class='ocrx_word' id='word_1_296' title='bbox 1386 2365 1624 2411; x_wconf 76' lang='lat' dir='ltr'>Societatis</span> <span class='ocrx_word' id='word_1_297' title='bbox 1652 2372 1873 2409; x_wconf 91' lang='lat' dir='ltr'>rectorem</span> 
     </span>
     <span class='ocr_line' id='line_1_35' title="bbox 252 2421 1872 2488; baseline 0.002 -24"><span class='ocrx_word' id='word_1_298' title='bbox 252 2428 352 2465; x_wconf 88' lang='lat' dir='ltr'>acta</span> <span class='ocrx_word' id='word_1_299' title='bbox 372 2421 462 2464; x_wconf 88' lang='lat' dir='ltr'>sint</span> <span class='ocrx_word' id='word_1_300' title='bbox 479 2421 715 2488; x_wconf 81' lang='lat' dir='ltr'>Elbingae,</span> <span class='ocrx_word' id='word_1_301' title='bbox 741 2428 987 2488; x_wconf 89' lang='lat' dir='ltr'>cognoscet</span> <span class='ocrx_word' id='word_1_302' title='bbox 1008 2437 1064 2466; x_wconf 82' lang='lat' dir='ltr'>ex</span> <span class='ocrx_word' id='word_1_303' title='bbox 1084 2422 1225 2467; x_wconf 90' lang='lat' dir='ltr'>literis</span> <span class='ocrx_word' id='word_1_304' title='bbox 1254 2425 1307 2468; x_wconf 90' lang='lat' dir='ltr'>P.</span> <span class='ocrx_word' id='word_1_305' title='bbox 1340 2425 1583 2468; x_wconf 88' lang='lat' dir='ltr'>Francisci.</span> <span class='ocrx_word' id='word_1_306' title='bbox 1611 2426 1742 2479; x_wconf 80' lang='lat' dir='ltr'>Quae</span> <span class='ocrx_word' id='word_1_307' title='bbox 1764 2439 1872 2468; x_wconf 89' lang='lat' dir='ltr'>vero</span> 
     </span>
     <span class='ocr_line' id='line_1_36' title="bbox 251 2480 1871 2540; baseline 0.002 -17"><span class='ocrx_word' id='word_1_308' title='bbox 251 2495 430 2523; x_wconf 89' lang='lat' dir='ltr'>mecum</span> <span class='ocrx_word' id='word_1_309' title='bbox 446 2480 797 2524; x_wconf 86' lang='lat' dir='ltr'>communicauit</span> <span class='ocrx_word' id='word_1_310' title='bbox 813 2482 870 2524; x_wconf 93' lang='lat' dir='ltr'>de</span> <span class='ocrx_word' id='word_1_311' title='bbox 885 2480 1114 2537; x_wconf 93' lang='lat' dir='ltr'>pontifice,</span> <span class='ocrx_word' id='word_1_312' title='bbox 1135 2483 1265 2528; x_wconf 89' lang='lat' dir='ltr'>valde</span> <span class='ocrx_word' id='word_1_313' title='bbox 1280 2483 1392 2526; x_wconf 89' lang='lat' dir='ltr'>mihi</span> <span class='ocrx_word' id='word_1_314' title='bbox 1409 2492 1538 2540; x_wconf 88' lang='lat' dir='ltr'>grata</span> <span class='ocrx_word' id='word_1_315' title='bbox 1557 2484 1753 2527; x_wconf 89' lang='lat' dir='ltr'>suerunt.</span> <span class='ocrx_word' id='word_1_316' title='bbox 1774 2485 1871 2527; x_wconf 85' lang='lat' dir='ltr'>Do-</span> 
     </span>
     <span class='ocr_line' id='line_1_37' title="bbox 252 2539 1871 2599; baseline 0.002 -17"><span class='ocrx_word' id='word_1_317' title='bbox 252 2540 401 2583; x_wconf 91' lang='lat' dir='ltr'>minus</span> <span class='ocrx_word' id='word_1_318' title='bbox 437 2546 680 2583; x_wconf 91' lang='lat' dir='ltr'>conseruet</span> <span class='ocrx_word' id='word_1_319' title='bbox 715 2553 836 2593; x_wconf 92' lang='lat' dir='ltr'>eum,</span> <span class='ocrx_word' id='word_1_320' title='bbox 861 2546 906 2584; x_wconf 91' lang='lat' dir='ltr'>et</span> <span class='ocrx_word' id='word_1_321' title='bbox 939 2539 1141 2584; x_wconf 91' lang='lat' dir='ltr'>viuificet</span> <span class='ocrx_word' id='word_1_322' title='bbox 1176 2555 1296 2586; x_wconf 91' lang='lat' dir='ltr'>eum.</span> <span class='ocrx_word' id='word_1_323' title='bbox 1337 2543 1474 2599; x_wconf 78' lang='lat' dir='ltr'>Quod</span> <span class='ocrx_word' id='word_1_324' title='bbox 1510 2549 1732 2597; x_wconf 87' lang='lat' dir='ltr'>superest,</span> <span class='ocrx_word' id='word_1_325' title='bbox 1763 2549 1871 2598; x_wconf 92' lang='lat' dir='ltr'>opto</span> 
     </span>
     <span class='ocr_line' id='line_1_38' title="bbox 249 2599 1869 2653; baseline 0.002 -11"><span class='ocrx_word' id='word_1_326' title='bbox 249 2600 303 2643; x_wconf 92' lang='lat' dir='ltr'>P.</span> <span class='ocrx_word' id='word_1_327' title='bbox 329 2600 386 2643; x_wconf 95' lang='lat' dir='ltr'>V.</span> <span class='ocrx_word' id='word_1_328' title='bbox 392 2605 448 2627; x_wconf 70' lang='lat'>⁸¹¹¹</span> <span class='ocrx_word' id='word_1_329' title='bbox 466 2599 584 2643; x_wconf 89' lang='lat' dir='ltr'>bene</span> <span class='ocrx_word' id='word_1_330' title='bbox 606 2599 772 2653; x_wconf 88' lang='lat' dir='ltr'>valere,</span> <span class='ocrx_word' id='word_1_331' title='bbox 789 2599 919 2642; x_wconf 90' lang='lat' dir='ltr'>cuius</span> <span class='ocrx_word' id='word_1_332' title='bbox 940 2613 1013 2642; x_wconf 91' lang='lat' dir='ltr'>me</span> <span class='ocrx_word' id='word_1_333' title='bbox 1034 2599 1312 2645; x_wconf 90' lang='lat' dir='ltr'>orationibus</span> <span class='ocrx_word' id='word_1_334' title='bbox 1326 2609 1373 2645; x_wconf 91' lang='lat' dir='ltr'>et</span> <span class='ocrx_word' id='word_1_335' title='bbox 1388 2602 1618 2646; x_wconf 87' lang='lat' dir='ltr'>sacrificiis</span> <span class='ocrx_word' id='word_1_336' title='bbox 1636 2615 1869 2645; x_wconf 88' lang='lat' dir='ltr'>commen-</span> 
     </span>
     <span class='ocr_line' id='line_1_39' title="bbox 249 2658 1865 2718; baseline 0.003 -18"><span class='ocrx_word' id='word_1_337' title='bbox 249 2659 322 2701; x_wconf 93' lang='lat' dir='ltr'>do.</span> <span class='ocrx_word' id='word_1_338' title='bbox 351 2659 521 2701; x_wconf 90' lang='lat' dir='ltr'>Datum</span> <span class='ocrx_word' id='word_1_339' title='bbox 547 2672 604 2700; x_wconf 84' lang='lat' dir='ltr'>ex</span> <span class='ocrx_word' id='word_1_340' title='bbox 632 2664 780 2701; x_wconf 87' lang='lat' dir='ltr'>castro</span> <span class='ocrx_word' id='word_1_341' title='bbox 807 2665 963 2701; x_wconf 90' lang='lat' dir='ltr'>nostro</span> <span class='ocrx_word' id='word_1_342' title='bbox 990 2658 1281 2717; x_wconf 90' lang='lat' dir='ltr'>Heilspergk,</span> <span class='ocrx_word' id='word_1_343' title='bbox 1327 2673 1377 2716; x_wconf 88' lang='lat'>13</span> <span class='ocrx_word' id='word_1_344' title='bbox 1415 2660 1694 2718; x_wconf 89' lang='lat' dir='ltr'>Septembris</span> <span class='ocrx_word' id='word_1_345' title='bbox 1738 2662 1865 2715; x_wconf 85' lang='lat'>1567.</span> 
     </span>
    </p>
   </div>
   <div class='ocr_carea' id='block_1_5' title="bbox 247 2715 1638 2829">
    <p class='ocr_par' dir='ltr' id='par_1_5' title="bbox 247 2715 1638 2829">
     <span class='ocr_line' id='line_1_40' title="bbox 247 2715 697 2769; baseline -0.002 -9"><span class='ocrx_word' id='word_1_346' title='bbox 247 2717 403 2761; x_wconf 86' lang='lat' dir='ltr'>Frater</span> <span class='ocrx_word' id='word_1_347' title='bbox 424 2716 471 2760; x_wconf 91' lang='lat' dir='ltr'>in</span> <span class='ocrx_word' id='word_1_348' title='bbox 499 2715 697 2769; x_wconf 87' lang='lat' dir='ltr'>Christo,</span> 
     </span>
     <span class='ocr_line' id='line_1_41' title="bbox 663 2750 1638 2829; baseline 0 -9"><span class='ocrx_word' id='word_1_349' title='bbox 663 2750 982 2829; x_wconf 68' lang='lat' dir='ltr'>S&#39;TAmsrAus,</span> <span class='ocrx_word' id='word_1_350' title='bbox 1015 2789 1302 2822; x_wconf 83' lang='lat' dir='ltr'>CARDINALIS</span> <span class='ocrx_word' id='word_1_351' title='bbox 1334 2791 1638 2823; x_wconf 81' lang='lat' dir='ltr'>VARMIENSIS.</span> 
     </span>
    </p>
   </div>
   <div class='ocr_carea' id='block_1_6' title="bbox 249 2868 529 2875">
    <p class='ocr_par' dir='ltr' id='par_1_6' title="bbox 249 2868 529 2875">
     <span class='ocr_line' id='line_1_42' title="bbox 249 2868 529 2875; baseline 0 673"><span class='ocrx_word' id='word_1_352' title='bbox 249 2868 529 2875; x_wconf 95' lang='lat' dir='ltr'> </span> 
     </span>
    </p>
   </div>
   <div class='ocr_carea' id='block_1_7' title="bbox 316 2911 1867 2962">
    <p class='ocr_par' dir='ltr' id='par_1_7' title="bbox 316 2911 1867 2962">
     <span class='ocr_line' id='line_1_43' title="bbox 316 2911 1867 2962; baseline 0.003 -15"><span class='ocrx_word' id='word_1_353' title='bbox 316 2914 328 2934; x_wconf 94' lang='lat'>¹</span> <span class='ocrx_word' id='word_1_354' title='bbox 379 2912 678 2959; x_wconf 79' lang='lat' dir='ltr'>Exarchetypo,</span> <span class='ocrx_word' id='word_1_355' title='bbox 695 2912 736 2947; x_wconf 88' lang='lat' dir='ltr'>in</span> <span class='ocrx_word' id='word_1_356' title='bbox 756 2911 851 2948; x_wconf 88' lang='lat' dir='ltr'>Cod.</span> <span class='ocrx_word' id='word_1_357' title='bbox 872 2912 934 2959; x_wconf 86' lang='lat'>38,</span> <span class='ocrx_word' id='word_1_358' title='bbox 952 2911 1097 2959; x_wconf 86' lang='lat' dir='ltr'>duplici</span> <span class='ocrx_word' id='word_1_359' title='bbox 1114 2911 1198 2960; x_wconf 63' lang='lat' dir='ltr'>fol„</span> <span class='ocrx_word' id='word_1_360' title='bbox 1216 2913 1279 2951; x_wconf 92' lang='lat'>181</span> <span class='ocrx_word' id='word_1_361' title='bbox 1300 2916 1414 2962; x_wconf 85' lang='lat'>(476).</span> <span class='ocrx_word' id='word_1_362' title='bbox 1431 2915 1531 2951; x_wconf 91' lang='lat' dir='ltr'>Vide</span> <span class='ocrx_word' id='word_1_363' title='bbox 1548 2915 1714 2961; x_wconf 90' lang='lat' dir='ltr'>append.</span> <span class='ocrx_word' id='word_1_364' title='bbox 1729 2915 1867 2959; x_wconf 90' lang='lat' dir='ltr'>XLVI;</span> 
     </span>
    </p>
   </div>
   <div class='ocr_carea' id='block_1_8' title="bbox 242 2970 1746 3076">
    <p class='ocr_par' dir='ltr' id='par_1_8' title="bbox 242 2970 1746 3076">
     <span class='ocr_line' id='line_1_44' title="bbox 242 2970 728 3019; baseline -0.004 -11"><span class='ocrx_word' id='word_1_365' title='bbox 242 2975 286 3008; x_wconf 87' lang='lat' dir='ltr'>et</span> <span class='ocrx_word' id='word_1_366' title='bbox 302 2971 486 3019; x_wconf 87' lang='lat' dir='ltr'>epistolas</span> <span class='ocrx_word' id='word_1_367' title='bbox 503 2970 559 3007; x_wconf 92' lang='lat' dir='ltr'>ibi</span> <span class='ocrx_word' id='word_1_368' title='bbox 575 2970 728 3006; x_wconf 84' lang='lat' dir='ltr'>citatas.</span> 
     </span>
     <span class='ocr_line' id='line_1_45' title="bbox 316 3029 1746 3076; baseline 0.003 -11"><span class='ocrx_word' id='word_1_369' title='bbox 316 3033 330 3053; x_wconf 78' lang='lat'>²</span> <span class='ocrx_word' id='word_1_370' title='bbox 380 3031 566 3075; x_wconf 64' lang='lat' dir='ltr'>MATTH„</span> <span class='ocrx_word' id='word_1_371' title='bbox 586 3030 690 3076; x_wconf 90' lang='lat' dir='ltr'>XIV,</span> <span class='ocrx_word' id='word_1_372' title='bbox 708 3029 767 3066; x_wconf 91' lang='lat'>31.</span> <span class='ocrx_word' id='word_1_373' title='bbox 1006 3032 1021 3053; x_wconf 80' lang='lat'><strong>³</strong></span> <span class='ocrx_word' id='word_1_374' title='bbox 1071 3031 1188 3069; x_wconf 67' lang='lat' dir='ltr'>Phae.</span> <span class='ocrx_word' id='word_1_375' title='bbox 1427 3036 1443 3056; x_wconf 80' lang='lat'><strong>⁴</strong></span> <span class='ocrx_word' id='word_1_376' title='bbox 1491 3033 1746 3070; x_wconf 87' lang='lat' dir='ltr'>Hostovinus.</span> 
     </span>
    </p>
   </div>
  </div>
 </body>
</html>
