2228 3548
366 257 438 293 668
880 254 1021 290 Emsr.
1050 253 1095 289 P.
1123 252 1396 299 Naum—557

318 358 501 402 uincial.
528 358 593 399 Fa
616 363 794 412 troppo,
820 370 901 411 per
921 355 964 398 13
992 368 1077 399 sua
1103 354 1246 399 carita
1266 355 1295 398 ¹.
1330 355 1435 399 Vixi
1465 359 1507 399 et
1531 356 1637 400 viuo
1668 356 1882 401 hilariter
1904 359 1956 401 in

319 435 520 478 Domino
542 447 643 475 cum
666 432 889 476 Patribus
911 435 952 475 et
963 431 1222 490 fratribus.
1249 431 1313 476 Mi
1335 439 1468 477 sento
1498 432 1683 490 miglior
1702 435 1776 478 del
1804 442 1954 480 catar-

319 526 387 555 ro.
413 512 555 567 Spero
577 511 662 553 che
681 508 746 552 ειἶ1’
771 524 847 554 aer
869 508 931 552 mi
953 508 1053 553 sera
1074 508 1285 566 propitio.
1310 509 1347 552 11
1367 508 1455 554 sito
1475 510 1593 554 della
1615 511 1768 555 terrab
1789 511 1814 556 ὲ
1836 511 1952 556 moi-

318 595 367 632 to
389 588 525 631 bono.

409 678 450 719 3.
515 662 690 708 Salutai
712 664 755 707 la
777 663 935 720 regina
952 663 1226 720 Magdalena
1242 664 1300 707 da
1315 670 1446 721 parte
1461 663 1508 708 di
1524 666 1581 710 V.
1605 667 1658 709 P.
1680 671 1726 710 et
1741 665 1806 723 gli
1822 666 1948 730 offeri

319 743 363 785 13
384 741 529 798 pietra
551 740 596 784 di
617 742 816 785 baassar.
841 742 913 786 De
941 747 1061 785 tutto
1089 741 1128 785 si
1155 742 1351 799 rallagrt')
1378 743 1536 796 molto,
1568 749 1614 787 et
1641 745 1811 788 mostrb
1841 757 1954 788 oon—
1978 757 1982 761 ’

316 818 511 864 tentarsi
529 819 670 862 molto
691 819 765 863 del
786 818 1020 872 donatiuo,
1046 818 1241 864 dicendo
1265 821 1353 864 che
1373 819 1405 863 il
1426 821 1695 877 emperador
1716 834 1801 864 suo
1815 821 1956 878 padre

318 910 378 939 ne
406 896 562 939 soleua
589 896 671 939 dar
698 902 716 923 0
734 911 760 939 a
787 895 856 940 soi
883 895 1059 953 figlioli‚
1091 911 1164 941 ma
1191 911 1324 954 poca,
1348 904 1394 940 et
1421 899 1507 943 che
1529 898 1679 954 quella
1709 897 1853 955 pietra
1879 912 1956 944 era

320 974 512 1030 grande.
540 973 659 1017 Viue
685 974 786 1017 sine
815 974 923 1017 aula
951 988 1052 1016 cum
1075 975 1174 1017 suis
1203 975 1486 1032 virginibus.
1516 963 1554 1019 'E
1581 990 1671 1020 vna
1701 975 1878 1032 grande
1909 982 1956 1021 et

318 1062 452 1095 santa
473 1050 680 1108 vergine.
705 1051 796 1096 Gia
816 1053 876 1095 ho
897 1057 1059 1109 troppo
1081 1051 1274 1110 fatigato
1296 1053 1384 1096 alla
1406 1054 1460 1097 P.
1485 1053 1544 1097 V.
1569 1067 1656 1096 con
1678 1052 1708 1096 il
1731 1053 1819 1097 mal
1840 1052 1957 1097 scri-

318 1143 402 1173 uer
423 1128 528 1172 mio.
556 1128 757 1174 Scriuirb
780 1128 938 1186 alguni
959 1128 1215 1185 particolari
1236 1130 1279 1173 al
1302 1130 1355 1173 P.
1381 1130 1602 1175 Ximenez
1629 1144 1716 1174 con
1742 1130 1786 1174 13
1807 1129 1955 1187 gratia

319 1206 395 1250 del
416 1205 601 1263 Signor.
628 1207 686 1250 V.
714 1208 766 1250 P.
792 1220 886 1250 non
906 1205 1017 1250 lasci
1038 1221 1118 1263 per
1144 1207 1174 1249 l’
1198 1221 1324 1251 amor
1345 1208 1419 1250 del
1447 1207 1619 1264 Signor
1645 1206 1885 1252 ricordarsi
1906 1206 1953 1251 di

315 1298 406 1336 me,
437 1290 692 1340 poneretto,
723 1284 773 1326 in
802 1284 1016 1327 Domino.
1049 1283 1142 1328 Alli
1173 1284 1365 1327 orationi
1393 1292 1439 1330 et
1460 1284 1668 1329 sacrificii
1689 1284 1794 1329 delli
1816 1284 1954 1329 Padri

318 1359 551 1405 assistenti
578 1360 640 1404 mi
667 1360 929 1405 ricomando
958 1361 1033 1406 nel
1061 1361 1246 1418 Signor.
1270 1362 1502 1405 Dominus
1529 1363 1588 1406 sit
1615 1362 1862 1406 nobiscum.
1878 1361 1954 1406 'Di

318 1438 454 1490 Η313,
480 1449 534 1481 22
557 1437 603 1480 di
631 1437 759 1481 Iunio
787 1448 914 1493 1574.
940 1440 997 1482 D.
1025 1440 1077 1483 P.
1100 1439 1158 1483 V.
1183 1453 1318 1484 seruo
1340 1439 1386 1482 in
1408 1438 1511 1494 X.⁰‚

1403 1523 1434 1581 †
1465 1523 1652 1641 ΝᾚΑι.
1688 1522 1718 1581 †

406 1669 568 1715 Subito
600 1669 658 1713 da
679 1670 836 1726 Ispruc
859 1670 996 1714 scriui
1023 1672 1067 1715 al
1089 1672 1236 1715 Padre
1262 1671 1513 1728 prouincial
1534 1673 1648 1716 altre
1669 1686 1778 1716 cose
1799 1678 1845 1715 et
1867 1673 1954 1717 che

314 1758 412 1791 non
433 1746 599 1791 veniua
619 1762 700 1804 per
721 1747 914 1804 negocio
934 1749 1115 1803 alcuno,
1139 1763 1286 1793 senon
1306 1764 1389 1806 per
1404 1764 1487 1793 sua
1508 1750 1750 1806 pecorella.
1770 1750 1874 1793 Non
1890 1749 1951 1810 ho

319 1824 526 1881 risposta.

407 1902 653 1958 Inscriptio
674 1902 724 1945 in
742 1906 908 1958 quarta
923 1905 1119 1961 pagina,
1137 1904 1233 1947 alia
1248 1918 1413 1947 manu:
1433 1902 1464 1962 †
1485 1904 1747 1949 Admodum
1764 1903 1881 1947 Rdo.
1901 1902 1950 1945 in

315 1978 505 2023 Christo
523 1978 648 2022 Patri
669 1986 826 2022 nostro
848 1981 1112 2025 Euerhardo
1130 1966 1432 2035 MercurianO,
1453 1980 1698 2027 Societatis
1712 1983 1824 2039 Jesu
1846 1995 1952 2037 pre-

316 2055 468 2112 posito
491 2054 707 2112 generali.
735 2057 922 2101 Romae.
952 2058 1061 2101 Alia
1084 2073 1257 2101 manu:
1286 2059 1340 2102 P.
1375 2059 1551 2102 Natale.
1576 2058 1706 2101 Alia:
1728 2059 1783 2102 R.
1822 2068 1950 2113 1574.

317 2133 452 2177 Hala.
479 2135 533 2177 Ρ.
562 2133 739 2177 Natale.
766 2145 820 2176 22
844 2133 889 2176 di
910 2134 1116 2191 Giugno.
1141 2134 1302 2193 sigilli
1323 2136 1583 2193 vestigium.
1662 2185 1667 2192 ,

388 2253 410 2274 a
448 2245 536 2282 Hoc
554 2247 664 2282 verb.
685 2257 802 2293 supra
826 2257 932 2283 vers.
958 2246 1108 2283 addidit
1132 2246 1263 2283 N.-b
1278 2247 1387 2294 Aut.,
1409 2250 1580 2284 term—0
1603 2247 1689 2283 Hoc
1707 2247 1818 2282 verb.
1838 2257 1956 2293 supra

317 2316 422 2341 vers.
443 2304 592 2341 addidit
608 2305 657 2341 N.

390 2407 399 2427 ¹
451 2405 553 2442 Vide
572 2405 742 2453 append.
766 2405 969 2454 LXXVII,
989 2412 1029 2443 et
1047 2419 1156 2455 seqq.
1182 2407 1448 2443 Mercurianus
1466 2407 1635 2443 Mathiae
1653 2407 1871 2453 Lacknero,
1889 2417 1948 2442 re·

310 2465 412 2500 ctori
429 2466 581 2501 halensi
597 2467 708 2508 haec,
726 2464 790 2501 die
811 2474 852 2510 15
872 2467 965 2512 Julii
987 2475 1089 2512 1574,
1106 2466 1262 2514 scripsit
1279 2479 1349 2514 per
1362 2467 1614 2503 secretarium
1633 2477 1760 2502 suum:
1781 2466 1948 2503 «Gratas

315 2524 452 2560 habuit
468 2525 615 2572 duplici
631 2524 788 2561 nomine
805 2525 853 2560 R.
879 2526 922 2560 P.
948 2526 1144 2572 generalis
1168 2526 1277 2562 Tuae
1294 2525 1555 2562 Reuerentiae
1579 2525 1745 2572 litteras,
1769 2523 1815 2560 23
1846 2523 1946 2570 Iunii

311 2582 440 2629 datas,
465 2584 568 2631 quod
593 2596 642 2620 ex
664 2584 741 2620 illis
766 2583 973 2629 intellexit,
1000 2591 1083 2621 tum
1105 2585 1353 2621 charissimos
1377 2585 1513 2620 Patres
1538 2589 1691 2620 nostros
1720 2595 1766 2620 ae
1789 2584 1947 2619 Fratres

312 2641 427 2678 istius
445 2644 602 2690 collegii
619 2655 803 2691 prospera
819 2644 876 2679 uti
894 2644 1134 2692 ualetudine,
1153 2649 1236 2680 tum
1259 2644 1362 2692 quod
1382 2644 1429 2680 R.
1456 2644 1499 2679 P.
1525 2642 1675 2680 Natalis
1702 2647 1951 2679 senectutem

310 2701 513 2738 charitatis
532 2702 670 2739 officiis
693 2703 895 2748 recreetis,
921 2709 960 2739 et
985 2704 1070 2751 ipse
1094 2715 1165 2740 uos
1188 2702 1362 2739 uicissim
1387 2709 1427 2739 et
1448 2702 1682 2739 recreationi
1707 2707 1747 2739 et
1770 2702 1955 2739 aedifica·

313 2759 411 2796 tioni
429 2761 480 2797 sit
498 2761 538 2798 in
557 2761 795 2798 Domino...»
814 2763 873 2797 Ex
897 2763 1086 2809 Regesto,
1108 2762 1203 2799 Coa.
1224 2773 1267 2809 33
1277 2761 1336 2810 j),
1353 2761 1420 2799 fol.
1444 2760 1500 2798 13.
