2228 3548
437 276 507 314 510
950 265 1090 300 EPIST.
1123 265 1168 300 P.
1199 262 1386 302 NADAL-
1397 274 1467 312 492

393 370 439 414 di
460 368 617 426 poesia
639 374 685 412 et
706 366 822 411 assai
843 365 1179 419 mathematica,
1204 372 1250 410 et
1270 366 1296 411 ὲ
1318 372 1478 411 tenuto
1497 366 1555 410 da
1576 366 1720 410 nostri
1735 379 1816 423 per
1833 379 2026 422 persona

394 447 610 489 uirtuosa.
638 445 697 488 Al
721 445 774 488 P.
801 443 987 488 Canisio
1007 442 1045 486 si
1067 442 1232 487 mando
1255 444 1374 488 Mro.
1403 444 1546 489 Paulo
1567 443 1800 501 Viggiano
1820 458 1902 500 per
1922 443 2024 500 leg·
2051 440 2055 446 ’

391 538 474 580 ger
495 521 794 579 philosophia.
820 519 1052 565 Mandossi
1073 534 1239 564 ancora
1261 521 1377 564 Mro.
1402 519 1597 566 RICardo
1617 515 1823 575 hiberno,
1842 520 1873 563 il
1889 520 2022 577 quale

388 601 526 657 legge
567 599 729 643 adesso
771 596 1054 655 philosophia
1095 596 1142 640 in
1182 596 1393 655 Dilinga,
1438 604 1484 643 et
1532 597 1808 645 mandarassi
1855 598 2019 642 adesso

388 679 502 721 Mro.
530 676 675 720 Paulo
699 675 852 729 Oliua,
878 674 1132 719 sufficiente
1153 690 1235 732 per
1263 674 1547 732 philosophia
1569 681 1614 720 et
1634 675 1868 719 humanita
1889 690 1915 719 a
1935 676 2019 719 ba-

385 761 556 806 stanza,
582 760 628 798 et
649 767 713 796 un
735 753 851 796 altro
868 754 1069 797 Roberto
1085 751 1295 807 hiberno,
1314 751 1346 795 il
1363 753 1495 809 quale
1517 753 1543 796 e
1560 751 1665 796 delli
1682 751 1758 809 piu
1779 752 2021 797 sufficienti

385 830 580 876 scholari
607 831 681 874 del
710 832 762 874 P.
797 830 1051 874 Benedetto
1085 831 1095 851 ¹
1126 829 1172 873 di
1202 836 1367 886 questo
1399 844 1545 874 corso.
1581 830 1639 873 Et
1669 844 1783 873 sono
1814 829 1962 886 questi
1993 842 2022 884 4

384 910 523 952 molto
544 907 652 952 boni
673 908 719 952 in
743 907 880 952 uirtu.
908 909 965 951 Et
989 907 1111 951 forsa
1132 922 1183 952 se
1203 906 1235 949 li
1265 907 1483 951 mandara
1504 907 1704 951 un'altro
1731 921 1813 964 per
1841 921 2024 964 grama-

385 986 477 1030 tica
498 1001 526 1030 o
547 984 797 1029 humanita.
824 986 895 1029 De
916 984 992 1042 piu
1016 999 1066 1030 se
1086 983 1118 1027 li
1147 983 1352 1028 rimanda
1372 983 1404 1028 il
1432 985 1609 1030 fratello
1631 983 1739 1029 Vito
1761 984 1794 1037 ¹,
1829 982 1860 1026 il
1891 983 2024 1040 quale

387 1065 450 1108 V.
482 1065 536 1107 R.
562 1063 727 1106 mando
750 1077 776 1106 a
798 1063 959 1115 Roma,
984 1076 1071 1105 con
1096 1077 1156 1106 un
1179 1062 1294 1105 altro
1311 1060 1508 1115 nouicio‚
1528 1061 1559 1104 il
1575 1061 1709 1118 quale
1726 1075 1821 1105 non
1837 1059 1876 1106 si
1895 1066 2026 1105 troua

386 1142 505 1186 bene
525 1139 617 1198 qui.
644 1139 945 1184 Conduttiere
966 1140 1062 1183 loro
1085 1140 1186 1183 sara
1208 1138 1239 1182 il
1263 1140 1315 1183 P.
1341 1139 1548 1184 Gerardo
1572 1138 1770 1183 Pastelio
1794 1139 1827 1182 ³.

427 1210 429 1213 ¹
478 1231 519 1263 2.
585 1218 647 1262 Al
671 1219 722 1262 P.
749 1215 954 1262 Oliuerio
985 1217 1000 1238 ⁴
1032 1215 1070 1260 si
1101 1217 1268 1260 manda
1301 1230 1363 1260 un
1393 1217 1599 1261 francese
1635 1217 1708 1259 ch'
1743 1216 1802 1259 ha
1832 1214 1959 1260 finito
1991 1214 2023 1258 il

386 1310 519 1340 corso
540 1295 585 1339 d'
609 1294 695 1340 arti
716 1295 894 1349 adesso,
919 1295 1045 1339 detto
1066 1292 1300 1339 Giovanni
1321 1293 1591 1349 Grangione
1609 1294 1641 1348 ⁸,
1662 1299 1788 1338 etun
1804 1292 1918 1336 altro
1933 1291 2022 1336 ita-

386 1374 523 1427 liano,
547 1388 628 1430 per
649 1386 784 1416 nome
806 1371 1002 1428 Ignatio‚
1028 1371 1059 1414 il
1081 1371 1214 1427 quale
1235 1370 1317 1415 fini
1337 1370 1368 1414 il
1390 1385 1521 1415 corso
1543 1371 1600 1415 de
1622 1369 1707 1414 arti
1728 1370 1758 1413 l’
1778 1384 1898 1414 anno
1914 1384 2021 1427 pas·

387 1458 502 1504 sato,
528 1457 574 1495 et
594 1449 731 1507 dopoi
752 1450 812 1493 ha
834 1448 1076 1506 insegnato
1097 1448 1348 1502 humanita‚
1374 1449 1477 1492 nela
1505 1448 1639 1505 quale
1659 1455 1706 1492 et
1734 1447 1780 1491 in
1797 1446 2022 1494 rhetorica

389 1529 416 1572 e
435 1527 551 1572 assai
573 1527 664 1572 ben
687 1532 866 1571 uersato
887 1533 933 1570 et
960 1527 1096 1571 credo
1117 1528 1219 1570 sara
1241 1528 1386 1571 anche
1406 1533 1504 1570 atto
1527 1541 1607 1583 per
1635 1526 1796 1583 legger
1824 1524 2025 1582 philoso-

388 1605 510 1663 phia,
535 1605 623 1649 alla
643 1604 776 1661 quale
799 1605 824 1647 ἐ
852 1603 1083 1648 inclinato.
1111 1605 1235 1648 Poco
1257 1603 1407 1647 inanzi
1428 1603 1467 1648 si
1488 1603 1652 1647 mando
1674 1603 1717 1647 al
1739 1604 1792 1646 P.
1819 1601 2024 1647 Oliuerio

390 1673 504 1728 Mro.
524 1685 712 1741 Jacomo
734 1695 914 1726 scosese
935 1696 1015 1738 per
1036 1682 1225 1739 leggere
1246 1681 1278 1724 il
1308 1695 1438 1725 corso
1459 1681 1506 1725 in
1529 1679 1699 1738 Parigi3
1732 1686 1778 1724 et
1804 1685 1965 1736 questa
1996 1679 2022 1724 ὲ

388 1761 432 1804 la
453 1759 714 1818 prouisione
735 1760 820 1803 che
842 1760 900 1803 N.
934 1761 987 1803 P.
1020 1759 1184 1803 manda
1215 1765 1378 1815 questo
1410 1764 1616 1803 autunno
1647 1772 1674 1801 a
1705 1757 1854 1813 quelle
1883 1756 2018 1814 parti.

390 1838 535 1894 Spero
557 1838 643 1881 che
664 1836 723 1880 N.
745 1837 794 1881 S.
815 1835 852 1879 si
870 1835 1042 1881 seruira
1057 1837 1197 1880 molto
1218 1835 1264 1879 di
1285 1836 1396 1890 loro,
1416 1850 1498 1892 per
1515 1849 1638 1880 esser
1656 1833 1847 1878 uirtuosi
1868 1840 1914 1879 et
1929 1834 2019 1879 ben

391 1913 565 1958 fondati
586 1914 705 1958 nella
725 1912 966 1957 uocatione
988 1928 1086 1957 sua.
1110 1914 1170 1957 D’
1201 1913 1314 1957 altre
1341 1926 1463 1966 cose,
1489 1918 1615 1969 parte
1646 1910 1845 1955 scriuera
1866 1911 1924 1955 N.
1962 1912 2015 1956 P.

390 1992 569 2046 istessQ
595 1997 640 2036 et
662 1997 790 2048 parte
812 1990 850 2034 si
872 1990 1070 2036 scriuera
1098 2006 1179 2048 per
1199 1991 1326 2035 altre.
1359 1990 1430 2034 Ne
1455 1990 1569 2034 altro
1596 2003 1647 2034 se
1678 2003 1768 2032 non
1802 1990 1887 2034 che
1914 1987 2020 2031 tutti

389 2069 432 2113 ci
453 2067 843 2113 raccomandiamo
865 2068 951 2113 alle
972 2067 1165 2112 orationi
1186 2074 1232 2112 et
1253 2066 1462 2111 sacrificii
1483 2065 1528 2109 di
1551 2067 1608 2111 V.
1634 2067 1689 2110 R.
1710 2072 1756 2110 et
1776 2065 1850 2110 del
1868 2067 1916 2109 P.
1936 2063 2022 2109 Xi-

388 2160 548 2190 menez
570 2151 658 2191 etc.
685 2145 745 2190 Al
770 2146 822 2188 P.
855 2144 1058 2189 Oliuerio
1090 2145 1208 2188 forsa
1236 2144 1275 2188 si
1303 2143 1556 2188 rimandara
1583 2158 1647 2187 un
1675 2142 1910 2187 sacerdote
1938 2143 2023 2186 che

391 2223 557 2267 mando
575 2228 736 2279 questo
759 2236 879 2265 anno
901 2228 1082 2278 passato
1104 2236 1193 2278 qua
1214 2235 1294 2279 per
1322 2221 1469 2265 aiutar
1496 2220 1542 2264 in
1574 2220 1766 2277 qualche
1793 2211 2023 2263 nOUiCiato

391 2299 437 2343 di
459 2314 542 2344 sua
565 2298 816 2356 prouincia.
842 2298 901 2342 Di
923 2301 1084 2354 Roma,
1107 2298 1140 2342 li
1167 2311 1216 2344 12
1239 2297 1286 2342 di
1308 2299 1488 2356 Agosto
1517 2298 1643 2353 1567.

461 2478 471 2499 ¹
522 2476 759 2514 Benedictus
777 2475 946 2521 Pereira,
965 2477 1086 2514 lector
1102 2475 1368 2524 philosophiae
1385 2476 1426 2512 in
1442 2475 1608 2523 collegio
1626 2485 1796 2511 romano.

460 2540 475 2560 ²
525 2537 642 2574 Vitus
660 2535 790 2572 Liner.
811 2534 911 2571 Vide
930 2536 1045 2583 epist.
1064 2535 1147 2583 434,
1168 2548 1207 2572 n.
1227 2545 1262 2572 2.

460 2599 475 2620 ⁵
526 2596 630 2632 Vide
648 2606 776 2643 supra,
797 2606 885 2642 pag.
906 2594 988 2642 332,
1008 2600 1139 2632 annot.
1158 2595 1194 2631 3.

459 2658 474 2679 ⁴
524 2656 719 2700 Manareo,
740 2654 970 2702 provinciali
988 2655 1187 2691 Franciae.

461 2717 476 2739 ⁵
528 2716 647 2751 Forte
665 2719 726 2750 est
744 2714 914 2760 Joannes
933 2714 1192 2761 Grangianus,
1213 2712 1324 2762 cujus
1342 2723 1507 2749 examen
1524 2710 1716 2748 edidimus
1733 2710 1774 2747 in
1791 2710 1918 2758 Epist.
1939 2709 2021 2747 Na-

389 2775 479 2817 tal.,
498 2774 551 2820 11,
571 2774 654 2820 562.
