2228 3548
881 289 924 318 12
949 281 1140 319 Auens-ri
1169 281 1259 328 1567
1763 292 1834 330 509

239 386 299 430 N.
319 386 373 429 P.
394 395 447 440 25
464 383 655 443 deJulio
683 384 810 439 1567.
840 383 988 427 Manu
1004 384 1064 427 P.
1090 384 1262 428 Nadal:
1283 383 1312 442 †
1335 385 1569 442 Desegno,
1590 397 1680 441 que
1701 383 1746 428 io
1767 399 1880 431 cure

239 452 298 506 de
318 461 478 506 scriuir
499 468 656 505 contra
680 461 856 517 herejes
883 475 971 504 con
990 461 1060 504 los
1077 468 1304 514 nuestros,
1335 468 1445 515 etc.,
1470 477 1500 518 y
1528 463 1639 505 hara
1660 463 1718 507 V.
1755 464 1808 507 P.
1833 463 1879 506 lo

242 553 332 595 que
353 538 400 583 ni
420 553 560 596 papas
580 538 628 582 ni
650 552 780 595 reyes
802 540 893 582 han
909 537 1075 595 podido
1098 539 1229 582 hasta
1250 553 1407 596 agora,
1432 554 1463 596 y
1479 553 1657 583 summo
1679 540 1830 596 plazer
1851 544 1879 583 a

244 617 378 660 todos
398 631 428 673 y
449 615 643 661 seruicio
660 620 686 660 ἐι
707 615 822 660 Dios
846 617 874 669 ¹,
899 622 988 660 etc.
1018 617 1272 674 Vestigium
1294 617 1460 674 sigilli.

1002 727 1126 768 1192

698 812 743 848 P.
770 810 1061 849 DIONYSIUS
1087 811 1344 858 VAZQUEZ
1369 810 1416 857 (Ρ)

890 888 939 912 ex
955 887 1232 912 commissmne

567 943 778 987 PATRI
820 942 1255 987 HIERONYMO
1297 943 1542 987 NADAL

761 1027 929 1064 ROMAE,
951 1026 993 1054 12
1011 1025 1195 1054 ansusi-1
1215 1018 1307 1063 1567
1323 1017 1353 1053 ³.

240 1105 273 1132 Ι.
294 1096 560 1133 Recensentur
576 1096 765 1132 mittendi
780 1095 843 1132 vel
859 1095 973 1130 missi
989 1095 1034 1130 in
1052 1094 1268 1130 Poloniam
1286 1097 1323 1130 et
1345 1093 1714 1133 Germaniam.—2.
1743 1096 1875 1134 Desti-

722 1156 812 1191 nati
828 1155 883 1191 ad
899 1154 1100 1190 Franciao
1113 1154 1385 1201 provinciam.

338 1246 375 1277 1.
441 1235 538 1277 Pax
558 1233 664 1291 Xpi.
691 1233 833 1278 Molto
855 1231 958 1276 R.‘²⁰
982 1230 1029 1274 in
1051 1232 1170 1288 Xp0.
1196 1231 1359 1275 Padre.
1380 1233 1551 1276 Nostro
1572 1234 1718 1278 Padre
1735 1235 1796 1278 mi
1813 1237 1872 1279 ha

243 1324 496 1356 commesso
517 1312 589 1354 ch'
613 1309 658 1354 io
680 1311 820 1354 renda
841 1316 978 1353 conto
1001 1308 1296 1353 breuemente
1316 1323 1343 1352 a
1364 1310 1423 1354 V.
1455 1311 1509 1354 R.
1546 1310 1591 1353 di
1622 1312 1760 1367 quelli
1788 1314 1873 1357 che

242 1402 355 1432 sono
375 1386 601 1445 designati
624 1401 703 1444 per
719 1385 945 1430 mandarsi
962 1386 1049 1430 alle
1064 1385 1182 1443 parti
1203 1385 1548 1431 settentrionali.
1567 1389 1625 1431 Et
1640 1388 1782 1445 prima
1799 1390 1871 1434 del

240 1466 293 1509 P.
321 1464 529 1522 Philippo
550 1463 913 1509 Widmanstadio
938 1464 971 1517 ³,
991 1465 1179 1521 Jacomo
1202 1462 1391 1517 Polono‚
1422 1463 1655 1509 Giouanni
1689 1467 1872 1524 Vegero

237 1541 476 1595 fiandrese,
501 1548 546 1586 et
567 1542 747 1586 Adamo
774 1541 966 1598 inglese,
998 1540 1013 1583 i
1052 1539 1173 1596 quali
1200 1539 1238 1584 si
1265 1541 1492 1585 mandano
1520 1542 1562 1586 al
1596 1544 1649 1586 P.
1686 1543 1869 1600 Sunier,

236 1625 283 1663 et
303 1618 398 1663 cosi
419 1621 601 1663 tomara
623 1618 655 1662 il
678 1621 731 1663 P.
757 1617 910 1662 Pietro
933 1619 1059 1662 Phae
1081 1631 1160 1674 per
1181 1617 1435 1675 Herbipoli,
1459 1626 1506 1663 et
1527 1633 1638 1663 sono
1668 1621 1815 1676 questi
1842 1635 1872 1677 4

239 1695 442 1754 soggetti
462 1696 602 1740 molto
622 1695 747 1750 boni,
773 1702 818 1740 et
840 1695 886 1738 in
908 1694 1193 1747 sufficientia,
1218 1700 1264 1738 et
1280 1693 1328 1738 in
1344 1694 1482 1739 uirtu.
1503 1697 1593 1740 Per
1610 1686 1867 1755 Herbipoli,

237 1774 353 1827 oltra
373 1773 446 1818 del
468 1774 522 1817 P.
550 1772 703 1818 Pietro
726 1774 851 1816 Phae
873 1779 919 1816 et
941 1771 971 1814 il
997 1773 1050 1815 P.
1075 1771 1302 1828 Gregorio
1330 1771 1346 1793 ⁴
1374 1774 1459 1816 che
1487 1780 1558 1817 sta
1586 1773 1632 1817 in
1659 1774 1862 1832 Dilinga,

238 1850 276 1894 si
306 1850 523 1894 mandara
554 1849 600 1894 di
636 1864 726 1907 qua
756 1849 787 1892 il
821 1851 874 1893 P.
906 1849 1115 1892 Emundo
1140 1847 1332 1893 hiberno
1360 1850 1393 1903 ⁸,
1423 1864 1617 1906 persona
1644 1858 1865 1909 attempe-

239 1933 336 1971 rata
361 1934 398 1982 a,
424 1934 470 1972 et
491 1927 537 1971 di
559 1928 714 1971 buone
735 1925 867 1983 parti,
897 1933 943 1969 et
971 1940 1034 1968 un
1061 1925 1176 1969 altro
1209 1925 1383 1971 fratello
1412 1927 1645 1971 Giovanni
1674 1929 1868 1973 Battista

241 2018 427 2047 romano
448 2005 481 2058 ⁶,
505 2004 536 2047 il
558 2003 691 2061 quale
712 2005 814 2048 sara
835 2016 916 2060 per
939 2003 1126 2059 leggere
1154 2002 1376 2048 rhetorica
1403 2010 1450 2047 et
1476 2005 1710 2049 humanita
1739 2014 1785 2050 et
1816 2021 1866 2050 sa

303 2147 326 2169 ⁸
362 2140 540 2187 Regest.,
559 2141 794 2186 attemptata.

305 2264 316 2285 ¹
368 2263 469 2300 Vide
487 2275 615 2311 supra,
635 2274 724 2312 pag.
746 2261 830 2308 508,
851 2267 983 2298 annot.
1005 2261 1040 2298 3.

305 2326 321 2346 ¹
370 2324 429 2359 Ex
446 2323 636 2370 Regesto‚
657 2322 752 2359 Cod.
775 2332 820 2368 33
834 2321 900 2369 g),
918 2321 958 2357 ff.
987 2320 1032 2367 53
1048 2333 1086 2366 v,
1113 2329 1172 2367 54.
1192 2322 1237 2358 In
1261 2322 1449 2370 margine:
1478 2324 1604 2371 Lieja.
1625 2325 1675 2360 P.
1701 2325 1865 2363 Natale.

237 2383 347 2419 Haec
360 2382 524 2430 epistola
541 2382 794 2430 probabiliter
810 2393 832 2417 a
849 2381 893 2417 P.
914 2381 1105 2428 Dionysio
1119 2381 1316 2430 vazquez,
1330 2393 1380 2419 ex
1393 2383 1560 2430 Borgiae
1574 2385 1861 2430 commissione,

239 2441 383 2489 scripta
399 2440 486 2486 fuit3
505 2452 594 2477 nam
612 2440 770 2477 Polanci
788 2440 896 2477 vices
914 2439 954 2476 in
977 2439 1152 2487 epistolis
1170 2440 1362 2478 similibus
1385 2443 1681 2480 conscribendis
1706 2444 1743 2479 id
1768 2450 1863 2480 tem-

240 2513 313 2549 pus
334 2501 508 2548 gessisse
531 2500 764 2548 Dionysium
789 2505 942 2535 constat
959 2511 1008 2535 ex
1032 2499 1228 2535 nonnullis
1244 2500 1410 2547 Borgiae
1427 2502 1584 2549 litteris,
1603 2503 1766 2539 absente
1790 2503 1863 2539 Po·

239 2562 364 2606 laneo,
384 2561 528 2596 Romae
546 2559 727 2607 Dionysii
744 2570 861 2595 manu
879 2558 1060 2594 exaratis
1087 2558 1187 2595 Vide
1210 2560 1397 2607 epistolas
1421 2573 1556 2598 mense
1576 2562 1747 2608 Augusti
1770 2563 1862 2599 anni

242 2620 332 2666 1567
349 2619 475 2667 datas,
492 2620 532 2656 in
552 2618 647 2655 Cod.
669 2628 731 2665 34.

310 2680 325 2701 ⁸
374 2678 475 2715 Vide
498 2677 582 2726 ejus
605 2689 770 2714 examen
793 2677 833 2713 in
857 2677 985 2724 Epist.
1011 2676 1166 2719 Natal„
1188 2675 1238 2722 11,
1259 2677 1341 2724 5803
1356 2684 1397 2715 et
1413 2679 1578 2726 append.
1602 2679 1729 2715 LXIII
1746 2681 1863 2728 hujus

235 2738 327 2783 vol„
347 2737 415 2774 ubi
434 2736 519 2784 ejus
535 2736 727 2773 adventus
745 2736 785 2772 in
802 2735 1002 2772 Poloniam
1020 2734 1238 2782 attingitur.

303 2798 320 2819 ⁴
367 2796 447 2841 Sic,
465 2807 534 2843 pro
551 2795 722 2842 Georgio
738 2795 876 2839 Bader,
896 2794 945 2830 de
962 2806 1038 2842 quo
1058 2794 1213 2842 saepius
1231 2796 1410 2843 superius
1427 2796 1575 2833 dictum
1595 2802 1668 2833 est.

302 2857 318 2877 ⁵
366 2855 412 2891 In
441 2855 616 2901 catalogo
643 2854 800 2902 collegii
828 2853 1114 2900 herbipolensis
1138 2860 1383 2902 nuncupatur
1406 2856 1629 2892 «Emundus
1659 2856 1860 2894 Tanerus»

233 2914 441 2950 Admissus
457 2912 532 2949 fuit
547 2913 695 2950 Romae
710 2924 734 2960 9
751 2913 860 2961 Junii
881 2913 985 2958 1565.

303 2974 319 2996 ⁶
367 2973 538 3020 Joannes
566 2972 744 3020 Baptista
772 2983 969 3018 romanus,
987 2971 1180 3008 admissus
1198 2977 1260 3008 est
1283 2973 1430 3009 Romae
1448 2983 1470 3009 2
1493 2973 1728 3010 Novembris
1753 2976 1863 3023 1556,

234 3043 335 3068 anno
351 3031 492 3068 aetatis
512 3039 568 3077 14.
587 3031 633 3068 In
650 3031 768 3068 variis
786 3031 922 3067 Italiae
938 3030 1116 3077 collegiis
1134 3030 1267 3068 docuit
1282 3032 1529 3068 humaniores
1543 3033 1706 3069 litteras.
1723 3034 1865 3070 Herbi-

236 3091 356 3138 polim
374 3089 553 3138 pervenit
569 3097 592 3135 7
608 3088 792 3128 Octobris
813 3090 916 3136 1567.
937 3090 995 3125 Ex
1013 3090 1191 3136 catalogo
1207 3090 1493 3139 herbipolensis
1511 3091 1679 3139 collegii.
