2228 3548
859 305 907 332 20
932 295 1165 359 Psenmau
1193 300 1284 341 1567
1772 294 1843 342 377

251 395 576 454 specialmente
597 396 792 450 Vienna,
816 397 936 441 doue
953 397 1146 442 essendo
1161 397 1206 440 13
1227 396 1465 441 fundation
1482 412 1612 454 poca,
1631 412 1745 441 sono
1764 404 1890 442 tante

251 473 539 531 occupationi
566 473 788 531 spirituali
814 481 861 518 et
890 481 1016 519 tanto
1051 488 1166 531 gran
1198 488 1368 528 messe,
1392 476 1478 520 che
1501 474 1660 519 merita
1687 476 1889 532 grande-

251 557 403 595 mente
425 553 564 596 esser'
589 550 760 595 aiutato
781 552 886 608 quel
914 550 1124 608 collegio:
1155 559 1201 595 et
1229 551 1550 608 specialmente
1572 553 1630 595 ha
1658 551 1886 610 trauaglio

250 643 331 686 per
351 642 489 672 causa
510 629 568 673 de
590 629 739 685 quelle
759 628 975 686 prediche
996 636 1042 672 et
1061 628 1419 686 congregatione
1441 629 1499 673 de
1515 628 1702 682 italiam,
1721 636 1831 683 etc.,
1851 629 1884 672 il

244 704 323 749 cui
345 713 531 749 assunto
552 707 590 749 s’
614 706 790 751 3663110
811 720 838 750 3
860 705 998 762 13111ρί
1020 705 1204 762 passati,
1227 706 1272 748 d'
1297 705 1328 748 il
1355 707 1439 749 che
1461 707 1521 748 ho
1549 705 1707 749 scritto
1729 705 1773 749 io
1793 706 1882 750 alla

249 783 302 826 P.
328 783 385 827 V.
409 783 467 826 da
490 783 637 839 quella
653 782 889 839 prouincia
910 783 952 827 le
973 782 1188 827 difficolta
1209 782 1314 826 mie.

336 859 378 903 8.
444 861 585 903 Tutto
607 861 757 916 quello
778 862 865 905 che
884 860 1056 905 113113Γό
1078 859 1121 903 10
1142 859 1260 904 (13113
1279 858 1374 902 vita
1393 859 1466 903 del
1498 862 1549 904 Ρ.
1592 862 1707 904 Mro.
1742 861 1882 917 Igna-

245 934 324 989 tio,
348 942 457 989 etc.,
484 938 570 982 che
600 936 662 980 mi
690 936 902 981 dimanda
928 937 972 981 la
1004 938 1058 980 P.
1094 937 1172 990 V.‚
1209 937 1424 980 mandaro
1456 951 1543 980 con
1574 937 1617 980 13
1648 936 1794 994 gratia
1823 938 1882 982 de

243 1012 440 1066 Christo,
462 1020 633 1069 quanto
650 1014 728 1070 piu
749 1021 903 1070 presto
921 1012 1104 1070 possino
1122 1027 1247 1058 esser
1268 1012 1445 1069 copiate
1466 1014 1540 1056 dal
1564 1015 1618 1057 P.
1639 1013 1878 1067 Ximenez,

242 1089 417 1133 benche
434 1091 571 1134 credo
587 1092 688 1134 sara
704 1091 844 1134 molto
860 1104 992 1146 poco,
1011 1090 1165 1135 leuate
1181 1090 1271 1133 due
1288 1104 1393 1133 cose
1411 1090 1484 1134 del
1502 1091 1557 1133 P.
1578 1091 1728 1148 Luygi
1748 1092 1879 1136 Gon-

242 1166 381 1221 zalez,
405 1167 435 1209 l’
460 1181 552 1211 una
573 1168 691 1211 dalla
712 1166 952 1212 uocatione
973 1167 1048 1212 del
1071 1167 1218 1211 Padre
1240 1166 1386 1210 insino
1410 1181 1436 1210 a
1452 1169 1538 1211 che
1554 1181 1704 1213 venne
1721 1168 1767 1211 in
1784 1170 1879 1213 Ro-

242 1257 314 1286 ma
340 1244 369 1297 ¹,
394 1245 423 1286 l’
447 1245 560 1288 altra
580 1245 626 1287 d'
649 1245 845 1289 alchune
866 1242 1169 1288 osseruationi
1196 1242 1453 1300 particolari
1480 1245 1566 1287 che
1592 1244 1656 1288 lui
1689 1245 1796 1288 noto
1828 1245 1875 1290 in

240 1320 384 1364 Roma
404 1321 594 1365 essendo
617 1320 822 1365 ministro
844 1321 877 1374 ²,
901 1322 987 1364 che
1014 1335 1065 1364 so
1091 1322 1229 1364 esser'
1260 1319 1307 1364 in
1339 1321 1498 1374 Roma,
1534 1329 1580 1366 et
1616 1323 1766 1377 quello
1798 1323 1871 1367 del

241 1398 292 1440 P.
320 1397 633 1455 Ribadeneyra
655 1399 687 1442 ³.
713 1398 882 1455 Quello
901 1397 1036 1442 etiam
1059 1397 1176 1442 delle
1197 1397 1430 1441 deuotioni
1453 1406 1498 1442 et
1514 1398 1775 1443 sentimenti
1797 1400 1871 1444 del

238 1474 295 1517 P.
327 1475 441 1518 Mro.
468 1475 645 1532 Ignatio
666 1475 772 1520 nell'
796 1474 1016 1528 oratione,
1042 1474 1087 1518 di
1109 1490 1244 1518 mano
1266 1489 1364 1528 sua,
1391 1490 1482 1519 non
1516 1476 1545 1518 l'
1580 1478 1640 1519 ho
1677 1478 1872 1521 hauutto

234 1549 293 1593 io:
317 1551 349 1593 l'
373 1552 554 1596 haueua
577 1553 634 1596 N.
662 1554 715 1596 P.
742 1554 857 1596 Mro.
883 1553 1083 1609 Laynez,
1108 1559 1155 1595 et
1181 1566 1323 1608 penso
1351 1551 1396 1595 lo
1423 1551 1603 1596 lasciasi
1624 1553 1667 1596 al
1689 1555 1742 1597 P.
1768 1554 1871 1599 Sal-

232 1641 404 1671 meron:
426 1627 471 1672 io
494 1632 646 1672 tamen
661 1630 722 1672 ho
738 1630 782 1673 la
802 1629 947 1686 copia,
967 1636 1014 1674 et
1036 1630 1086 1672 in
1103 1643 1280 1672 omnem
1299 1633 1523 1682 euentum,
1541 1643 1591 1673 se
1607 1631 1759 1686 quello
1776 1646 1872 1675 non

234 1703 272 1747 si
295 1711 476 1750 trouase
498 1705 557 1758 13,
582 1706 625 1749 13
651 1707 869 1750 mandari)
897 1713 1067 1762 quanto
1096 1705 1174 1762 piu
1206 1712 1359 1762 presto
1389 1708 1553 1763 puotro
1586 1707 1618 1751 ⁴.
1654 1707 1717 1751 Mi
1754 1722 1868 1751 sono

230 1767 559 1837 grandemente
581 1783 824 1840 rallegrato
847 1784 995 1827 chela
1018 1784 1070 1826 Ρ.
1098 1783 1156 1827 V.
1192 1782 1330 1826 habbi
1357 1783 1547 1840 pigliato
1574 1785 1618 1828 13
1654 1799 1790 1828 mano
1822 1784 1869 1828 in

231 1865 391 1913 questa
413 1873 566 1915 opera,
592 1866 638 1904 et
658 1874 802 1917 prego
830 1867 1002 1916 quanto
1032 1873 1167 1916 posso
1204 1866 1250 1903 et
1281 1859 1488 1917 supplico
1524 1862 1610 1906 che
1642 1862 1700 1905 V.
1738 1864 1790 1906 P.
1826 1863 1869 1905 13

231 1934 345 1978 faeci
372 1938 550 1979 metter’
574 1937 746 1990 auanti,
771 1944 817 1981 et
839 1943 1065 1994 prometto
1091 1935 1221 1980 diece
1247 1951 1394 1982 messe
1421 1952 1501 1994 per
1536 1938 1758 1995 principio
1789 1939 1863 1982 all’

227 2018 400 2065 autore,
426 2019 472 2056 et
493 2013 621 2057 diece
642 2028 722 2070 per
743 2013 774 2057 11
795 2015 908 2058 fine:
934 2014 1100 2070 perche
1122 2013 1209 2057 alla
1231 2015 1285 2057 P.
1311 2015 1368 2058 V.
1394 2029 1486 2058 non
1508 2029 1643 2071 posso
1665 2023 1866 2072 promet-

227 2091 309 2133 ter'
329 2088 406 2145 piu
427 2104 575 2134 messe
596 2090 642 2134 di
664 2092 813 2147 quelle
835 2092 920 2135 che
943 2090 1060 2134 dico.
1088 2091 1153 2134 Le
1181 2105 1288 2136 cose
1310 2093 1395 2135 che
1417 2092 1624 2136 desidera
1652 2093 1695 2135 13
1723 2095 1771 2136 Ρ.
1803 2094 1862 2136 V.

224 2165 284 2208 da
304 2174 464 2221 queste
485 2167 720 2223 prouincie
741 2168 783 2212 le
804 2167 1047 2223 procurato
1070 2166 1130 2220 io,
1155 2174 1202 2212 et
1231 2167 1554 2224 specialmente
1590 2171 1650 2212 ho
1686 2170 1792 2213 data
1824 2170 1868 2213 13

222 2255 335 2285 61113
356 2243 398 2286 31
421 2245 474 2286 P.
502 2244 739 2298 Ximenez,
764 2258 892 2287 corne
925 2246 982 2288 V.
1018 2246 1070 2288 P.
1103 2244 1278 2298 ordina,
1314 2244 1412 2289 cioe
1443 2245 1489 2289 di
1526 2247 1730 2289 mandar'
1761 2246 1866 2290 lista

224 2317 328 2361 delli
352 2320 558 2375 professi,
583 2327 671 2364 etc.
697 2320 785 2364 Dio
807 2328 963 2364 nostro
985 2320 1171 2378 signore
1193 2321 1366 2366 31111313
1386 2323 1430 2366 13
1453 2325 1506 2366 Ρ.
1528 2324 1586 2367 V.
1608 2324 1725 2367 nella
1742 2338 1864 2367 noua

223 2408 333 2438 cura
355 2395 412 2440 de
434 2397 763 2451 cathecumeni,
790 2406 835 2443 et
856 2397 900 2442 io
922 2397 1065 2455 piglio
1090 2399 1244 2442 buona
1264 2413 1482 2455 speranza
1499 2402 1585 2445 che
1600 2400 1675 2457 poi
1697 2401 1739 2443 la
1756 2415 1858 2444 san-

224 2471 307 2516 1113
322 2471 367 2515 (11
389 2481 546 2517 nostro
563 2473 748 2531 signore
765 2476 824 2518 ha
840 2476 1030 2518 fundata
1047 2482 1093 2520 et
1109 2476 1264 2519 dotata
1282 2477 1312 2519 l'
1331 2475 1638 2532 inquisitione,
1658 2484 1704 2520 et
1725 2476 1860 2521 etiam

220 2549 436 2605 (secondo
458 2550 645 2595 intendo
666 2566 746 2608 per
768 2552 927 2596 lettere
947 2552 1022 2596 del
1043 2553 1176 2596 Rmo.
1202 2554 1475 2610 augustano)
1508 2554 1551 2597 13
1572 2567 1677 2597 casa
1698 2554 1755 2596 de
1783 2568 1862 2598 ca-

294 2688 303 2708 ¹
355 2686 455 2722 Acta
472 2687 521 2723 de
539 2687 682 2734 quibus
699 2687 870 2724 diximus
889 2699 1019 2735 supra,
1039 2688 1156 2735 epist.
1176 2688 1261 2735 462,
1280 2701 1319 2726 n.
1339 2698 1380 2735 7.

290 2747 304 2766 ²
354 2745 578 2782 Memoriale
607 2758 630 2782 a
658 2748 706 2783 P.
743 2747 967 2794 Gonealves
998 2747 1202 2795 scriptum,
1232 2748 1335 2796 quod
1367 2760 1456 2785 eum
1482 2749 1570 2785 aliis
1596 2750 1861 2786 monumentis

223 2802 453 2850 Ignatianis‚
470 2805 557 2841 Deo
575 2805 747 2849 favente,
768 2807 943 2843 edemus.

288 2861 302 2882 ³
353 2861 455 2897 Vide
473 2874 588 2910 supra
605 2875 700 2911 pag.
723 2864 808 2912 365,
827 2870 964 2901 annot.
990 2873 1024 2900 2.

287 2921 302 2942 ⁴
351 2919 491 2957 Sermo
510 2927 571 2958 est
589 2922 638 2958 de
657 2925 897 2971 autographo
917 2923 1202 2971 «ephemeridis
1219 2923 1261 2960 S.
1280 2924 1329 2961 P.
1353 2925 1511 2971 Ignatii,
1531 2925 1571 2961 in
1588 2936 1704 2972 quam
1718 2924 1863 2961 refere-

218 2980 285 3014 bat
309 2978 460 3015 interna
485 2981 629 3018 mentis
653 2994 769 3019 sensa
792 2983 885 3019 dum
911 2982 1222 3019 Constitutiones
1244 2983 1421 3020 ederet».
1452 2985 1539 3020 Hoc
1563 2989 1861 3020 monumentum

214 3037 338 3073 edidit
356 3038 402 3074 P.
427 3047 484 3074 DE
500 3047 555 3076 LA
572 3040 733 3084 Tolum,
753 3043 793 3078 in
811 3041 912 3078 libro
928 3042 991 3078 cui
1010 3042 1161 3078 titulus:
1182 3041 1518 3080 «Constitutiones
1536 3043 1745 3079 Societatis
1759 3044 1860 3090 Jesu

217 3097 360 3133 latinae
378 3103 419 3134 et
435 3097 705 3146 hispanicae.»
725 3101 886 3144 Matriti‚
909 3101 1014 3148 1892,
1035 3112 1124 3148 pag.
1144 3100 1229 3147 349.
