2228 3548
851 282 894 319 14
919 272 1186 310 SEPTEMBms
1215 272 1306 317 1566
1780 272 1850 319 235

255 377 300 422 A
322 376 430 420 tutti
451 376 527 420 noi
550 376 591 420 ci
612 378 672 420 ha
694 377 905 421 edificato
926 377 970 420 la
990 377 1144 419 buona
1173 376 1363 419 uolonta
1384 376 1458 419 del
1479 389 1678 419 vescouo
1704 383 1751 421 et
1772 377 1898 433 capi—

258 455 373 506 tulo,
398 461 444 499 et
465 455 504 497 si
525 469 606 510 per
627 455 670 498 13
692 454 928 499 diuotione
949 453 995 497 di
1018 453 1108 498 essi
1137 467 1271 497 uerso
1295 454 1339 496 la
1361 453 1667 510 Compagnia,
1692 453 1731 497 si
1758 453 1895 499 etiam

259 532 425 588 perche
446 531 484 575 si
514 546 645 588 spera
675 532 816 575 frutto
844 532 1018 589 grande
1046 530 1094 574 in
1122 531 1271 586 quella
1301 530 1432 583 citta,
1457 530 1499 574 ci
1529 545 1635 587 pare
1664 530 1702 574 si
1731 531 1899 576 debbia

261 615 388 652 tener
414 615 551 652 conto
578 623 663 652 con
693 610 735 652 la
763 608 1063 652 satisfattione
1090 608 1208 660 loro,
1238 615 1511 664 presuposto
1539 609 1624 652 che
1652 607 1696 651 di
1725 608 1769 651 la
1796 622 1895 651 mo-

259 695 413 729 strano
434 687 577 729 hauer
599 693 738 742 gente
760 686 790 728 li
817 685 979 729 nostri.
1006 687 1080 728 Ma
1102 685 1207 740 quel
1228 684 1384 740 obligo
1405 683 1449 727 di
1472 685 1553 727 dar
1573 684 1828 741 predicator
1848 692 1896 730 et

259 763 394 806 lettor
421 763 468 806 in
498 763 750 820 theologia,
775 763 974 808 secondo
1005 763 1090 807 che
1120 763 1216 805 loro
1244 768 1476 805 mostrano
1499 762 1771 815 intenderlo,
1802 777 1895 806 non

257 840 496 893 conuiene‚
522 842 579 884 ne
601 842 626 884 e
649 841 882 885 conforme
903 841 946 883 al
962 847 1120 884 nostro
1142 838 1367 893 institut03
1388 840 1553 895 perche
1569 838 1607 882 si
1624 839 1714 882 ben
1731 840 1774 884 la
1790 854 1897 896 pre-

258 917 359 960 dica
381 924 425 962 et
447 917 636 962 lettione
658 919 743 962 che
771 917 1019 971 ricercano,
1051 916 1089 960 si
1117 916 1263 973 soglia
1292 917 1406 970 fare,
1438 923 1484 959 et
1511 917 1656 959 anche
1683 916 1731 960 in
1763 916 1895 973 Spira

258 994 360 1051 paia
381 996 440 1038 da
459 994 687 1039 desiderar
711 994 788 1051 pisi
811 996 897 1038 che
919 995 1110 1047 altroue‚
1130 1008 1222 1036 non
1244 994 1270 1037 e
1292 993 1400 1049 pero
1422 1000 1576 1036 nostra
1598 993 1894 1038 consuetudi-

259 1086 317 1115 ne
338 1072 396 1115 ne
422 1071 630 1115 instituto
655 1071 874 1129 obligarci
896 1087 922 1115 a
950 1078 1126 1127 questo.
1152 1072 1200 1114 Io
1225 1071 1438 1127 rispondo
1465 1071 1507 1114 al
1536 1070 1733 1127 capitulo
1756 1073 1784 1123 ¹,
1810 1073 1896 1116 che

262 1150 319 1193 V.
346 1150 400 1192 R.
430 1151 613 1206 passara
633 1149 679 1191 di
701 1150 744 1193 la
765 1156 933 1205 presto,
954 1155 999 1193 et
1015 1149 1100 1193 che
1115 1148 1177 1191 mi
1199 1147 1381 1191 rimetto
1403 1162 1430 1191 a
1446 1147 1520 1201 lei,
1540 1162 1667 1191 corne
1690 1149 1734 1191 lo
1752 1148 1897 1192 saccio

262 1226 524 1279 realmente;
550 1225 595 1268 in
619 1232 779 1281 questo
801 1226 936 1268 modo
959 1225 1084 1281 pero,
1105 1226 1190 1269 che
1207 1223 1376 1268 restino
1392 1224 1598 1280 spianate
1615 1225 1656 1268 le
1678 1224 1897 1268 difficulta

263 1303 320 1346 de
342 1303 385 1345 la
406 1302 588 1359 predica
604 1309 649 1346 et
671 1302 858 1346 lettione
876 1301 1147 1358 theologica,
1168 1301 1214 1344 in
1231 1302 1367 1344 modo
1384 1303 1470 1346 che
1486 1316 1578 1344 non
1595 1300 1722 1345 siano
1738 1309 1895 1345 contra

265 1386 420 1424 nostro
441 1379 665 1422 instituto.
693 1379 908 1424 Tuttauia
930 1394 979 1423 se
996 1380 1053 1423 V.
1075 1380 1128 1422 R.
1151 1378 1384 1436 giudicara
1401 1380 1486 1422 che
1502 1378 1724 1422 conuiene
1742 1386 1895 1423 accet-

265 1464 332 1501 tar
350 1457 454 1512 quel
471 1456 679 1513 collegio,
694 1456 829 1500 etiam
848 1459 932 1500 che
949 1457 990 1500 le
1008 1455 1226 1499 difficulta
1243 1455 1369 1500 siano
1386 1456 1512 1510 tolte‚
1527 1456 1748 1499 concluda
1770 1455 1814 1498 in
1834 1457 1895 1499 tal

262 1533 399 1577 modo
422 1533 453 1576 il
470 1533 679 1590 negocio,
699 1535 784 1577 che
805 1534 849 1577 la
869 1533 1212 1577 confirmatione
1233 1532 1270 1576 si
1292 1532 1455 1590 aspetti
1473 1533 1531 1576 da
1546 1547 1633 1576 me.
1655 1533 1716 1578 Se
1733 1547 1818 1589 pur
1834 1533 1893 1576 lei

264 1610 502 1667 giudicasi,
522 1611 639 1666 quod
655 1611 714 1653 sit
723 1611 982 1667 periculum
1002 1611 1051 1653 in
1070 1625 1213 1663 mora,
1230 1617 1277 1653 et
1293 1611 1378 1654 che
1394 1624 1499 1654 cose
1516 1612 1600 1654 che
1618 1610 1830 1666 pendono
1847 1610 1893 1653 di

264 1687 478 1744 capitulo,
502 1687 540 1731 si
561 1688 743 1732 deuono
764 1688 991 1745 stringere
1014 1688 1195 1743 quando
1216 1687 1379 1744 paiono
1400 1687 1711 1740 conuenienti,
1736 1695 1782 1731 et
1803 1701 1894 1730 non

266 1764 459 1808 lasciarli
477 1772 630 1808 tornar
647 1780 672 1808 a
690 1764 830 1808 nuoui
847 1764 1073 1821 suffragij,
1094 1766 1214 1808 stara
1230 1763 1277 1807 in
1292 1779 1427 1808 mano
1440 1764 1486 1807 di
1500 1766 1557 1808 V.
1577 1766 1630 1808 R.
1652 1765 1899 1808 concluder

264 1841 296 1884 il
318 1849 437 1885 tutto
459 1843 836 1895 absolutamente,
857 1842 991 1886 etiam
1009 1857 1145 1886 senza
1167 1849 1366 1898 aspettar
1381 1841 1471 1885 mia
1492 1841 1685 1898 risposta
1702 1843 1736 1884 ³.
1760 1843 1897 1885 Potra

265 1921 410 1964 anche
431 1919 597 1976 pigliar
619 1934 726 1964 seco
749 1921 791 1963 al
814 1921 867 1963 P.
892 1919 1095 1963 Antonio
1117 1918 1284 1971 Vinch,
1307 1926 1354 1963 et
1375 1919 1564 1964 insieme
1586 1920 1658 1962 col
1681 1921 1734 1962 P.
1761 1920 1899 1963 Lam-

263 1996 392 2041 berto
415 1998 448 2050 ³,
474 1997 736 2040 ascoltando
758 1997 787 2039 li
811 1996 958 2053 pareri
980 1997 1091 2049 loro,
1111 2011 1160 2040 se
1183 1995 1364 2040 risolua.
1390 1997 1521 2041 Nelle
1542 1996 1734 2039 orationi
1755 2004 1801 2040 et
1822 2010 1898 2039 sa-

262 2072 416 2128 crificij
441 2073 486 2116 di
509 2074 566 2116 V.
594 2075 647 2116 R.
669 2074 809 2116 molto
831 2074 881 2115 in
898 2074 1098 2116 Domino
1113 2072 1174 2115 mi
1192 2074 1506 2117 raccomando.
1528 2073 1587 2116 Di
1604 2075 1765 2125 Roma,
1786 2073 1816 2116 li
1839 2085 1892 2127 14

262 2148 308 2191 di
338 2149 595 2194 Settembre
631 2151 757 2204 1566.
791 2151 967 2205 Questa
994 2150 1171 2194 doueua
1201 2150 1520 2194 sottoscriuere
1548 2158 1703 2194 nostro
1728 2150 1891 2202 Padre,

263 2232 310 2269 et
330 2240 410 2282 per
431 2233 524 2269 star
546 2240 609 2268 un
638 2241 751 2283 poco
778 2226 1046 2282 indisposto,
1072 2227 1116 2270 lo
1145 2227 1241 2271 faro
1268 2227 1312 2271 io
1338 2227 1386 2270 in
1409 2242 1493 2271 suo
1515 2229 1628 2270 loco.
1656 2229 1726 2271 De
1748 2228 1805 2271 V.
1832 2228 1888 2270 R.

267 2317 401 2347 seruo
429 2303 476 2346 in
505 2302 607 2355 X.⁰‚
632 2319 712 2360 per
740 2303 1059 2348 commissione
1086 2305 1143 2348 de
1169 2311 1325 2348 nostro
1352 2306 1501 2350 Padre
1528 2304 1775 2362 preposito,

1042 2381 1071 2439 †
1095 2383 1285 2439 JoANNE
1314 2395 1378 2426 DE
1411 2384 1656 2426 POLANco.
1691 2380 1720 2438 †

358 2458 602 2513 Inscriptio
625 2458 674 2500 in
697 2462 864 2514 quarta
878 2459 1077 2515 pagina:
1098 2457 1128 2516 †
1150 2458 1211 2502 Al
1226 2460 1365 2503 molto
1382 2461 1496 2503 Rdo.
1518 2459 1564 2502 in
1586 2460 1707 2514 Xpo.
1732 2458 1896 2510 Padre,

267 2533 297 2576 il
322 2535 374 2577 P.
399 2535 459 2577 D.
486 2535 641 2586 Natal,
662 2534 867 2578 visitator
898 2535 1016 2579 nelle
1043 2534 1269 2591 Prouintie
1295 2535 1342 2578 di
1369 2535 1614 2581 Germania
1636 2542 1682 2578 et
1710 2533 1901 2578 Francia

267 2611 386 2655 della
414 2612 695 2668 Compagnia
725 2611 771 2654 di
799 2611 959 2664 Giessl,
990 2611 1036 2654 in
1063 2612 1294 2669 Augusta,
1319 2628 1348 2657 o
1373 2615 1492 2657 doue
1514 2613 1551 2656 si
1581 2621 1759 2655 truoua.
1794 2611 1903 2654 Alia

266 2702 409 2730 manu
425 2703 440 2731 .·
461 2688 685 2733 Riceuuta
707 2688 780 2731 alli
803 2688 894 2744 xiiij
920 2688 964 2731 di
988 2689 1096 2732 8.¹³¹'e
1114 2723 1124 2732 .
1154 2689 1303 2733 Manu
1330 2692 1496 2734 Patris
1529 2690 1685 2733 Nadal
1701 2704 1714 2731 .·
1736 2688 1906 2744 Quella

265 2763 311 2806 di
338 2777 388 2807 12
411 2765 454 2808 la
477 2765 680 2820 esquinsi
702 2765 746 2808 io
768 2766 801 2809 ⁴.
828 2767 881 2809 R.
908 2766 1069 2823 sigilli
1089 2767 1350 2824 vestigium.

334 2905 345 2926 ¹
398 2906 508 2942 Haec
525 2907 692 2954 epistola
709 2907 904 2955 reperitur
923 2906 964 2944 in
980 2907 1168 2955 Regesto‚
1191 2907 1293 2945 (3οά.
1317 2919 1376 2956 33,
1387 2910 1448 2957 f),
1467 2909 1539 2945 fol.
1566 2909 1627 2944 181
1641 2935 1650 2944 .

340 2967 354 2986 ²
404 2964 506 3000 Vide
524 2966 640 3012 epist.
660 2974 744 3012 417,
764 2979 808 3002 n.
832 2967 868 3011 83
890 2971 931 3002 et
948 2967 1116 3014 append.
1135 2967 1206 3014 VI,
1225 2968 1300 3004 VII
1317 2974 1358 3005 et
1374 2970 1466 3005 XX.

339 3025 353 3044 ³
403 3024 526 3070 Auer,
544 3030 672 3060 rector
690 3025 911 3071 moguntini
928 3026 1102 3072 collegii.

275 3088 283 3095 ‘
341 3084 357 3104 ⁴
406 3083 657 3120 Catalaunice
675 3084 878 3131 scriptum:
899 3084 1108 3131 significat:
1128 3085 1356 3133 Epistolam
1375 3088 1439 3124 die
1463 3097 1509 3123 12
1534 3088 1672 3123 datam
1691 3097 1763 3134 ego
1786 3084 1906 3121 scidi.
