2228 3548
797 232 839 274 21
869 223 1139 260 Sam-numus
1168 223 1259 282 3567
1736 234 1780 293 53
1785 235 1806 271 5

293 327 536 382 Inscriptio
557 327 610 369 in
632 328 801 382 quarta
817 326 1003 386 pagina
1019 340 1033 368 :
1048 327 1184 383 JhuS.
1210 325 1272 369 Al
1293 325 1435 369 molto
1451 327 1568 370 Rd0‚
1596 327 1746 372 Padi-e
1770 343 1856 372 no-

203 410 299 447 stro
320 404 368 447 in
384 403 588 456 Christo,
628 403 659 446 il
682 404 738 463 P.
778 405 1036 447 Francesco
1072 402 1118 446 di
1142 402 1328 459 Borgia,
1369 404 1601 460 preposito
1638 407 1857 462 generale

203 480 324 525 della
346 480 633 537 Compagnia
653 480 711 524 de
732 480 894 533 Giesu,
920 486 1009 523 etc.
1037 481 1196 523 Roma.
1229 481 1339 524 Alia
1355 495 1517 523 manu:
1538 483 1583 525 b.
1604 497 1645 526 e.
1671 498 1716 539 p.
1738 498 1799 527 m.
1826 485 1856 542 †

204 559 260 602 C.
287 558 415 613 1567.
441 557 635 614 Liegge.
664 560 717 601 Ρ.
744 557 896 601 Natal.
929 570 982 611 14
1003 556 1047 600 d'
1069 558 1262 613 Agosto.
1294 558 1547 616 Vestigium
1576 561 1742 617 sigilli.

971 667 1101 709 1196

686 752 727 788 S.
755 751 1092 789 FRANCISCUS
1118 753 1190 788 DE
1215 752 1388 799 BORJA

545 818 751 862 PATRI
794 819 1227 862 HIERONYMO
1270 819 1523 864 NADAL

682 902 878 939 Tuscum,
894 902 936 929 21
957 902 1221 932 SEPTEMBms
1243 895 1334 940 1567
1351 898 1376 932 ¹.

203 982 237 1009 Ι.
258 972 319 1009 De
334 971 620 1018 promovendis
636 971 692 1006 ad
704 970 868 1007 ordines
883 979 1121 1006 sacros.—2.
1141 970 1203 1005 De
1213 969 1407 1017 formula
1422 971 1466 1007 in
1480 973 1746 1021 collegiorum
1752 975 1858 1022 fun-

253 1033 418 1068 datione
435 1031 623 1067 tenenda:
636 1029 950 1076 provinciarum
967 1039 994 1064 a
1012 1028 1157 1065 Natali
1179 1029 1456 1075 inspecturum
1481 1043 1683 1078 quaenam
1701 1034 1739 1070 ei
1755 1046 1857 1071 cura

254 1091 536 1127 demandetur.
547 1110 584 1116 -
591 1099 625 1135 3.
638 1089 708 1137 ‚De
721 1088 994 1136 quorumdam
1006 1088 1208 1124 sociorum
1222 1089 1462 1131 mutatione,
1477 1093 1514 1126 et
1528 1092 1576 1127 de
1589 1093 1758 1140 collegio
1770 1095 1857 1130 her—

254 1149 458 1196 bipolensi.
470 1158 551 1194 —4.
571 1149 657 1184 Rex
671 1139 896 1194 Hispaniae
908 1145 953 1182 in
968 1145 1215 1182 Flandriam
1233 1158 1314 1182 non
1328 1158 1368 1183 se
1381 1148 1554 1195 confert:
1569 1151 1616 1186 de
1630 1152 1790 1198 scriptis
1803 1155 1859 1189 ad

256 1209 384 1245 vitam
397 1209 437 1244 S.
455 1208 612 1256 Ignatii
622 1206 902 1253 spectantibus.
913 1226 948 1232 -
955 1215 992 1250 5.
1006 1206 1066 1242 De
1077 1207 1246 1254 collegio
1260 1206 1470 1243 leodiensi:
1479 1209 1528 1243 de
1541 1209 1703 1246 Simone
1717 1213 1860 1259 anglo.-

254 1269 354 1315 quid
376 1269 424 1304 de
447 1269 565 1303 domo
587 1266 863 1313 antverpiensi
886 1265 1253 1301 statuendum-6.
1282 1265 1344 1301 De
1369 1266 1486 1302 rebus
1509 1268 1565 1303 ad
1581 1268 1710 1315 fidem
1731 1271 1860 1316 perti-

256 1328 440 1365 nentibus
457 1339 538 1363 non
553 1327 862 1374 disputandum,
884 1326 964 1361 nisi
982 1326 1025 1362 in
1043 1325 1285 1362 scholasticis
1308 1326 1524 1362 exercitiis.

304 1419 350 1451 Ι.
411 1407 543 1464 Jhus.
571 1405 720 1449 Molto
750 1405 864 1448 Rdo.
891 1403 1086 1461 in‘Xpo.
1115 1403 1278 1448 Padre.
1303 1405 1401 1448 Pax
1424 1404 1552 1462 Xpi.,
1578 1413 1668 1450 ete.
1695 1409 1772 1451 Ho
1796 1409 1859 1451 ri-

209 1490 376 1528 ceuuto
393 1483 544 1539 quelle
558 1482 604 1525 di
622 1483 678 1526 V.
691 1483 750 1529 R.
763 1515 773 1534 ,
786 1481 831 1525 di
849 1494 901 1536 14
917 1482 960 1524 d'
979 1482 1178 1538 Agosto,
1189 1487 1236 1525 et
1252 1481 1403 1525 alcun’
1422 1482 1537 1526 altra
1552 1483 1631 1540 piu
1651 1485 1857 1540 ueechia,

210 1561 256 1604 di
277 1561 325 1606 S.
348 1560 494 1614 Vitto,
513 1559 560 1603 di
582 1575 611 1603 x
633 1559 679 1602 di
698 1559 902 1616 Maggio.
924 1560 982 1602 Et
998 1565 1170 1614 quanto
1186 1557 1262 1602 alli
1271 1561 1581 1615 promouendi
1596 1562 1657 1604 ad
1673 1563 1859 1607 ordines

194 1652 379 1693 sacros,
401 1639 462 1682 ho
483 1637 604 1681 uisto
625 1637 655 1680 il
677 1651 807 1694 parer
828 1636 874 1679 di
897 1637 955 1680 V.
982 1637 1036 1679 R.
1063 1642 1109 1679 et
1126 1649 1293 1680 ancora
1308 1636 1339 1679 l’
1358 1637 1418 1680 ho
1435 1637 1645 1682 rieeuuto
1667 1639 1714 1682 di
1733 1641 1860 1684 molti

212 1715 315 1760 altri
336 1714 620 1772 prouinciali.
646 1713 836 1758 Restara
860 1712 1182 1757 raecomandar
1203 1713 1247 1757 la
1267 1726 1375 1757 cosa
1395 1728 1422 1758 a
1443 1714 1532 1758 Dio
1556 1717 1613 1759 N.
1636 1717 1701 1776 S„
1722 1725 1767 1761 et
1789 1718 1859 1774 pi-

213 1791 330 1850 gliar
351 1792 546 1848 qualche
567 1791 821 1835 risolution.
844 1791 894 1833 In
916 1796 1079 1845 questo
1092 1803 1223 1833 mezo
1239 1790 1490 1836 solamente
1508 1793 1640 1848 quisi
1657 1809 1741 1837 son
1759 1795 1860 1838 fatti

213 1882 242 1924 4
263 1868 455 1926 professi
477 1868 524 1911 di
548 1882 573 1924 3
598 1868 712 1921 uoti,
738 1867 903 1924 perche
925 1866 1019 1910 cosi
1042 1881 1174 1922 parse
1195 1867 1517 1930 conueniente,
1541 1870 1692 1914 dando
1714 1886 1862 1928 segno

211 1947 270 1991 de
291 1947 335 1990 la
357 1946 548 1990 uolunta
569 1947 654 1989 che
676 1945 717 1988 ci
745 1946 769 1989 ὲ
791 1944 837 1988 di
866 1943 1066 1988 obedire.
1093 1943 1143 1988 Si
1166 1943 1286 1988 tiene
1306 1945 1418 2002 pero
1439 1954 1603 2002 questo
1625 1956 1855 2003 coneetto,

210 2025 296 2069 che
318 2030 479 2079 questa
501 2022 784 2080 professione
806 2022 851 2064 di
882 2035 906 2076 3
938 2020 1034 2064 uoti
1062 2035 1154 2064 non
1183 2020 1402 2078 impedita
1424 2024 1509 2066 che
1539 2039 1631 2068 non
1660 2025 1698 2068 si
1726 2040 1860 2081 possa

211 2102 307 2145 fare
329 2101 444 2144 altra
466 2099 512 2143 di
534 2113 578 2154 4,
604 2099 788 2155 quando
809 2098 856 2141 in
879 2099 1108 2154 qualeuno
1129 2098 1300 2155 paressi
1322 2099 1511 2144 doueria
1535 2101 1656 2144 farsi.

301 2188 344 2221 2.
411 2178 598 2232 Quanto
620 2176 707 2219 alla
730 2176 922 2218 formula
942 2174 989 2217 di
1011 2176 1079 2218 far
1100 2175 1315 2219 contratti
1330 2177 1450 2220 nelle
1472 2178 1746 2231 fundationi,
1766 2194 1859 2223 non

213 2252 252 2296 si
274 2253 298 2296 ὲ
322 2253 434 2296 satta
462 2266 569 2295 cosa
590 2266 712 2295 noua
738 2259 775 2304 a,
801 2266 851 2295 se
880 2266 972 2294 non
999 2252 1084 2295 che
1112 2266 1221 2308 pare
1250 2251 1289 2295 si
1316 2252 1544 2299 debbiano
1566 2256 1793 2311 guardare
1815 2256 1859 2299 16

213 2330 335 2374 bolle
357 2336 402 2374 et
425 2328 763 2383 conststucioni,
789 2336 834 2373 et
857 2329 963 2384 quel
984 2328 1168 2373 decreto
1189 2329 1247 2373 de
1267 2329 1311 2374 la
1331 2332 1691 2388 congregatione
1714 2347 1858 2389 gene-

215 2407 309 2451 rale
331 2408 417 2452 che
439 2407 496 2450 V.
523 2407 574 2450 R.
599 2420 663 2450 sa.
690 2406 778 2450 Del
799 2420 891 2449 non
919 2407 1062 2450 hauer
1093 2407 1232 2462 [cura]
1261 2405 1349 2452 bde
1370 2408 1484 2452 altre
1512 2408 1748 2464 prouineie
1782 2409 1859 2466 gia

215 2483 398 2528 uisitate
420 2484 580 2540 per-V.
607 2484 683 2537 R.,
709 2482 785 2538 gia
813 2482 843 2524 li
872 2484 932 2526 ho
953 2482 1112 2526 scritto
1133 2484 1220 2526 che
1241 2484 1267 2527 ὲ
1287 2483 1401 2539 cosi,
1426 2492 1473 2528 et
1501 2488 1673 2529 restara
1695 2486 1856 2541 libero,

216 2560 362 2604 uscito
390 2562 436 2604 d’
461 2575 553 2604 una
579 2559 831 2617 prouincia,
856 2560 914 2603 de
941 2559 985 2602 la
1013 2573 1122 2603 cura
1149 2560 1196 2603 d’
1221 2562 1300 2604 un’
1331 2562 1445 2605 altra
1474 2569 1509 2615 0,
1535 2577 1591 2605 en
1622 2570 1792 2617 quanto
1815 2563 1858 2606 16

283 2727 304 2748 a
342 2720 529 2768 Sequitur
549 2733 617 2756 ma
647 2720 911 2756 obliteratum.
929 2720 986 2747 -b
1010 2719 1097 2755 Hoc
1121 2720 1232 2756 verb.
1253 2720 1380 2757 omitt.
1408 2722 1627 2757 archet.—c
1662 2730 1703 2766 15
1736 2724 1857 2759 verba

210 2791 323 2827 seqq.
343 2779 493 2815 addidit
510 2779 653 2826 Borgia
671 2780 775 2816 inter
799 2790 902 2814 vers.

286 2918 295 2937 ¹
347 2917 407 2952 Ex
425 2917 651 2964 archetypo,
671 2916 711 2954 in
732 2916 827 2953 Cod.
858 2926 921 2961 34,
947 2914 1094 2962 duplici
1118 2914 1201 2959 fol„
1229 2915 1299 2951 213
1320 2916 1422 2963 (134,
1444 2916 1540 2962 135).
1567 2917 1685 2953 Varia
1709 2917 1860 2954 addidit

215 2975 359 3022 Borgia
376 2987 447 3011 sua
464 2986 596 3022 manu,
610 2981 654 3011 ut
671 2976 826 3023 proprio
843 2976 929 3011 loco
947 2982 1140 3010 notamus.
1161 2973 1262 3010 Vide
1279 2975 1395 3023 epist.
1415 2975 1500 3023 483,
1515 2987 1600 3022 494,
1616 2981 1656 3013 et
1672 2985 1758 3023 495,
1775 2978 1858 3024 qui·

218 3036 293 3072 bus
310 3035 374 3072 hie
391 3035 662 3082 respondetur.
