2228 3548
920 278 961 307 11
989 271 1159 308 Apmus
1187 271 1279 318 1567
1791 269 1863 317 435

273 372 440 427 anime,
465 378 512 417 et
530 372 741 430 maggior
762 371 1094 418 existimatione
1114 373 1232 419 della
1253 373 1538 431 Compagnia
1564 380 1611 419 et
1642 379 1908 430 augmentO.

275 451 359 496 Sta
378 463 512 507 persa
538 451 688 506 quella
714 450 805 495 cita
831 457 878 496 et
910 451 1016 506 quel
1047 451 1215 495 ducato
1247 457 1374 495 tanto
1401 451 1592 508 grande,
1617 457 1663 494 et
1690 449 1732 493 ci
1753 452 1779 494 0
1804 464 1912 507 spe·

277 542 430 580 ranza,
452 541 582 572 come
603 527 627 571 ὲ
648 534 766 572 stata
785 528 904 572 nelle
925 528 1038 572 altre
1054 527 1169 584 parti
1184 527 1230 571 di
1247 528 1509 581 Germania,
1529 529 1615 573 che
1635 541 1723 571 con
1738 542 1801 571 vn
1817 527 1914 571 col-

279 604 401 662 legio
422 605 540 649 della
561 604 846 662 Compagnia
867 604 903 648 s'
926 604 1116 649 aiutara:
1141 620 1221 662 per
1242 605 1274 649 il
1294 606 1443 662 quale,
1468 620 1598 650 come
1626 606 1688 648 ho
1716 605 1862 657 detto,
1885 605 1913 648 0

279 681 537 727 necessario
559 697 621 725 vn
643 682 820 726 dottore
841 682 887 725 di
916 681 1147 739 theologia
1174 683 1436 728 eccellente.
1471 683 1506 726 Il
1527 688 1724 727 maestro
1750 681 1798 724 in
1826 680 1914 725 arti

276 758 415 803 etiam
437 760 462 803 0
482 759 739 804 necessario
764 766 802 814 ²,
826 766 873 803 et
893 760 1063 813 buono;
1087 760 1253 816 perche
1270 775 1350 817 per
1366 759 1412 803 di
1429 774 1521 815 qua
1537 758 1682 803 non‘si
1704 759 1795 815 puo
1818 765 1915 802 tro-

278 851 360 880 uar
381 837 521 879 nullo.
548 838 605 880 V.
632 838 684 880 Ρ.
712 836 771 880 mi
792 836 996 893 perdoni,
1021 852 1072 882 30
1093 852 1200 894 pare
1222 839 1307 881 che
1329 836 1473 881 saccio
1495 843 1656 893 troppo
1683 836 1906 880 instanza.

276 899 342 959 Mi
363 928 469 970 pare
491 915 577 958 che
598 913 659 956 mi
682 927 850 956 muoue
871 913 902 956 il
923 914 1021 958 zelo
1042 915 1127 958 che
1149 914 1210 957 ho
1231 913 1278 957 di
1306 920 1430 957 tanta
1456 913 1634 957 infinita
1661 911 1844 956 miseria
1865 911 1913 955 in

275 997 439 1048 questa
466 990 730 1043 Germania,
753 990 1075 1047 specialmente
1094 990 1141 1034 in
1169 999 1330 1047 questo
1352 998 1518 1048 tempo,
1545 992 1632 1035 che
1659 990 1759 1034 solo
1780 989 1812 1032 11
1834 1004 1916 1033 111-

280 1082 408 1111 more
429 1068 546 1112 della
567 1076 737 1112 venuta
756 1067 831 1112 del
853 1082 902 1112 re
919 1066 1129 1124 Philippo
1150 1068 1368 1111 confirma
1389 1067 1720 1112 mirabilmente
1741 1066 1816 1111 alli
1834 1081 1915 1110 ca-

285 1144 455 1197 tholici,
480 1152 526 1188 et
554 1159 746 1201 prepara
781 1135 991 1202 maggior
1027 1159 1174 1190 messe
1208 1145 1295 1188 alla
1331 1144 1614 1202 Compagnia
1638 1146 1675 1188 ὓ.
1703 1144 1757 1189 Ci
1784 1146 1811 1189 0
1838 1143 1917 1188 un’

286 1223 400 1266 altra
420 1236 558 1266 causa
574 1236 715 1279 graue
737 1236 818 1279 per
838 1221 994 1268 hauer'
1017 1222 1234 1280 theologo
1255 1223 1394 1266 molto
1414 1223 1570 1266 buono
1592 1222 1638 1265 in
1660 1221 1915 1279 Herbipoli:

287 1301 374 1344 che
394 1301 436 1343 c’
461 1301 486 1343 0
508 1314 570 1342 vn
607 1300 721 1345 frate
757 1300 814 1344 de
845 1307 976 1343 santo
996 1299 1252 1353 Dominico‚
1277 1300 1411 1357 quale
1438 1300 1544 1343 vuol
1572 1301 1667 1344 fare
1693 1301 1919 1356 suffraga-

288 1391 375 1422 neo
391 1375 421 1419 il
437 1390 636 1421 vescouo
659 1378 687 1429 ¹,
707 1378 793 1420 che
808 1376 832 1421 0
849 1377 991 1420 dotto:
1011 1383 1057 1422 et
1073 1377 1098 1421 ὲ
1115 1376 1328 1434 pericolo,
1347 1390 1398 1420 se
1419 1377 1450 1420 il
1469 1383 1625 1421 nostro
1646 1391 1741 1420 non
1762 1376 1787 1420 ὲ
1811 1376 1917 1427 tale,

286 1455 374 1498 che
395 1453 426 1496 il
448 1454 562 1497 frate
584 1469 675 1498 non
696 1454 924 1497 confonda
943 1452 974 1496 il
992 1453 1202 1511 collegio.
1227 1455 1298 1498 De
1319 1453 1458 1511 quelli
1477 1453 1665 1511 operarij
1695 1453 1754 1498 de
1775 1452 1921 1497 Frisia

284 1530 362 1588 gia
383 1529 534 1574 scrissi
556 1531 614 1573 da
635 1530 827 1574 Colonia
848 1530 935 1574 alla
957 1531 1011 1574 P.
1036 1532 1095 1575 V.

378 1621 419 1664 3.
485 1608 671 1664 Quanto
688 1608 731 1651 al
745 1608 1001 1664 prodromo,
1015 1621 1044 1651 0
1057 1621 1365 1664 praecursore,
1378 1607 1493 1652 della
1511 1607 1701 1664 risposta
1715 1607 1788 1652 del
1801 1608 1924 1662 Pay-

289 1699 348 1729 ua
369 1692 528 1729 contra
549 1684 801 1737 Kemnicio,
826 1683 870 1727 io
891 1683 953 1727 mi
974 1684 1168 1741 rallegro
1194 1685 1279 1728 che
1299 1684 1343 1728 13
1366 1686 1416 1729 P.
1440 1685 1497 1729 V.
1524 1699 1618 1728 non
1641 1683 1786 1728 faccia
1808 1684 1924 1727 altra

290 1762 520 1814 difficolta,
547 1762 591 1805 in
615 1768 632 1789 ‘²
662 1763 747 1806 che
767 1761 799 1804 il
824 1763 884 1805 D.
910 1762 1076 1805 Torres
1097 1768 1237 1805 metta
1257 1775 1392 1806 mano
1418 1776 1443 1805 3
1466 1769 1627 1818 questa
1648 1769 1849 1819 opereta,
1874 1775 1924 1804 se

292 1854 384 1883 non
406 1841 492 1884 che
513 1853 604 1882 non
626 1839 670 1882 13
696 1840 787 1895 puo
816 1839 913 1882 fare
934 1837 981 1880 in
1002 1852 1086 1882 suo
1114 1852 1248 1883 nome
1269 1838 1301 1883 ².
1333 1839 1399 1883 La
1428 1840 1480 1883 P.
1511 1840 1569 1883 V.
1595 1854 1675 1896 per
1703 1853 1831 1883 amor
1851 1839 1925 1880 del

292 1916 489 1974 Signore
526 1916 639 1960 sacci
677 1917 770 1960 fare
806 1922 968 1972 questo
1004 1916 1258 1972 prodromo,
1302 1930 1330 1960 o
1366 1930 1497 1961 come
1531 1917 1575 1960 lo
1613 1918 1745 1960 vorra
1776 1915 1872 1959 dire
1895 1915 1925 1958 il

293 1995 352 2039 D.
379 1995 546 2038 Torres
568 1995 602 2048 ³,
626 2001 672 2037 et
693 2007 766 2037 me
787 1994 832 2037 lo
853 1992 1006 2036 mandi
1027 2007 1053 2036 a
1076 2007 1163 2046 me,
1188 2007 1216 2036 0
1237 1992 1381 2051 prima
1407 1994 1449 2038 al
1473 1995 1525 2037 Ρ.
1558 1992 1759 2046 Canisio,
1784 1999 1831 2037 et
1848 2008 1926 2048 per

292 2071 357 2114 lui
379 2086 404 2114 a
421 2086 508 2124 me;
539 2072 624 2114 che
645 2070 720 2114 noi
742 2071 927 2115 daremo
948 2069 1106 2114 ordine
1127 2084 1213 2114 con
1234 2070 1277 2115 la
1297 2070 1443 2128 gratia
1470 2071 1543 2116 del
1572 2070 1768 2127 Signore
1796 2084 1927 2114 come

293 2148 335 2192 si
355 2148 517 2205 stampi
540 2147 587 2190 in
609 2162 743 2191 nome
769 2146 812 2190 d’
840 2147 1027 2190 alchun'
1056 2147 1170 2190 altro
1206 2147 1456 2201 forastiero,
1480 2155 1526 2191 et
1562 2161 1655 2191 non
1676 2146 1715 2190 si
1746 2146 1874 2203 sappi
1897 2146 1928 2188 il

295 2240 404 2269 vero
422 2226 631 2278 authore,
650 2224 899 2268 dandoselo
917 2225 1005 2268 che
1021 2222 1087 2268 sia
1103 2238 1187 2268 suo
1202 2225 1398 2282 proprio,
1417 2232 1463 2270 et
1480 2224 1550 2268 ch’
1569 2225 1616 2267 in
1632 2238 1716 2267 suo
1733 2238 1867 2266 nome
1884 2224 1928 2266 10

297 2301 420 2358 possi
437 2308 599 2346 metter
617 2302 764 2354 fuora,
789 2315 919 2345 come
934 2300 1010 2357 gia
1026 2300 1266 2345 habbiamo
1287 2302 1400 2346 fatto
1416 2302 1464 2345 in
1486 2301 1603 2346 altri.
1626 2300 1926 2352 Intendiamo,

300 2378 463 2430 Padre,
489 2379 578 2421 che
606 2362 744 2434 quelli
770 2377 846 2422 doi
873 2377 982 2421 tomi
1008 2378 1066 2422 de
1093 2378 1346 2432 Kemnicio,
1378 2386 1537 2423 contra
1564 2378 1595 2421 il
1622 2377 1815 2422 concilio
1837 2376 1858 2404 ‘¹
1885 2384 1932 2421 et

302 2457 474 2512 Payua,
496 2457 557 2498 ha
580 2456 691 2498 fatto
713 2461 759 2498 et
780 2456 824 2498 fa
845 2454 1148 2511 grandissimo
1169 2455 1300 2508 male,
1324 2463 1370 2502 et
1385 2456 1577 2501 sarebbe
1598 2451 1713 2512 gran
1735 2453 1933 2499 seruicio

301 2533 376 2576 del
397 2532 594 2590 Signore
616 2531 887 2576 conculcare
909 2532 1038 2574 illum
1060 2531 1320 2576 nebulonem
1341 2539 1388 2577 et
1409 2532 1583 2577 aiutare
1604 2531 1677 2576 alli
1701 2529 1928 2575 catholici.

371 2677 392 2698 ⁹·
430 2679 452 2705 2
476 2670 597 2705 verba
623 2680 738 2715 seqq.
766 2666 915 2703 addidit
937 2666 1028 2703 libr.
1059 2679 1175 2715 supra
1197 2669 1373 2704 verS.-b
1393 2668 1607 2717 Sequentia
1625 2678 1747 2715 usque
1772 2666 1821 2702 ad
1845 2678 1934 2702 con-

290 2728 428 2776 fonda
446 2730 479 2764 il
495 2729 678 2776 collegiO,
697 2726 846 2763 addidit
863 2726 955 2763 libr.
977 2726 1079 2762 inter
1104 2738 1212 2763 vers.
1234 2733 1275 2763 et
1296 2728 1336 2764 in
1359 2736 1559 2775 marg.—0
1582 2728 1667 2763 Hoc
1690 2727 1803 2762 verb.
1827 2725 1935 2761 addi·

298 2787 358 2823 dit
375 2787 450 2824 libr
460 2814 470 2824 .
492 2799 608 2834 supra
626 2798 730 2823 vers.
746 2808 769 2813 -
781 2786 802 2814 d
816 2795 837 2822 2
851 2787 972 2822 verba
986 2797 1097 2833 seqq.
1117 2785 1265 2823 addidit
1278 2787 1370 2824 libr.
1389 2799 1505 2835 supra
1519 2799 1639 2833 vers.
1660 2831 1678 2838 ..

377 2906 387 2926 ¹
438 2905 658 2942 Fridericus
676 2917 699 2941 a
716 2905 939 2950 Wirsberg.

378 2967 392 2987 2
443 2964 544 3000 Vide
561 2964 666 3000 dicta
683 2975 814 3012 supra,
832 2963 948 3011 epist.
967 2962 1051 3010 382,
1071 2974 1110 2999 11.
1133 2971 1190 3008 103
1209 2962 1294 3011 391,
1313 2976 1351 3002 n.
1371 2975 1407 3010 43
1427 2963 1511 3011 393,
1530 2976 1571 3001 11.
1595 2963 1633 3008 3;
1658 2971 1744 3010 427,
1768 2974 1811 2999 n.
1840 2961 1877 3007 83
1897 2966 1939 2997 et

411 3036 450 3063 n.
501 3050 510 3060 .
1256 3055 1259 3057 .

303 3034 394 3104 459:
443 3034 676 3118 Fianciscus
694 3081 743 3118 de
760 3082 917 3126 Torres,
938 3081 1151 3118 Turrianus
1168 3081 1312 3129 passim
1329 3087 1588 3130 nuncupatus·
