2228 3548
446 272 488 308 18
955 269 1093 304 prs'r.
1122 269 1167 304 P.
1195 267 1348 303 NADAL
1362 265 1468 312 -357

389 373 630 429 adempire.
656 374 728 416 Da
750 372 981 428 Augusta,
1006 369 1081 413 alli
1102 384 1130 426 9
1152 368 1198 412 di
1222 370 1376 413 Marzo
1412 369 1539 424 1566.
1571 370 1643 413 De
1671 370 1729 413 V.
1765 370 1862 413 Ρ.ῑὲι
1891 369 2023 413 inutil

388 464 523 496 seruo
547 450 620 494 nel
643 449 856 506 Signore,

1342 590 1504 633 DIEGO
1535 529 1777 634 {IMENEL

474 680 716 735 Inscriptio
738 680 788 722 in
810 682 977 735 quarta
991 679 1192 735 pagina:
1208 679 1341 736 Jhus.
1367 677 1427 721 Al
1450 678 1590 722 molto
1611 678 1729 722 Rdo.
1761 679 1907 723 Padre
1932 694 2017 722 no-

383 764 478 800 stro
507 757 553 799 in
582 756 765 800 Christo
795 756 827 798 il
855 756 1003 800 Padre
1031 753 1287 799 Francesco
1327 754 1513 812 Borgia‚
1544 755 1772 812 preposito
1804 757 2018 813 generale

382 834 499 878 della
539 834 852 891 [Compagnia]
892 835 949 878 de
985 832 1145 886 Giesfl,
1181 839 1290 887 etc.‚
1326 847 1353 876 a
1384 834 1542 876 Roma.
1574 833 1682 876 Alia
1705 848 1861 876 manu:
1887 834 2014 889 1566.

382 911 552 968 Aug.ta
584 913 635 954 Ρ.
662 910 808 968 Diego
830 910 1068 964 Ximenez,
1093 926 1121 968 9
1144 912 1258 954 Mar.
1287 910 1341 954 C.
1367 910 1527 967 Sigilli
1546 910 1808 968 vestigium.

1137 1023 1251 1062 357

692 1110 761 1152 Ρ.
819 1107 1364 1152 HIERONYMUS
1425 1107 1704 1151 NADAL

787 1194 1000 1233 SANCTO
1025 1195 1327 1233 FRANCISCO
1346 1197 1416 1231 DE
1436 1194 1607 1242 BORJA

896 1275 1138 1312 AUGUSTAE,
1157 1278 1179 1313 9
1197 1276 1343 1303 MARTn
1358 1267 1448 1313 1566
1463 1267 1488 1301 ¹.

375 1356 408 1383 1.
426 1347 657 1394 Augustam
676 1346 785 1381 venit
803 1344 981 1380 Natalis:
999 1356 1024 1379 a
1043 1345 1176 1392 legato
1189 1344 1395 1392 pontificis
1407 1345 1573 1380 comiter
1586 1347 1783 1392 exceptus:
1801 1357 1891 1380 cum
1905 1357 2015 1381 exer-

420 1406 500 1442 citu
522 1406 564 1440 in
582 1408 719 1440 turcas
736 1404 853 1440 adire
870 1406 1143 1450 exoptat.-2.
1166 1404 1333 1439 Itineris
1349 1407 1557 1451 expensae:
1574 1404 1861 1451 imperatorem
1879 1407 1915 1440 et
1938 1405 2013 1440 im-

416 1465 661 1512 peratricem
679 1464 789 1500 brevi
804 1475 843 1499 se
867 1466 1158 1498 conventurum
1181 1465 1378 1510 sperat.-—
1392 1472 1426 1509 3.
1456 1462 1758 1510 Oenipontanos
1779 1464 1901 1500 socios
1925 1475 2014 1500 con-

416 1525 622 1571 greditur,
641 1534 705 1559 res
722 1523 882 1570 collegii
899 1523 1079 1558 ordinat.
1095 1532 1174 1567 7»4.
1198 1522 1531 1570 Ingolstadiensis
1553 1522 1715 1570 collegii
1738 1523 1901 1571 negotia
1923 1535 2013 1559 cum

418 1584 467 1618 P.
490 1584 638 1618 Pisano
657 1582 845 1618 consulit:
869 1582 961 1618 PP.
997 1581 1283 1618 Theodericum
1312 1581 1538 1624 Canisium‚
1566 1582 1897 1627 Stevordianum,
1923 1583 2013 1619 Pel·

418 1646 562 1678 tanum
579 1645 615 1678 et
634 1640 860 1687 Hoffaeum
887 1641 1123 1688 Augustam
1148 1644 1445 1686 convocat.—5.
1476 1641 1613 1677 Libros
1635 1644 1776 1677 contra
1798 1642 2016 1678 haereticos

418 1702 538 1738 scribi
567 1700 798 1737 curat.—6.
834 1701 1007 1747 Aliquae
1031 1700 1180 1736 nobiles
1203 1703 1414 1738 matronae
1444 1701 1622 1736 Patrum
1654 1701 1861 1750 Societatis
1890 1704 2012 1749 opera

421 1764 611 1798 utuntur.

466 1840 502 1871 Ι.
562 1829 693 1884 Jhus.
721 1827 862 1870 Molto
884 1826 998 1869 Rdo.
1025 1825 1072 1868 in
1100 1825 1185 1869 X.⁰
1210 1827 1356 1870 Padre
1384 1833 1561 1872 nostro.
1600 1829 1695 1870 Pax
1720 1826 1890 1870 Christi
1913 1834 2004 1871 etc.

373 1905 619 1956 Mercordi,
652 1906 736 1948 che
773 1905 936 1964 furono
979 1904 1006 1946 6
1042 1904 1114 1946 del
1151 1911 1363 1960 presente
1399 1918 1537 1957 mese,
1575 1903 1703 1947 scrisi
1743 1904 1829 1947 alla
1858 1906 1912 1948 P.
1944 1905 2003 1948 V.

371 1981 525 2025 subito
548 1983 632 2025 che
655 1980 796 2024 siamo
818 1980 963 2037 gionti
986 1995 1090 2036 qua,
1116 1980 1379 2024 auisandola
1405 1981 1523 2025 della
1548 1988 1702 2024 nostra
1723 1980 1936 2034 arriuata,
1962 1989 2007 2024 et

370 2059 414 2101 d’
434 2058 465 2100 il
487 2065 641 2102 nostro
672 2059 761 2101 ben
797 2064 918 2102 stare
940 2072 1026 2101 con
1054 2059 1096 2101 la
1132 2057 1287 2102 diuina
1318 2058 1479 2115 gratia.
1521 2059 1571 2102 In
1599 2065 1760 2114 questa
1781 2057 1879 2102 diro
1901 2059 2007 2114 quel

368 2141 494 2178 tanto
517 2136 590 2178 ch’
610 2135 656 2178 in
679 2134 827 2191 questi
849 2134 923 2178 doi
945 2135 1094 2191 giomi
1117 2137 1202 2179 che
1230 2135 1371 2179 siamo
1399 2135 1505 2179 stati
1533 2135 1581 2178 in
1613 2137 1829 2192 Augusta
1857 2135 1898 2179 ci
1927 2150 2007 2179 oe-

367 2227 508 2257 corre.
537 2212 740 2255 Essendo
761 2211 943 2255 arriuati
965 2211 1012 2254 in
1034 2213 1265 2269 Augusta,
1290 2213 1409 2256 ando
1431 2212 1584 2256 subito
1606 2212 1636 2255 il
1656 2215 1708 2256 Ρ.
1730 2212 1914 2256 Canisio
1932 2214 2006 2256 dal

367 2289 508 2332 Illmo.
534 2289 689 2345 legato
707 2289 722 2309 ²
746 2303 826 2345 per
844 2288 1108 2345 significarli
1126 2303 1256 2334 come
1283 2289 1359 2332 noi
1383 2303 1538 2333 eramo
1561 2289 1737 2344 uenuti,
1757 2296 1803 2333 et
1823 2291 1908 2333 che
1925 2304 2005 2346 per

363 2369 499 2410 esser’
519 2365 697 2409 stanehi
713 2365 830 2409 della
848 2366 936 2419 via,
957 2381 1016 2408 no
1033 2366 1285 2410 andauamo
1302 2367 1374 2410 all’
1395 2368 1506 2411 hora
1538 2367 1596 2410 da
1619 2368 1714 2412 Sua
1731 2365 1840 2412 S.ria
1864 2368 1998 2419 ΚΑΜ,

363 2444 406 2486 la
427 2444 559 2498 quale
581 2457 660 2499 per
682 2442 712 2484 il
734 2449 957 2499 seguente
980 2442 1141 2499 giorno
1169 2442 1210 2487 ci
1233 2444 1399 2488 mando
1417 2444 1473 2487 ad
1494 2443 1663 2487 inuitar
1691 2459 1717 2488 a
1744 2458 1928 2500 pranso,
1954 2451 2000 2487 et

363 2519 404 2563 ei
427 2519 624 2563 riceuete
646 2526 692 2563 et
715 2519 852 2562 tratti)
874 2520 1013 2562 molto
1038 2520 1398 2574 familiarmente,
1425 2527 1471 2566 et
1492 2535 1582 2564 con
1603 2521 1742 2564 molta
1758 2520 1999 2565 dimostra-

364 2596 472 2640 tion’
493 2598 536 2639 d’
557 2599 743 2640 honore.
764 2596 799 2639 Il
816 2602 935 2639 tutto
952 2596 1016 2640 sia
1034 2597 1206 2640 riferito
1226 2613 1252 2641 a
1269 2598 1395 2641 Iddio
1412 2604 1568 2641 nostro
1585 2597 1795 2654 Signore.
1808 2598 1856 2640 Io
1872 2598 2000 2642 offeri

362 2688 388 2716 a
411 2675 504 2719 Sua
527 2673 635 2718 S.¹'ia
656 2674 786 2716 Ill.ma
807 2673 838 2715 l’
858 2673 1122 2727 obedienza‚
1141 2676 1340 2719 secondo
1370 2676 1454 2719 che
1483 2675 1678 2728 doueua,
1703 2674 1741 2717 si
1762 2688 1893 2718 come
1915 2674 2002 2718 alla

357 2752 449 2796 Sffl
463 2750 508 2792 di
525 2758 681 2794 nostro
705 2750 904 2807 signore,
930 2757 976 2794 et
999 2765 1084 2794 eon
1107 2751 1355 2796 diuotione.
1389 2751 1603 2808 Risposse
1632 2765 1718 2794 con
1749 2751 1889 2795 molta
1911 2753 2000 2794 hu-

360 2826 529 2870 manit&
546 2834 590 2870 et
608 2825 910 2870 satisfattione
928 2834 1097 2871 nostra.
1120 2828 1379 2872 Habbiamo
1397 2829 1595 2871 anchora
1617 2827 1801 2872 uisitato
1820 2828 1862 2872 al
1879 2842 2001 2871 nun-

432 2954 441 2974 ¹
492 2952 550 2986 Ex
565 2952 822 2998 archetypo,a
836 2950 1013 2997 Jimenez
1029 2958 1203 2999 exarato,
1213 2958 1253 2989 et
1267 2952 1418 2989 Natalis
1432 2963 1548 2988 manu
1561 2952 1797 3000 subscripto,
1809 2952 1849 2989 in
1863 2952 1994 3000 Epist.

356 3010 510 3058 Natat„
532 3011 584 3056 11,
604 3009 750 3057 duplici
768 3009 861 3055 fol„
882 3019 948 3047 102
967 3012 1063 3056 (68).

424 3069 439 3089 ²
489 3070 661 3115 Joannes
680 3069 910 3105 Franciscus
929 3069 1262 3118 Commendonus,
1280 3069 1502 3107 cardinalis.
