2228 3548
938 288 961 324 4
986 277 1090 322 Mij
1117 277 1210 324 1566
1798 286 1846 326 95

244 379 302 424 rit
321 378 371 423 in
390 380 479 423 hoc
500 378 703 437 negotio,
728 378 882 424 statim
909 379 1149 425 efficiatur.
1175 380 1381 438 Legatus
1408 394 1538 435 uem,
1559 379 1703 426 etiam
1732 379 1771 423 si
1799 394 1894 423 non

245 463 539 515 protestetur,
565 464 714 501 tamen
752 457 920 501 diserte
952 456 1107 501 testari
1142 464 1320 514 potest,
1350 472 1401 504 se
1428 457 1543 502 nihil
1570 457 1762 503 istorum
1790 463 1894 501 acta

246 535 454 593 probare.
476 535 724 579 Precamur
740 542 792 578 ut
806 533 995 579 Domini
1011 535 1226 581 uoluntas
1246 535 1294 579 in
1311 534 1526 582 omnibus
1543 535 1639 588 fiat,
1664 535 1723 579 ad
1739 535 1891 580 eccle-

248 611 342 657 siae
363 611 613 657 catholicae
634 611 1017 665 aedificationem,
1040 618 1088 656 et
1104 612 1387 658 Germaniae
1408 613 1619 658 salutem.

336 691 466 734 Haec
482 703 509 733 a
525 689 657 733 nobis
673 689 795 734 dicta
810 688 917 742 sint,
933 695 980 734 et
995 688 1202 734 subiecta
1218 696 1483 735 reuerentes
1500 678 1670 733 iudicio
1681 689 1730 735 S.
1747 690 1807 734 D.
1828 690 1889 733 N.

245 774 292 812 et
314 767 363 813 S.
388 766 521 813 Sedis
542 766 835 824 apostolicae,
861 766 1156 822 omniumque
1177 766 1347 812 rectius
1364 766 1677 811 sentientium.

244 845 575 890 HIERONYMUS
597 845 832 889 NATALIS.
885 845 1081 889 Psi-Rus
1102 844 1357 890 CAN1sms.
1394 846 1612 903 JAcossus
1636 845 1887 890 LEDESMA.

325 971 482 1012 2261·
1045 970 1088 1010 C

467 1073 804 1113 QUAESTIONES
837 1073 936 1105 cUM
970 1073 1212 1105 BREUIBUS
1247 1073 1663 1104 RESPONsmNmth

342 1169 379 1201 1.
445 1157 537 1209 An,
557 1162 707 1200 stante
724 1155 937 1199 mandato
953 1154 1182 1212 pontificis
1198 1161 1250 1199 ut
1271 1155 1329 1199 ad
1351 1154 1723 1212 protestationem
1746 1155 1892 1200 deue-

247 1233 414 1287 niatur,
435 1247 539 1277 cum
561 1232 949 1290 praeiudicaretur
965 1231 1159 1276 concilio
1176 1231 1441 1285 tridentino,
1462 1232 1585 1287 quod
1602 1233 1660 1276 ad
1675 1232 1892 1289 dogmata

248 1310 460 1369 pertinet,
474 1317 521 1355 et
537 1309 866 1354 affirmantibus
883 1309 1063 1354 interim
1082 1322 1297 1366 expresse
1313 1308 1557 1366 theologis,
1573 1308 1679 1352 huic
1696 1308 1890 1353 concilio

247 1403 329 1447 per
359 1386 748 1432 confirmationem
782 1386 906 1444 pacis
934 1387 1084 1443 quoad
1113 1387 1330 1443 dogmata
1358 1400 1450 1429 non
1472 1385 1794 1443 praeiudicari,
1829 1385 1891 1430 sit

246 1465 539 1510 nihilominus
560 1465 617 1508 ad
642 1463 1013 1522 protestationem
1035 1463 1393 1509 deueniendum?

334 1544 471 1600 Resp.
536 1544 696 1588 Donec
732 1541 935 1599 pontifex
972 1541 1195 1585 maximus
1231 1539 1344 1585 certi
1385 1540 1556 1597 aliquid
1594 1540 1886 1598 respondeat,

232 1634 339 1664 non
377 1619 559 1664 uidetur
595 1619 652 1662 ad
688 1618 1066 1676 protestationem
1096 1617 1323 1675 publicam
1355 1624 1401 1662 et
1429 1618 1690 1670 solennem,
1722 1618 1798 1662 uel
1830 1618 1890 1661 ob

245 1712 380 1755 quam
405 1696 622 1742 metuitur
643 1695 911 1754 periculum,
931 1710 1031 1740 esse
1047 1694 1402 1740 deueniendum.

336 1786 379 1819 2.
445 1774 522 1818 An
552 1773 835 1831 protestatio,
866 1772 1038 1817 caesari
1065 1786 1219 1816 coram
1248 1771 1425 1816 notario
1452 1779 1498 1816 et
1527 1771 1721 1817 testibus
1745 1772 1881 1825 facta,

247 1851 539 1910 probabiliter
559 1852 770 1895 credetur
791 1851 997 1903 molesta,
1022 1857 1068 1894 et
1090 1863 1193 1893 curn
1216 1849 1468 1894 offensione
1489 1849 1686 1894 caesaris
1707 1863 1761 1893 ac
1783 1849 1890 1893 reli-

247 1929 417 1988 gionis,
444 1929 597 1973 futura
618 1930 745 1973 esse?

337 2008 475 2063 Resp.
541 2005 734 2051 Videtur
762 2005 837 2049 illa
863 2004 1035 2049 caesari
1063 2005 1269 2058 molesta,
1301 2012 1347 2050 et
1375 2018 1480 2049 cum
1509 2004 1609 2049 eius
1637 2003 1890 2048 offensione

247 2085 416 2137 futura,
436 2091 483 2127 et
500 2083 751 2128 uerendum
769 2098 828 2127 ne
845 2096 949 2125 cum
972 2081 1144 2126 iactura
1161 2081 1299 2125 etiam
1321 2081 1556 2139 religionis
1573 2081 1619 2124 in
1638 2081 1792 2124 multis
1811 2081 1890 2124 fiat

247 2163 335 2205 hoc
359 2168 575 2217 tempore.

339 2252 380 2294 3.
446 2238 522 2282 An
544 2236 794 2281 timendum
824 2252 883 2282 ne
909 2235 1176 2293 protestatio
1204 2237 1282 2280 det
1313 2235 1546 2280 schismati
1575 2235 1892 2279 occasionem?

337 2317 470 2371 Resp.
533 2314 728 2359 Videtur
750 2313 1000 2359 timendum
1023 2328 1082 2358 ne
1103 2313 1210 2358 inde
1230 2320 1436 2358 sumatur
1457 2313 1635 2357 occasio
1670 2311 1890 2356 schisma-

250 2392 324 2445 tis,
349 2400 428 2436 aut
450 2393 609 2436 saltem
632 2407 690 2436 ne
711 2391 859 2435 minor
879 2390 940 2434 sit
962 2390 1069 2434 unio
1091 2397 1294 2434 statuum
1315 2391 1643 2435 catholicorum
1673 2404 1779 2432 cum
1813 2403 1891 2432 ca-

251 2471 345 2528 pite
386 2484 471 2514 suo
507 2469 722 2526 pontifice
764 2467 984 2521 maximo,
1026 2469 1149 2511 unde
1185 2467 1362 2512 initium
1399 2467 1632 2512 schismati
1670 2465 1890 2521 consequi

252 2547 408 2605 possit.

340 2638 384 2680 4.
449 2626 541 2677 An,
555 2623 783 2668 cardinale
800 2629 1059 2680 augustano
1075 2629 1122 2665 et
1138 2629 1317 2668 oratore
1330 2622 1453 2680 regis
1468 2621 1679 2667 catholici
1695 2627 1741 2665 et
1758 2622 1892 2665 theo-

250 2702 368 2760 logis
405 2701 617 2746 omnibus
654 2700 944 2746 monentibus
976 2714 1035 2744 ne
1066 2699 1332 2756 protestatio
1370 2701 1472 2753 fiat,
1507 2699 1565 2743 sit
1596 2697 1892 2742 nihilominus

250 2779 626 2837 protestandum?
1435 2782 1439 2786 '

340 2857 475 2912 Resp.
536 2856 642 2899 Non
657 2855 854 2908 videtur,
875 2853 962 2898 nisi
978 2854 1114 2898 allata
1129 2853 1319 2899 clariore
1335 2853 1566 2912 pontificis
1585 2852 1770 2896 maximi
1786 2866 1891 2896 sen-

252 2932 408 2986 tentia,
434 2938 486 2975 ut
507 2932 680 2976 dictum
702 2939 787 2977 est.
1020 2933 1026 2937 ⁴

346 3021 387 3065 5.
452 3010 530 3053 An
551 3009 692 3065 possit
712 3011 826 3053 haec
848 3009 947 3052 fieri
968 3007 1251 3065 protestatio,
1275 3008 1411 3053 etiam
1433 3015 1535 3066 post
1557 3007 1773 3052 comicia?

345 3088 481 3143 Resp.
547 3085 741 3131 Videtur
763 3086 862 3131 fieri
882 3100 1031 3143 posse,
1062 3100 1143 3142 per
1163 3099 1298 3142 quem
1325 3093 1372 3130 et
1400 3084 1782 3141 quemadmodum
1807 3097 1884 3126 vo-
