2228 3548
397 285 467 330 824
967 282 1104 317 Emsr.
1132 279 1175 315 P.
1203 279 1360 316 NADAL

1032 469 1291 515 LXXXVII

763 568 808 603 P.
837 565 1157 604 EVER-ARDUS
1183 564 1563 602 MERCURiANUs

865 664 1007 696 PATRI
1041 663 1199 695 PAULO
1229 662 1454 694 HOFFAEO

814 748 1000 802 Romae,
1027 743 1323 801 25·Octobris
1351 755 1462 800 1574
1487 746 1517 788 ¹.

371 837 559 873 Natalem
577 836 708 872 denuo
723 835 996 872 commendat.-
1015 834 1102 881 ejus
1118 835 1311 870 senectuti
1327 833 1488 881 aliquid
1505 832 1802 881 indulgendum
1819 835 1960 869 censet

482 921 567 965 ,In
589 919 745 977 primis
768 917 903 987 cupio
923 919 1094 962 bonurn
1118 918 1300 962 Patrem
1323 918 1531 962 Natalem
1552 916 1684 961 solita
1704 917 1988 961 beneuolen-

350 980 412 1023 tia
427 956 565 1036 atque
581 978 872 1024 obseruantia
888 978 1022 1022 isthic
1040 976 1240 1021 tractari.
1252 978 1469 1022 Ceterum
1486 976 1524 1020 si
1542 976 1652 1032 quid
1668 977 1835 1021 habeat
1850 977 1906 1021 T.
1927 977 1983 1021 R.

349 1041 473 1096 quod
489 1038 736 1096 significet,
756 1039 831 1083 uei
847 1037 1043 1094 aliquam
1061 1036 1245 1081 noueris
1261 1044 1564 1104 opportunam
1584 1036 1871 1103 occasionem
1886 1048 1986 1079 me·-

349 1099 439 1142 lius
459 1098 560 1143 eius
579 1097 831 1143 valetudini
853 1096 1172 1154 prospiciendi,
1198 1095 1504 1152 gratissimum
1528 1095 1704 1150 feceris,
1729 1094 1767 1138 si
1787 1093 1984 1151 diligen-

352 1166 420 1203 ter
440 1159 499 1202 ad
521 1172 594 1202 me
616 1158 807 1203 deferas.
832 1158 933 1213 Ego
955 1156 1137 1213 quidem
1159 1155 1352 1199 arbitror
1372 1170 1467 1198 non
1483 1169 1642 1212 parum
1660 1153 1984 1198 consolationis

351 1233 409 1262 ex
436 1217 698 1262 visitatione
727 1216 1023 1273 collegiorum
1051 1215 1183 1259 istius
1210 1214 1472 1282 prouinciae
1500 1220 1816 1270 accepturum,
1847 1219 1984 1269 atque

351 1277 570 1322 fratribus
592 1275 759 1321 nostris
780 1290 891 1320 suae
912 1275 1092 1318 virtutis
1115 1289 1168 1318 ac
1189 1274 1369 1331 pietatis
1398 1273 1655 1330 exemplum
1677 1286 1772 1316 non
1791 1273 1984 1329 uulgare

353 1338 621 1380 relaturum.
647 1337 822 1381 Omnes
844 1349 954 1379 uero
977 1336 1139 1378 fratres
1161 1341 1357 1387 nostros,
1381 1348 1464 1390 pro
1490 1348 1573 1378 sua
1600 1333 1648 1376 in
1679 1332 1984 1378 uenerandam

355 1397 479 1439 illam
502 1395 715 1441 canitiem
737 1394 1044 1447 obseruantia,
1065 1393 1198 1449 aequi
1220 1393 1418 1449 bonique
1433 1393 1723 1436 consulturos
1743 1391 1926 1459 siquid
1914 1406 1981 1434 m-

357 1457 537 1501 terdum
561 1455 696 1512 paulo
718 1454 904 1500 liberius
926 1454 1016 1497 ab
1005 1468 1106 1510 ipso
1128 1453 1225 1496 fieri
1247 1452 1573 1510 perspexerint.
1594 1453 1688 1496 T.¹¹¹
1709 1453 1764 1495 R.
1770 1458 1802 1480 ¹¹²
1821 1451 1987 1496 iterum

356 1523 495 1570 atque
511 1515 674 1559 iterum
686 1509 867 1571 postulo
878 1515 966 1557 bon
973 1528 1047 1556 um
1064 1526 1237 1565 senem,
1251 1511 1418 1568 quibus
1432 1511 1612 1568 poterit,
1625 1510 1789 1555 studiis
1804 1509 1988 1554 officiis·

356 1587 448 1642 que
469 1573 683 1631 prosequi
705 1588 796 1617 non
821 1573 1053 1629 fatigetur,
1078 1579 1376 1629 prospectans
1396 1571 1442 1615 in
1463 1585 1563 1615 eam
1581 1571 1852 1624 mercedem,
1869 1580 1990 1626 quae

362 1641 406 1678 te
427 1634 476 1677 in
497 1633 636 1679 coelis
657 1639 866 1690 expectat
887 1647 1054 1689 magna
1074 1631 1225 1677 nimis.
1514 1656 1519 1661 -

430 1782 439 1802 ¹
491 1784 550 1819 Ex
567 1782 755 1829 Regest0‚
777 1780 874 1818 Cod.
903 1780 1007 1828 33j),
1029 1779 1095 1816 fol.
1115 1779 1175 1826 34.
1195 1779 1240 1815 In
1258 1778 1446 1825 margine:
1474 1778 1525 1814 P.
1550 1775 1715 1824 Hoffeo.
