2228 3548
936 281 952 310 1
982 273 1152 325 Annus
1179 273 1271 319 1567
1799 281 1870 319 425

1041 373 1154 414 4²4

719 447 772 490 P.
816 446 1230 492 HIERONYMUS
1262 439 1482 491 NADAL

620 516 867 556 SANCTO
901 516 1252 556 FRANCISCO
1281 518 1359 554 DE
1390 517 1586 566 BORJA

791 585 1021 624 conomius,
1041 585 1057 612 1
1078 585 1239 613 Annus
1259 577 1350 622 1567
1367 579 1396 613 ¹.

274 654 312 682 Ι.
351 643 506 681 Turbae
534 644 580 679 in
610 642 746 679 Frisia
776 645 918 679 contra
950 642 1192 690 religionem
1220 643 1461 678 concitatae:
1488 643 1675 678 Andreas
1702 641 1917 678 Boccatius

324 704 513 741 Natalem
542 703 820 751 congreditur:
849 703 928 738 duo
957 704 1118 737 tantum
1141 713 1162 738 e
1184 702 1300 738 sociis
1323 703 1368 738 in
1391 703 1529 738 Frisia
1550 702 1915 746 relinquuntur.—

322 773 358 800 2.
380 762 611 800 Coloniense
628 762 844 810 collegium
861 774 887 797 a
910 761 1055 797 Natali
1077 761 1310 809 inspicitur:
1330 762 1476 808 magni
1498 761 1691 797 momenti
1710 763 1790 808 pro
1812 771 1915 796 com-

318 823 436 859 muni
464 821 562 857 bono
591 821 640 856 ab
669 821 754 867 ipso
784 821 1041 857 aestimatur:
1068 819 1240 856 bre-viter
1268 820 1383 856 illius
1407 821 1578 856 historia
1598 820 1914 868 perstringitur:

319 880 597 917 universitatis
610 880 654 915 in
671 879 905 916 Societatem
920 879 1174 915 animositas:
1188 882 1454 926 augmentum
1469 879 1729 927 collegii.—3.
1751 879 1796 915 P.
1813 879 1914 915 Rhe·

317 942 399 977 tius
422 940 523 976 bona
545 951 621 975 sua
646 939 836 975 Societati
858 939 1000 974 donat.-
1024 937 1274 986 professione
1298 938 1468 975 solemni
1491 939 1643 986 dignus
1664 941 1861 975 censetur:
1885 950 1913 974 a

316 1000 459 1036 Natali
488 999 700 1040 laudatur,
731 1001 769 1034 et
796 999 970 1034 secunda
1000 997 1162 1045 collegii
1194 997 1431 1034 coloniensis
1464 998 1653 1034 columna
1687 999 1910 1034 dicitur.——

316 1070 360 1106 4.
385 1060 446 1095 De
463 1058 638 1094 Matthia
654 1057 888 1094 coloniensi:
909 1057 956 1093 ob
976 1057 1138 1105 collegii
1159 1057 1354 1104 inopiam,
1375 1068 1455 1092 non
1479 1058 1601 1093 audet
1619 1057 1782 1093 Natalis
1804 1058 1912 1094 illud

314 1132 341 1155 a
359 1119 554 1162 convictu,
573 1117 678 1164 quod
694 1118 748 1153 ad
765 1128 849 1153 rem
862 1116 1148 1165 pecuniariam
1163 1118 1327 1163 spectat,
1345 1115 1572 1164 sejungere.
1583 1137 1623 1142 —
1629 1127 1665 1160 5.
1683 1115 1909 1164 Collegium

317 1191 342 1215 a
355 1177 544 1227 pontifice
562 1177 823 1213 universitati
837 1176 1113 1213 commendari
1123 1178 1317 1223 procurat
1330 1175 1509 1211 Natalis:
1521 1177 1690 1212 summis
1703 1177 1810 1212 illud
1822 1176 1862 1212 la
1868 1188 1912 1212 u-

316 1237 431 1273 dibus
447 1235 717 1272 extollit.-—6.
739 1235 800 1271 De
815 1235 901 1271 suis
917 1234 1142 1277 itineribus,
1161 1235 1209 1271 de
1223 1235 1354 1282 globis
1370 1234 1596 1280 benedictis,
1614 1238 1685 1271 etc.

368 1315 406 1347 1.
464 1303 596 1360 Jhus.
623 1301 764 1345 Molto
786 1301 901 1345 Rdo.
931 1300 978 1343 in
1004 1299 1187 1345 Christo
1212 1301 1264 1344 P.
1291 1301 1349 1344 N.
1375 1302 1472 1344 Pax
1493 1300 1691 1358 Christi„
1715 1308 1804 1345 etc.
1838 1303 1911 1346 Da

276 1379 514 1436 Maguntia
535 1378 662 1423 scrisi
682 1379 769 1422 alla
793 1380 844 1422 P.
870 1379 928 1422 V.
953 1378 996 1421 al
1012 1378 1202 1434 lungho.
1223 1377 1357 1434 Dipoi
1372 1379 1432 1421 ho
1448 1377 1606 1421 scritto
1622 1378 1711 1422 due
1729 1379 1851 1422 uolte
1869 1380 1904 1431 ³,

266 1465 318 1502 et
345 1457 373 1500 l'
393 1456 550 1501 ultime
577 1470 676 1509 sue,
706 1470 732 1499 a
760 1455 881 1512 quali
909 1455 1097 1512 rispose,
1120 1468 1233 1499 sono
1253 1454 1310 1498 de
1333 1455 1359 1498 8
1381 1454 1427 1498 di
1447 1455 1647 1500 Genaro.
1673 1456 1723 1498 In
1746 1463 1908 1511 questa

268 1533 369 1577 diro
391 1533 508 1578 della
529 1532 662 1576 visita
682 1533 740 1578 de
761 1539 922 1588 questo
943 1530 1154 1588 collegio,
1177 1538 1224 1575 et
1243 1531 1350 1575 delli
1379 1531 1522 1575 nostri
1542 1532 1599 1575 de
1628 1531 1820 1576 Phrisia.
1848 1533 1905 1576 Et

268 1610 423 1668 voglio
451 1610 594 1667 prima
619 1609 715 1653 dire
743 1610 799 1654 de
828 1610 864 1652 F
867 1608 987 1652 risia.
1018 1607 1181 1654 Subito
1207 1610 1294 1652 che
1320 1608 1364 1652 io
1391 1608 1551 1665 gionse
1578 1623 1691 1664 qua,
1722 1609 1903 1653 mandai

268 1690 343 1731 vn'
368 1689 537 1732 huomo
558 1687 739 1744 proprio
761 1687 803 1730 al
827 1688 880 1730 P.
906 1685 1091 1730 Andrea
1113 1684 1237 1729 frisio
1257 1686 1290 1738 ³,
1309 1685 1520 1730 accioche
1537 1701 1565 1729 o
1586 1685 1649 1728 lui
1667 1699 1852 1740 venese,
1875 1701 1904 1730 o

268 1767 334 1822 (se
354 1772 517 1820 questo
538 1779 630 1808 non
651 1771 975 1820 permettesero
995 1762 1027 1806 li
1049 1761 1243 1820 negotii)
1266 1762 1470 1807 mandasi
1491 1777 1582 1806 vno
1608 1764 1694 1808 che
1723 1763 1903 1819 puotesi

267 1841 547 1886 informarmi
569 1843 626 1886 de
649 1840 758 1898 ogni
779 1855 902 1895 cosa,
927 1848 973 1884 et
994 1841 1079 1884 che
1102 1839 1210 1883 tutti
1230 1839 1290 1882 mi
1310 1838 1561 1884 scriuesero
1583 1839 1898 1893 liberamente,

267 1933 360 1962 non
382 1919 478 1962 solo
499 1919 573 1963 del
593 1925 712 1962 stato
734 1918 850 1963 delle
872 1932 978 1962 cose
998 1917 1045 1960 di
1066 1917 1214 1973 quella
1235 1930 1386 1974 opera,
1405 1932 1478 1961 ma
1494 1916 1628 1960 etiam
1651 1916 1697 1959 di
1719 1931 1770 1962 se
1784 1919 1895 1974 ogn’

266 2009 358 2039 uno
379 1995 787 2052 particolarmente‚
812 2001 858 2038 et
878 1994 1194 2050 rispondesero
1214 1993 1272 2038 ad
1292 1991 1369 2037 un'
1390 2008 1566 2039 essame
1593 2008 1791 2038 comune
1814 1996 1900 2039 che

264 2072 410 2130 soglio
430 2072 475 2116 io
497 2073 592 2117 fare
608 2073 624 2094 ⁴
645 2072 702 2116 de
724 2085 829 2116 cose
852 2077 1118 2128 puramente
1138 2069 1391 2114 esteriori·.
1417 2072 1547 2116 Vene
1569 2070 1632 2114 lui
1649 2070 1898 2115 medesimo

260 2163 349 2194 con
365 2150 407 2193 le
428 2151 588 2195 lettere
610 2148 715 2192 delli
737 2148 838 2192 altri
860 2155 906 2192 et
927 2146 1155 2192 essamini.
1181 2147 1335 2200 Certo,
1363 2148 1533 2200 Padre,
1559 2149 1644 2192 che
1673 2147 1898 2192 sentendo

262 2227 305 2271 le
325 2241 432 2271 cose
453 2226 499 2269 di
526 2227 592 2280 la,
615 2241 689 2271 me
719 2240 777 2270 ne
807 2224 1042 2269 contristai
1068 2223 1211 2278 assai,
1241 2235 1287 2269 et
1314 2224 1450 2268 hebbi
1478 2223 1790 2280 compassione
1823 2222 1899 2267 alli

262 2302 421 2356 nostri,
445 2304 611 2359 perche
631 2302 679 2346 in
700 2310 860 2358 questa
882 2300 1172 2346 reuolutione
1195 2301 1235 2355 1‘,
1255 2302 1340 2346 che
1360 2302 1387 2346 e
1403 2309 1522 2345 stata
1543 2302 1681 2344 molto
1704 2300 1895 2356 grande,

262 2379 398 2423 etiam
420 2379 468 2422 in
489 2379 653 2432 Frisia,
686 2378 715 2421 li
744 2378 886 2423 nostri
914 2392 1029 2422 sono
1057 2377 1162 2421 stati
1193 2377 1242 2420 in
1273 2378 1574 2435 grandissimo
1606 2377 1818 2434 pericolo‚
1852 2384 1899 2420 et

260 2471 376 2500 sono
396 2457 555 2501 venuti
576 2471 602 2500 a
624 2464 785 2512 questo
807 2462 1020 2509 estremo,
1046 2455 1130 2498 che
1152 2460 1315 2499 stanno
1334 2462 1352 2483 ⁰
1377 2455 1582 2499 conclusi
1611 2454 1657 2497 in
1686 2469 1775 2497 vna
1796 2467 1901 2497 casa

331 2575 352 2596 ⁸
391 2568 575 2615 Sequitur
608 2571 645 2604 et
683 2567 828 2602 notizie
867 2566 1203 2602 obliteratum-b
1230 2565 1414 2614 Sequitur
1457 2578 1536 2602 non
1576 2565 1899 2602 obliteratum.—

259 2634 279 2654 c
296 2627 554 2663 Emendatum
572 2639 594 2662 a
612 2627 703 2663 libr.
728 2637 778 2662 ex
795 2629 1018 2662 stauanno.

329 2727 339 2748 ¹
390 2729 449 2764 Ex
478 2729 705 2775 archetypo,
733 2739 755 2763 a
786 2727 965 2774 Jimenez
996 2731 1170 2772 exarato,
1198 2731 1239 2762 et
1267 2726 1417 2763 Natalis
1443 2738 1560 2762 manu
1587 2724 1824 2772 subscripto,
1855 2724 1896 2761 in

257 2786 386 2833 Epist.
406 2786 562 2832 Natal.,
581 2788 633 2832 11,
651 2787 796 2834 duplici
815 2786 899 2832 fol„
920 2794 987 2831 177
1004 2785 1105 2832 (484,
1124 2785 1230 2831 485).
1252 2786 1465 2832 Egregium
1484 2797 1578 2821 sane
1597 2790 1894 2820 monumentum

254 2846 295 2881 in
312 2846 384 2881 hac
401 2846 579 2893 epistola,
597 2858 666 2894 pro
682 2846 918 2882 coloniensis
942 2845 1100 2890 collegii
1125 2844 1302 2891 historia,
1326 2845 1440 2882 nobis
1462 2845 1625 2881 exhibet
1647 2844 1692 2879 P.
1719 2843 1889 2880 Natalis.

323 2907 338 2927 2
388 2904 433 2940 Id
446 2910 520 2946 est,
535 2905 675 2942 diebus
689 2915 735 2951 24
748 2904 950 2941 Februarii
964 2910 1004 2940 et
1021 2912 1060 2940 11
1077 2902 1220 2940 Martii.
1234 2903 1432 2951 Epistulas
1445 2904 1547 2950 illas,
1562 2903 1749 2940 Coloniae
1766 2902 1894 2946 datas,

258 2964 380 3000 habes
397 2965 471 3000 sub
489 2977 558 3001 nn.
582 2965 666 3010 466,
685 2965 755 3011 468
773 2971 813 3001 et
830 2964 914 3010 469.

327 3025 342 3046 ⁵
395 3024 573 3060 Andreas
591 3025 818 3062 Boccatius.
841 3024 943 3060 Vide
961 3023 1080 3071 epist.
1104 3021 1191 3068 473,
1208 3035 1253 3060 n.
1277 3032 1293 3059 1
1305 3051 1314 3060 .

328 3082 344 3103 ⁴
392 3084 453 3119 De
470 3083 533 3120 his
547 3084 792 3121 examinibus
806 3083 856 3120 cf.
873 3084 1002 3131 Epist.
1018 3082 1176 3129 Natal.‚
1192 3082 1225 3128 Ι,
1236 3091 1377 3129 Χινω,
1393 3091 1503 3127 xmx3
1519 3087 1560 3118 et
1577 3082 1630 3128 ΙΙ,
1644 3088 1714 3126 527
1727 3085 1768 3116 et
1781 3091 1894 3128 seqq.
