2228 3548
238 34 247 52 ε
295 26 299 34 ,
376 0 484 35 ,μῆν’-’ζ
500 0 613 34 §.fnum
627 0 647 18 ‘vt-
683 8 706 16 -.
745 0 750 10 -·
768 0 810 27 ⁸⁴⁴:
831 7 850 14 -·
879 0 890 4 ⁷
911 0 914 2 ·
948 0 951 3 ’
971 0 979 2 “
993 0 1078 34 1³⁷⁸*
1148 3 1149 6 ¹

331 37 339 45 κ
400 35 405 37 .

940 322 956 349 1
985 314 1233 350 DECEMBms
1259 314 1352 360 1566
1845 312 1916 359 315

1078 433 1198 474 1153

762 512 814 554 Ρ.
851 511 1266 556 HIERONYMUS
1303 512 1524 556 NADAL

650 598 677 634 S
689 598 896 637 ANCTO
941 599 1289 638 FRANCISCO
1327 601 1405 636 DE
1442 599 1635 647 BORJA

717 684 1120 722 ASCHAFFEMBURGI,
1139 685 1154 712 1
1175 685 1415 714 DecEans
1435 677 1527 723 1566
1545 677 1556 698 ¹
1565 702 1577 715 .

323 763 363 790 Ι.
391 754 646 801 Herbipolim
669 755 848 790 advenit:
873 756 920 790 de
943 754 1105 802 collegii
1127 755 1379 791 institutione
1396 766 1487 791 cum
1505 755 1793 802 archiepiscopi
1813 755 1967 792 cancel·

374 813 482 850 lario
498 814 749 862 negotiatur:
765 815 812 850 de
827 815 943 850 Petri
960 815 1197 850 coloniensis
1218 815 1568 862 expeditione.—2.
1585 814 1727 850 Multis
1746 826 1967 862 argumen-

369 873 421 909 tis
438 874 609 909 ostendit
626 876 821 920 oportere,
842 877 885 909 ut
901 873 1080 918 facultas
1096 886 1122 908 a
1138 885 1296 909 summo
1308 873 1498 921 pontifice
1516 874 1744 910 obtineatur
1760 876 1839 920 pro
1855 873 1965 909 abso-

372 933 525 969 lutione
542 933 850 975 haereticorum,
869 934 990 969 etiam
1010 933 1278 981 relapsurum,
1298 933 1343 968 in
1353 932 1453 981 foro
1470 934 1630 969 interno
1646 935 1684 969 et
1705 933 1790 968 sine
1812 932 1962 980 obliga·

367 993 474 1028 tione
491 995 679 1029 externae
701 991 1072 1039 abjurationis.—3.
1093 993 1209 1039 spem
1226 991 1343 1039 fovet
1365 993 1469 1028 hanc
1484 991 1730 1040 facultatem
1754 993 1965 1028 conceden-

371 1052 467 1087 dam
485 1064 511 1087 a
524 1051 738 1099 pontifice;
753 1051 840 1098 ejus
857 1054 992 1087 tamen
1007 1051 1168 1098 judicio
1195 1063 1235 1087 se
1260 1051 1475 1087 submittit:
1497 1051 1712 1098 Herbipoli
1735 1051 1845 1088 brevi
1868 1053 1962 1098 pro·

364 1110 576 1158 secturam
594 1123 633 1146 se
650 1111 762 1147 dicit.

425 1201 462 1232 1.
521 1190 653 1246 Jhus.
680 1189 822 1233 Molto
842 1189 955 1232 Rdo.
978 1187 1024 1231 in
1045 1187 1229 1232 Christo
1251 1189 1303 1232 P.
1330 1194 1502 1231 nostro.
1529 1189 1626 1231 Pax
1647 1187 1832 1241 Christi,
1858 1195 1954 1233 etc.

328 1267 401 1309 Da
426 1265 614 1322 Dilinga
641 1265 769 1309 scrisi
799 1266 886 1310 alla
913 1267 970 1310 V.
1003 1267 1055 1310 P.
1090 1265 1303 1322 quindeei
1331 1280 1358 1308 ο
1387 1265 1438 1309 16
1465 1264 1614 1322 giomi
1642 1266 1702 1308 fa.
1727 1265 1865 1321 Dipoi
1893 1272 1964 1310 tre

329 1341 478 1399 giorni
500 1341 692 1399 partimo
712 1341 744 1385 il
767 1344 819 1386 P.
845 1341 1046 1398 Canisio,
1071 1345 1206 1387 Mtro.
1231 1341 1451 1387 Ximenez
1473 1349 1519 1387 et
1540 1341 1582 1385 io
1604 1355 1684 1398 per
1705 1341 1960 1398 Herbipoli‚

329 1418 708 1476 douegionsemo
728 1418 871 1476 hoggi
891 1433 1004 1462 sono
1025 1425 1122 1462 otto
1149 1418 1320 1476 giorni,
1345 1426 1391 1464 et
1417 1418 1631 1463 hebbimo
1663 1433 1777 1475 poco
1811 1426 1964 1475 tempo

327 1510 408 1553 per
430 1497 584 1540 tratar’
608 1496 726 1540 della
748 1495 1027 1549 fundatione,
1047 1511 1127 1552 per
1147 1497 1401 1541 hauersene
1421 1496 1479 1540 da
1500 1495 1666 1553 partire
1682 1495 1713 1538 il
1734 1496 1962 1539 cancella-

327 1572 413 1625 rio,
438 1587 524 1616 con
547 1572 620 1616 chi
641 1575 678 1616 s’
703 1574 762 1616 ha
784 1579 944 1616 trattar
966 1572 1076 1630 ogni
1099 1587 1230 1625 cosa,
1254 1587 1335 1630 per
1355 1587 1460 1617 cose
1487 1573 1544 1616 de
1571 1572 1873 1630 importanza,
1899 1587 1963 1616 un

253 1656 258 1657 ⁷
326 1650 488 1707 giorno
508 1650 632 1707 dipoi
652 1651 698 1693 d'
723 1653 860 1696 esser’
885 1649 1031 1706 gionti
1053 1650 1144 1694 noi.
1171 1649 1388 1694 Tuttauia
1414 1649 1462 1693 in
1487 1650 1594 1706 quel
1621 1651 1761 1695 breue
1790 1657 1961 1706 tempo,

326 1728 503 1771 benche
525 1741 612 1770 con
633 1727 864 1782 difficolt-51,
890 1726 927 1770 si
948 1726 1141 1784 negocio
1163 1726 1279 1770 assai
1300 1727 1439 1780 bene,
1471 1734 1518 1771 et
1547 1727 1687 1770 molto
1716 1726 1885 1784 meglio
1916 1726 1964 1769 di

330 1805 482 1860 quello
499 1806 584 1850 che
601 1804 644 1848 io
661 1819 868 1861 speraua,
887 1805 1052 1861 perche
1070 1803 1156 1847 mai
1173 1818 1250 1848 era
1265 1810 1386 1847 stato
1400 1804 1505 1860 quel
1522 1803 1646 1847 buon
1663 1804 1885 1848 vescouo’
1904 1804 1965 1847 ne

329 1881 361 1924 il
382 1881 649 1926 cancellario
666 1881 905 1926 informato
927 1882 970 1925 al
986 1881 1120 1938 pieno
1142 1881 1259 1926 delle
1285 1895 1390 1925 cose
1406 1881 1463 1925 de
1480 1880 1733 1924 fundationi
1750 1881 1807 1926 de
1824 1881 1963 1925 colle-
2020 1900 2023 1903 ·

331 1957 413 2015 gij,
438 1965 484 2002 et
500 1959 712 2003 hauendo
734 1974 760 2002 a
781 1958 1001 2002 ritornare
1022 1957 1053 2000 il
1075 1956 1341 2001 cancellario
1361 1957 1523 2003 dentro
1538 1958 1596 2003 de
1616 1957 1682 2002 sei
1699 1957 1863 2015 giomi,
1884 1958 1967 2000 hoc

329 2038 394 2078 est
409 2035 569 2092 hoggi,
582 2050 608 2078 a
625 2034 878 2091 Herbipoli‚
898 2037 955 2077 m'
974 2049 1159 2079 occorse
1177 2036 1254 2077 un’
1274 2034 1512 2079 occasione
1532 2034 1578 2078 di
1595 2048 1796 2078 scorrere
1813 2033 1965 2077 insino

329 2126 356 2155 a
372 2119 533 2168 questa
549 2118 669 2155 terra
682 2145 692 2164 ,
722 2113 840 2155 doue
862 2111 1242 2156 ordinariamente
1257 2110 1413 2157 habita
1427 2110 1458 2154 il
1475 2113 1607 2156 Rmo.
1633 2110 1906 2167 moguntino
1925 2112 1960 2163 ⁵,

327 2190 412 2232 che
428 2189 454 2232 ὲ
474 2188 663 2232 lontano
685 2189 710 2231 8
734 2188 869 2245 leghe
890 2189 948 2231 da
970 2187 1221 2244 Herbipoli‚
1245 2188 1411 2244 perche
1431 2188 1624 2233 essendo
1652 2187 1695 2230 io
1723 2187 1886 2244 gionto
1915 2187 1962 2230 in

330 2263 581 2321 Herbipoli‚
606 2265 786 2308 mandai
808 2267 885 2308 un’
910 2267 1079 2308 huomo
1101 2279 1207 2320 qua,
1232 2279 1312 2322 per
1338 2266 1494 2310 ueder'
1518 2280 1568 2309 se
1596 2267 1730 2309 Mtro.
1757 2264 1966 2308 Antonio

330 2341 501 2385 Winch
533 2342 548 2362 ⁴
578 2341 667 2385 fusi
694 2349 864 2385 uenuto
893 2356 1004 2398 qua,
1039 2342 1236 2386 secondo
1270 2342 1314 2387 le
1348 2343 1509 2388 lettere
1539 2344 1611 2386 ch'
1636 2341 1681 2386 io
1716 2342 1747 2385 li
1783 2343 1963 2386 haueua

331 2418 489 2462 scritto
511 2419 681 2462 auanti:
703 2425 748 2464 et
769 2434 876 2475 sepe
898 2421 982 2462 che
1002 2434 1094 2462 non
1116 2419 1212 2463 solo
1239 2434 1315 2464 era
1342 2427 1515 2465 uenuto
1542 2419 1622 2472 lui,
1647 2434 1719 2462 ma
1751 2418 1968 2462 etiamdio

332 2496 468 2539 Mtr0.
502 2496 745 2540 Lamberto
764 2497 779 2517 ⁵
802 2503 848 2540 et
876 2497 1009 2539 Mtro.
1043 2495 1197 2539 Pietro
1224 2495 1482 2542 coloniense
1498 2498 1533 2551 ⁶,
1558 2496 1690 2553 quale
1717 2497 1964 2540 haueuano

402 2649 414 2671 ¹
465 2651 524 2686 Ex
538 2650 731 2697 originali,
745 2662 768 2686 a
783 2650 960 2695 Jimenez
974 2655 1147 2696 exarato,
1161 2655 1201 2686 et
1213 2650 1363 2687 Natalis
1377 2662 1494 2687 manu
1511 2650 1747 2698 subscripto,
1762 2650 1802 2686 in
1820 2650 1957 2697 Epist.

330 2709 494 2758 Natal.‚
514 2711 567 2757 11,
583 2710 729 2757 duplici
746 2710 829 2757 fol„
852 2709 919 2745 163
942 2710 1042 2756 (155,
1071 2709 1171 2754 156).
1200 2709 1417 2747 Madefaeta
1438 2709 1560 2746 fuisse
1585 2710 1739 2746 videtur
1761 2710 1858 2745 haec
1882 2710 1963 2757 epi·

329 2769 444 2815 stola,
458 2774 499 2805 et
515 2780 605 2805 cum
619 2781 741 2816 pauca
758 2770 879 2804 verba
896 2768 1027 2804 deleta
1043 2768 1183 2816 partim
1199 2767 1379 2817 fuissent,
1394 2781 1418 2806 a
1433 2770 1603 2806 Polanco
1620 2770 1767 2805 Romae
1784 2775 1966 2817 reparata

330 2832 436 2872 sunt,
455 2833 498 2864 ut
515 2839 586 2864 suo
600 2829 686 2864 loco
702 2827 940 2864 notabimus.

399 2889 413 2908 ²
463 2886 685 2923 Fridericus
704 2886 754 2923 de
774 2887 996 2933 YVirsberg.

397 2946 413 2966 ⁵
464 2945 791 2993 Arehiepiscopus
810 2946 1035 2992 Moguntiae
1054 2950 1137 2981 erat
1154 2945 1295 2984 Daniel
1311 2947 1479 2984 Brendel
1497 2948 1546 2983 ab
1564 2947 1782 2993 Homburg.

399 3006 414 3027 ⁴
463 3004 692 3041 Provinciae
710 3006 904 3041 rhenanae
922 3005 1184 3052 praepositus.

347 3094 349 3096 .
402 3066 417 3088 ⁵
466 3065 588 3112 Auer,
605 3070 734 3102 rector
750 3065 907 3112 collegii
926 3065 1164 3112 moguntini.

402 3123 419 3146 ⁶
467 3124 618 3172 Haupt.
