2228 3548
386 271 452 308 108
899 271 1037 307 EPIST.
1063 269 1109 305 P.
1136 266 1406 304 Nema-386

335 373 457 418 tione
479 387 568 415 non
593 373 630 416 s’
655 373 681 416 e
703 378 864 428 potuto
887 372 996 415 fare:
1022 385 1110 414 con
1131 370 1161 413 l'
1180 368 1408 413 ordinario
1425 369 1500 413 del
1515 369 1674 413 sabato
1695 376 1914 426 sequente
1929 368 1968 414 si

335 451 444 503 fara,
476 463 561 492 con
593 449 636 492 la
663 447 818 493 diuina
845 447 1007 505 gratia.
1039 446 1160 491 Nelli
1190 445 1309 490 santi
1336 445 1536 502 sacrifitij
1559 453 1606 490 et
1626 445 1818 490 orationi
1849 446 1967 492 della

335 529 388 571 P.
414 527 471 570 V.
497 525 803 569 dimandiamo
825 524 934 567 tutti
960 523 1259 568 humilmente
1290 537 1442 568 essere
1478 523 1826 579 raccomandati‚
1862 531 1908 569 et
1934 523 1966 567 il

332 602 477 646 simile
513 602 559 645 in
599 601 737 658 quelli
774 601 879 645 delli
918 601 1070 654 Padri,
1102 600 1301 653 Mirone‚
1342 601 1596 654 Euerardo,
1627 600 1826 655 Madrid,
1872 602 1964 645 Po-

332 680 463 722 lanco
483 686 575 723 etc.
608 678 734 722 Iddio
756 686 914 722 nostro
936 677 1136 735 Signore
1155 677 1197 721 ci
1219 676 1293 721 dia
1314 691 1398 722 sua
1419 676 1601 734 copiosa
1623 677 1771 735 gratia
1791 678 1849 722 da
1869 680 1964 723 fare

331 756 374 799 la
395 770 477 800 sua
497 754 755 799 santissima
775 756 972 799 volonta.
998 756 1165 799 Amen.
1189 756 1262 799 Da
1283 755 1516 812 Augusta,
1546 754 1620 799 alli
1650 765 1675 810 5
1704 754 1751 798 di
1779 754 1965 813 Maggio

338 833 463 888 1566.
489 834 559 877 De
581 834 640 877 V.
667 835 721 877 P.
747 847 883 878 seruo
905 846 964 877 en
985 834 1100 887 X.⁰,

1416 914 1446 974 †
1477 916 1666 1033 NAffsAL.
1701 915 1732 974 †

420 1065 546 1109 Hase
573 1070 594 1092 ³
622 1064 869 1120 respondet
890 1065 1030 1122 luego
1058 1065 1102 1108 al
1128 1063 1334 1122 negotio,
1363 1077 1538 1121 porque
1565 1077 1623 1107 va
1649 1069 1748 1108 esta
1773 1070 1904 1121 posta
1934 1066 1964 1109 ¹.

333 1142 390 1186 V.
423 1143 498 1194 P.‚
529 1155 611 1197 por
642 1155 767 1185 amor
795 1142 869 1186 del
899 1142 1064 1195 Sefior,
1094 1141 1260 1187 mande
1281 1142 1546 1199 responder,
1576 1156 1607 1198 y
1635 1141 1764 1185 todas
1785 1142 1968 1186 chartas

331 1221 443 1262 mias
468 1219 506 1272 t’3
531 1232 620 1274 que
642 1233 703 1263 no
726 1221 785 1262 he
805 1218 1042 1264 rescebido
1064 1226 1315 1277 respuesta,
1347 1219 1447 1263 sino
1474 1223 1502 1263 έι
1528 1219 1596 1263 las
1622 1218 1840 1276 primeras
1870 1231 1911 1275 3,
1935 1234 1967 1277 y
2034 1248 2036 1250 -

331 1295 651 1352 specialmente
673 1297 746 1340 del
769 1295 962 1353 collegio
984 1297 1043 1342 de
1071 1297 1252 1350 Plozca,
1284 1297 1525 1351 Ormuths,
1556 1295 1704 1353 Spira,
1732 1295 1800 1356 [y]
1830 1297 1966 1341 sobre

330 1373 374 1415 lo
394 1372 452 1418 de
473 1373 644 1430 Ispruc;
669 1388 842 1431 porque
864 1388 1051 1430 patesce
1071 1388 1162 1430 que
1182 1375 1273 1431 hay
1290 1373 1455 1418 diuisio
1476 1374 1492 1395 ¹
1515 1389 1572 1419 en
1589 1374 1657 1417 las
1681 1387 1705 1429 3
1729 1374 1762 1427 ³,
1787 1388 1817 1430 y
1837 1381 1966 1418 entre

329 1450 391 1494 H.
416 1465 446 1506 y
467 1451 525 1494 D.
551 1451 567 1471 ⁴
589 1466 618 1507 y
637 1451 780 1495 cadau
798 1465 902 1496 cree
918 1452 1024 1495 salo
1046 1466 1136 1508 que
1156 1458 1236 1509 pot
1257 1466 1338 1508 per
1360 1451 1592 1495 confessar
1613 1455 1640 1494 a
1656 1457 1774 1495 totes
1798 1464 1840 1506 3,
1864 1457 1957 1495 etc.

329 1528 462 1570 Mtro.
505 1528 647 1571 Paulo
686 1529 701 1550 ⁵
738 1542 798 1572 no
835 1529 910 1572 vol
938 1542 1012 1574 ser
1038 1534 1204 1582 rector,
1234 1543 1264 1586 y
1293 1530 1351 1573 P.
1387 1527 1630 1572 Dominico
1655 1529 1671 1551 ⁶
1699 1529 1775 1572 vol
1805 1542 1915 1572 anar
1942 1531 1969 1571 a

329 1604 364 1646 F
367 1617 524 1660 rauca:
549 1619 578 1660 y
601 1611 690 1648 tots
712 1612 805 1649 ests
827 1613 966 1662 punts
987 1620 1071 1650 son
1098 1605 1279 1650 dificils.

417 1680 662 1737 Inscriptio
684 1682 735 1725 in
757 1686 924 1739 quarta
939 1683 1140 1740 pagina:
1155 1684 1289 1742 Jhus.
1315 1683 1378 1727 Al
1405 1682 1546 1726 molto
1568 1682 1684 1726 Rdo.
1711 1682 1860 1726 Padre
1881 1695 1967 1726 no-

329 1763 422 1800 stro
449 1757 495 1800 in
524 1758 706 1802 Christo
737 1759 768 1802 il
797 1762 850 1803 P.
887 1761 923 1804 F
926 1774 1143 1805 rancesco
1174 1761 1231 1804 de
1260 1759 1445 1817 Borgia,
1485 1759 1715 1817 preposito
1751 1759 1965 1816 generale

327 1831 460 1891 [della
476 1835 776 1894 Compagnia]
794 1837 850 1880 de
861 1838 973 1895 Jesu
989 1843 1098 1891 etc.‚
1119 1851 1146 1881 a
1165 1837 1322 1882 Roma.
1341 1837 1450 1880 Alia
1468 1851 1628 1879 manu:
1647 1835 1794 1893 [1566]
1825 1841 1844 1863 c
1861 1835 1963 1880 Au—

328 1918 477 1966 gusta.
505 1912 557 1955 P.
584 1913 761 1957 Natale.
789 1924 812 1968 5
837 1913 882 1956 di
905 1913 1112 1971 Maggio.
1144 1913 1199 1959 C.
1234 1914 1488 1971 Vestigium
1509 1914 1674 1971 sigilli.

399 2054 420 2075 a
457 2048 542 2083 Hoc
561 2049 674 2084 verb.
700 2054 740 2084 et
757 2061 871 2097 seqq.
882 2077 891 2095 ‚
911 2062 1035 2098 usque
1053 2050 1102 2087 ad
1119 2050 1239 2088 finem
1254 2050 1461 2098 epistolae,
1475 2056 1567 2087 sunt
1580 2049 1731 2086 Natalis
1745 2061 1862 2085 manu
1875 2047 1968 2085 scri—

328 2112 393 2152 pta
402 2132 411 2142 .
423 2108 487 2135 -b
503 2107 568 2143 Sic
582 2107 622 2143 in
636 2111 889 2156 autographo;
905 2110 974 2146 sed
989 2110 1262 2147 desiderantur
1275 2110 1404 2158 aliqua
1418 2111 1554 2157 verba,
1569 2115 1612 2146 ut
1623 2121 1762 2146 sensus
1776 2109 1970 2156 complea-

327 2171 404 2212 tur,
423 2178 461 2201 v.
480 2178 524 2212 g.
548 2169 765 2215 responder
781 2171 807 2204 ά
821 2172 904 2205 esta
917 2182 943 2217 y
960 2172 986 2206 ά
1004 2171 1118 2206 todas
1132 2171 1194 2207 las
1207 2172 1345 2207 demas
1358 2173 1494 2207 cartas
1506 2172 1696 2206 mias.-e
1715 2169 1751 2205 A
1765 2168 1854 2205 libri
1867 2179 1969 2204 eom-

329 2225 499 2271 positore
517 2226 570 2262 ita
588 2227 721 2263 charta
745 2228 989 2274 agglutinata
1007 2235 1084 2277 est,
1103 2235 1146 2266 ut
1164 2241 1305 2276 annus,
1324 2229 1380 2266 ibi
1398 2235 1620 2274 annotatus,
1638 2229 1719 2275 legi
1736 2233 1919 2276 nequeat.

330 2338 332 2342 '
403 2340 413 2360 ¹
464 2339 572 2375 Haec
590 2339 847 2386 intelligenda
865 2341 1047 2379 videntur
1061 2343 1110 2379 de
1125 2343 1301 2390 negotio,
1314 2343 1419 2391 quod
1433 2342 1473 2379 in
1487 2342 1607 2390 epist.
1631 2341 1716 2389 387,
1734 2354 1776 2377 n.
1800 2350 1833 2387 1,
1847 2340 1966 2376 refer·
2010 2344 2012 2346 ’

328 2401 405 2442 tur,
423 2409 482 2433 sc.
506 2398 555 2434 de
574 2399 724 2435 Natalis
743 2399 882 2436 itinere
901 2401 1112 2438 ordinando
1131 2413 1199 2450 pro
1217 2402 1451 2439 Germaniae
1468 2401 1716 2438 lustratione.

399 2459 413 2478 ²
464 2458 547 2493 Hoc
572 2459 749 2506 verbum,
771 2464 811 2494 et
834 2471 934 2507 quae
958 2467 1190 2509 sequuntur,
1210 2462 1466 2498 lemovicensi
1484 2472 1664 2498 sermone
1688 2459 1832 2507 scripta
1849 2464 1960 2495 sunt.

330 2514 430 2550 Vide
447 2516 550 2552 dicta
569 2517 608 2553 in
626 2518 746 2565 epist.
770 2517 854 2565 360,
873 2531 961 2555 cum
979 2526 1116 2557 annot.

399 2576 413 2596 ³
463 2575 636 2621 Scilicet,
655 2577 695 2613 in
718 2577 843 2614 tribus
868 2579 1029 2625 reginis,
1048 2580 1203 2617 filiabus
1222 2580 1459 2617 Ferdinandi
1477 2581 1510 2627 Ι,
1528 2591 1628 2627 quae
1649 2578 1873 2626 Oeniponte
1898 2578 1966 2614 de·

329 2634 494 2678 gebant.
810 2639 825 2659 ⁴
874 2638 918 2672 Id
936 2644 1010 2685 est,
1029 2640 1197 2676 Hermes
1215 2641 1426 2687 Halpawer
1444 2643 1483 2675 et
1501 2639 1674 2686 Joannes
1692 2637 1865 2674 Dirsius.

402 2694 416 2714 ⁵
465 2694 667 2730 Hoffaeus.
811 2695 827 2716 ⁰
877 2697 1084 2744 Menginus
1096 2727 1104 2735 .
