2228 3548
719 0 727 27 ζ
850 0 948 31 ’τῆν-ν
963 0 996 18 ψ]
1010 0 1030 8 *v
1046 0 1181 18 r·.·-*.·›-v‘·*·
1227 0 1231 6 ·
1250 0 1267 10 ·1
1283 0 1286 2 ·
1308 0 1409 15 um«-
1434 0 1475 10 »Ὗ

751 19 755 22 .
819 29 822 31 ‚
882 30 887 32 ἡ
963 23 1014 40 tw,

869 307 915 344 16
938 309 1186 344 Dsscmfflms
1214 309 1305 354 1566
1796 308 1868 356 355

261 409 387 463 dosi,
412 423 591 466 sempre
612 411 784 454 restara
806 410 850 454 13
870 412 925 454 P.
950 411 1007 455 V.
1029 409 1075 453 in
1097 410 1258 454 liberta
1278 410 1324 455 di
1347 411 1443 457 fare
1473 411 1625 468 quello
1651 413 1738 458 che
1768 412 1801 456 li
1830 426 1915 469 pa-

272 489 374 533 tera
394 487 447 530 in
467 487 684 530 Domino,

366 577 408 609 2.
475 557 566 608 Pe'r
600 564 838 609 occasione
874 565 950 611 del
987 565 1056 610 2.⁰
1093 565 1268 620 scritto,
1308 572 1355 611 et
1387 568 1550 622 anche,
1582 568 1746 620 Padre,
1778 581 1917 612 senza

276 641 519 687 occasione
539 640 585 684 di
608 642 775 698 quello,
801 641 950 686 uorrei
971 644 1058 688 che
1078 643 1122 687 la
1143 644 1196 687 P.
1222 644 1280 688 V.
1306 643 1367 687 mi
1397 643 1613 698 scriuese,
1644 659 1694 689 se
1725 644 1772 688 in
1803 644 1917 688 Ala-

275 718 461 776 magnia
479 718 672 764 sarebbe
693 719 847 762 buono
868 733 960 763 non
981 726 1161 776 portare
1183 719 1214 763 li
1235 720 1378 764 nostri
1399 720 1430 764 li
1453 720 1712 766 uestimenti
1734 723 1820 766 che
1842 736 1919 766 so-

275 796 433 854 gliono
455 796 503 839 in
524 795 665 849 Italia,
691 811 739 840 se
762 810 854 840 non
880 797 966 840 che
987 796 1232 843 uestesimo
1255 797 1361 842 tutti
1382 798 1420 842 si
1441 813 1572 843 come
1592 796 1627 842 li·
1651 798 1748 856 pari
1777 799 1920 843 nostri

266 873 467 919 -secolari
488 873 668 918 honesti
690 880 986 917 acostumano
1008 888 1035 918 a
1055 874 1258 919 verstirsi
1286 882 1324 929 ⁸3
1349 876 1516 932 perche
1537 876 1652 921 oltre
1672 875 1718 919 di
1740 875 1811 921 cio
1833 878 1919 922 che

266 949 315 995 -si
337 950 438 995 dice
458 951 577 994 nella
597 951 717 994 bolla
738 958 785 995 et
805 951 1281 1007 nelle·constitutioni‚
1313 952 1547 1009 pensiamo
1574 960 1700 998 certo
1729 955 1814 999 che
1845 968 1915 998 sa-

277 1027 418 1072 rebbe
437 1027 675 1085 maggiore
697 1027 984 1074 edificatione
1004 1028 1109 1072 delli
1136 1028 1363 1082 catholici,
1395 1036 1442 1072 et
1472 1044 1635 1074 manco
1670 1030 1921 1075 offensione

267 1105 384 1149 ‘delli
406 1105 676 1162 aduersarij3
702 1112 748 1149 et
769 1105 863 1149 cosi
884 1105 1152 1151 desiderano
1174 1105 1323 1162 questi
1345 1106 1535 1163 principi
1564 1108 1742 1151 elettori
1771 1109 1921 1153 eccle-

276 1182 466 1235 siastici,
491 1183 582 1226 imo
603 1181 651 1226 in
672 1183 864 1239 qualche
884 1189 1012 1240 parte
1033 1183 1078 1227 lo
1105 1198 1300 1228 seruano
1329 1183 1422 1241 gia,
1456 1199 1538 1241 per
1573 1186 1762 1229 hauerlo
1792 1187 1920 1230 detto

281 1259 371 1305 essi
392 1259 468 1304 alli
490 1259 632 1304 nostri
657 1259 804 1304 Padri.
838 1261 992 1317 Certo,
1025 1260 1188 1314 Padre,
1218 1263 1304 1307 che
1335 1262 1527 1306 sarebbe
1563 1276 1679 1319 gran
1712 1264 1918 1307 consola-

282 1336 407 1382 tione
428 1343 590 1393 questa
610 1337 669 1383 de
690 1337 814 1390 tutti,
838 1352 888 1382 se
909 1337 947 1382 si
968 1345 1159 1395 puotese
1175 1339 1287 1383 fare:
1306 1339 1350 1382 la
1368 1341 1421 1383 P.
1442 1340 1501 1384 V.
1521 1353 1594 1383 me
1616 1339 1660 1383 lo
1678 1339 1792 1383 sacci
1808 1339 1925 1383 scri-

283 1428 393 1459 uere
414 1429 494 1471 per
515 1413 547 1457 il
569 1413 728 1471 primo.
754 1416 802 1459 Io
823 1429 915 1459 non
942 1414 1103 1458 dubito
1123 1414 1171 1459 in
1193 1423 1355 1471 questo
1377 1417 1462 1460 che
1483 1416 1522 1460 si
1550 1416 1672 1474 possi
1706 1417 1816 1470 fare3
1850 1432 1924 1461 ma

280 1493 533 1538 hauendosi
554 1501 737 1538 seruato
760 1493 895 1538 insin’
919 1494 1083 1539 adesso
1101 1493 1215 1537 altra
1236 1507 1358 1546 cosa,
1378 1507 1471 1537 non
1486 1495 1547 1537 ho
1563 1494 1723 1538 voluto
1740 1501 1919 1539 mutare.

279 1585 418 1615 senza
439 1572 688 1615 consultar³
711 1572 755 1615 la
778 1572 831 1615 P.
857 1572 916 1615 V.
941 1585 991 1615 se
1013 1585 1104 1614 non
1126 1571 1246 1614 douc
1267 1585 1358 1614 non
1380 1571 1407 1615 ὁ
1427 1570 1692 1624 introdotto,
1716 1573 1802 1616 che
1824 1573 1850 1615 ὲ
1872 1571 1918 1615 in

271 1648 429 1706 Spira,
455 1663 535 1705 per
555 1649 598 1693 13
620 1647 844 1693 necessita
864 1655 911 1692 et
933 1647 1144 1706 raggioni
1164 1649 1251 1693 che
1270 1649 1331 1692 ho
1352 1648 1479 1692 detto
1511 1650 1539 1692 ¹.

375 1739 415 1781 3.
480 1727 532 1770 In
554 1732 673 1771 tutte
693 1726 734 1770 le
758 1725 1011 1770 fundationi
1032 1725 1090 1768 de
1111 1724 1261 1781 questi
1281 1725 1459 1783 collegij
1489 1728 1551 1769 m'
1581 1739 1768 1771 occorre
1801 1740 1923 1770 sem—

284 1818 365 1860 pre
396 1804 592 1847 alchuna
622 1803 836 1847 difficolta
863 1802 983 1846 circa
1014 1802 1057 1846 la
1087 1801 1348 1859 prouisione
1383 1803 1442 1848 de
1472 1803 1711 1860 suppositi,
1746 1805 1923 1847 benche

286 1883 481 1924 mancho
503 1881 548 1924 in
570 1888 732 1937 questo
753 1880 947 1938 collegio
969 1881 1055 1924 che
1076 1878 1182 1923 nelli
1205 1879 1323 1934 altri3
1355 1886 1400 1925 et
1428 1884 1580 1924 tamen
1607 1882 1668 1924 ho
1705 1895 1924 1937 speranza

276 1959 373 2003 che
393 1958 424 2001 il
446 1958 642 2015 Signore
663 1958 858 2011 aiutara3
884 1965 930 2003 et
951 1958 1013 2001 m’
1037 1971 1240 2010 occorre,
1263 1958 1349 2001 che
1370 1972 1462 2002 non
1490 1957 1762 2015 pigliandosi
1790 1957 1923 2002 nisun

275 2034 480 2092 collegio
500 2035 578 2092 piu
600 2035 646 2078 in
668 2034 916 2080 Germania
937 2049 1018 2091 per
1038 2034 1205 2078 alchun
1227 2041 1394 2091 tempo,
1418 2035 1617 2079 secondo
1633 2034 1661 2077 il
1686 2042 1823 2078 conto
1839 2036 1924 2079 che

286 2112 514 2169 possiamo
538 2113 649 2166 fare,
674 2127 767 2156 non
787 2113 1095 2156 mancherano
1118 2110 1324 2168 operarij.
1351 2111 1409 2155 Et
1430 2112 1546 2156 oltre
1567 2111 1613 2154 di
1645 2111 1715 2155 cio
1747 2114 1846 2155 sara
1877 2112 1924 2154 di

275 2188 498 2246 ‘bisognio
521 2204 615 2233 non
642 2190 724 2232 far'
756 2187 959 2232 missioni
987 2202 1068 2244 per
1096 2188 1290 2243 qualche
1323 2197 1491 2246 tempo;
1527 2196 1572 2234 et
1602 2187 1924 2245 specialmente

278 2265 504 2311 -aiutando
526 2267 570 2309 la
594 2268 647 2309 P.
674 2267 731 2310 V.
765 2266 823 2309 da
851 2267 1011 2319 Roma,
1041 2265 1099 2308 de
1126 2264 1382 2322 philosophi
1409 2272 1456 2311 et
1489 2265 1705 2322 theologi,
1739 2264 1771 2307 li
1802 2265 1924 2320 quali

279 2343 499 2387 ·venendo
521 2342 568 2386 in
589 2342 836 2387 Germania
857 2341 917 2384 ad
939 2346 1113 2397 tempus
1134 2355 1214 2398 per
1234 2342 1410 2399 legger’
1430 2349 1594 2399 quatro
1614 2357 1641 2386 o
1659 2342 1824 2398 cinque
1841 2357 1924 2385 an—

290 2420 352 2473 ni,
391 2434 485 2464 non
521 2419 723 2476 perdono
758 2419 934 2471 niente,
975 2417 1076 2462 anzi
1113 2418 1434 2476 guadagniano
1470 2418 1833 2464 essercitandosi.
1867 2419 1924 2462 Et

291 2505 423 2541 staua
445 2497 693 2554 pensando,
720 2497 884 2548 Padre,
908 2495 947 2539 si
969 2495 1202 2540 deucsimo
1224 2509 1439 2542 reuocare
1456 2497 1591 2554 quelli
1609 2498 1665 2541 de
1682 2498 1718 2540 F
1721 2498 1924 2540 rancfor-

283 2574 382 2629 -dia,
422 2576 543 2620 doue
579 2574 773 2619 essendo
806 2580 932 2617 tanto
963 2572 1115 2629 pochi,
1150 2587 1241 2616 non
1270 2572 1308 2618 si
1335 2574 1427 2631 puo
1453 2589 1637 2618 seruare
1668 2572 1922 2630 disciplina,

282 2660 340 2697 et
361 2654 382 2680 ¹³
407 2654 531 2696 nulla
548 2666 766 2709 speranza
782 2652 854 2695 c’e
875 2651 933 2695 de
954 2650 1119 2693 fundar
1139 2649 1351 2708 collegio.
1376 2651 1531 2708 Quelli
1547 2653 1745 2695 anchora
1761 2649 1926 2705 cinque

281 2744 320 2773 ⁴o
341 2729 406 2774 sei
428 2729 617 2786 operarij
642 2729 687 2772 di
712 2727 903 2784 Phrysia
924 2726 963 2770 si
984 2728 1300 2783 puotrebbono
1322 2743 1556 2781 reuocare,
1582 2728 1748 2784 perche
1770 2741 1862 2770 non
1891 2727 1928 2770 si

293 2807 405 2850 uede
428 2808 625 2850 anchora
647 2819 865 2863 speranza
886 2804 932 2847 di
955 2803 1205 2848 fundation'
1234 2804 1438 2849 nissuna.
1465 2806 1575 2851 Solo
1605 2806 1653 2848 fu
1685 2803 1715 2846 il
1749 2805 1929 2848 feruore

359 2950 380 2971 ²
419 2942 499 2989 Sic,
518 2942 658 2990 partim
677 2942 927 2979 emendatum
945 2952 967 2976 a
985 2940 1038 2976 N.
1059 2952 1109 2976 ex
1123 2941 1448 2981 verstirsene.-b
1462 2940 1648 2988 Sequitur
1662 2951 1743 2976 non
1756 2940 1811 2976 c’d
1829 2939 1929 2976 obli-

286 3007 464 3039 teratum
475 3029 484 3039 .

367 3129 378 3150 ¹
431 3128 533 3165 Vide
553 3127 723 3176 append.
743 3127 871 3164 XLIII
890 3132 930 3162 et
947 3125 1071 3162 XLV.
