2228 3548
10 1231 13 1233 .
0 942 15 1212 ..w-,PF-w-:W-v-rv-
0 858 13 930 <xa-5*
0 802 13 826 y
0 763 6 788 w
0 725 13 744 ··›.
0 705 4 709 -
0 670 8 673 ,π
3 653 8 659 .

853 307 869 335 1
897 299 1145 338 Dsscmanms
1174 308 1265 347 1575
1758 310 1830 349 705

232 400 322 444 che
342 401 596 446 hauendosi
617 407 816 459 stampar
835 401 880 445 le
900 401 1125 446 auctorita
1141 403 1216 447 del
1232 403 1512 449 catechismo
1532 403 1580 448 in
1596 418 1660 447 vn
1674 405 1877 461 volume,

232 478 309 521 vol
330 492 547 535 procurat
569 480 654 523 che
675 478 714 522 si
737 478 880 523 faccia
899 494 991 524 vna
1010 479 1217 537 epistola,
1243 481 1363 525 nella
1384 481 1519 537 quale
1540 481 1607 525 sia
1627 482 1671 526 la
1687 496 1879 540 respon-

235 555 380 609 sione,
405 562 451 600 et
471 555 537 599 lui
558 556 668 599 dara
689 555 754 613 gli
774 555 934 613 puncti
962 563 1009 601 et
1036 557 1135 600 cusi
1163 557 1228 614 gli
1259 558 1320 601 ho
1351 558 1458 602 data
1489 559 1640 614 quella
1669 559 1878 604 oratione

236 634 310 677 del
331 633 549 687 heretico,
574 640 620 678 et
641 634 778 679 credo
800 634 846 677 fa
866 634 896 676 1’
921 633 1084 678 officio.
1107 634 1143 678 Il
1165 636 1219 678 P.
1245 635 1432 679 Rotario
1462 635 1501 679 si
1529 643 1660 680 troua
1686 637 1873 694 meglio,

237 710 507 756 benedictus
528 712 772 763 Dominus,
793 711 840 754 di
867 710 943 754 doi
971 710 1121 768 giomi
1148 711 1194 755 in
1223 727 1313 770 qua
1340 715 1427 758 che
1453 713 1674 769 cominoai
1702 714 1876 759 scriuer

236 794 414 844 questa.
440 788 475 831 Il
495 787 665 845 Signor
685 803 767 845 per
787 803 871 832 sua
892 787 1201 833 misericordia
1222 788 1459 847 augmenti
1480 791 1600 836 nella
1619 793 1684 847 P.
1718 793 1776 835 V.
1809 791 1875 849 gli

234 865 302 909 soi
324 864 470 909 sancti
492 865 599 908 doni
621 881 647 909 a
668 865 849 923 magior
869 865 1015 923 gloria
1041 865 1087 909 di
1114 880 1198 910 sua
1225 866 1381 910 diuina
1409 868 1520 911 Mta.
1551 874 1597 912 et
1624 875 1875 926 augmento

232 942 351 987 della
372 957 456 986 sua
478 942 777 1000 Compagnia.
802 941 895 986 Alli
917 942 1035 986 santi
1057 942 1265 986 sacrificii
1293 950 1338 988 et
1365 944 1559 988 orationi
1584 945 1703 988 della
1726 947 1780 988 P.
1809 946 1868 989 V.

231 1019 278 1063 di
299 1034 439 1064 cuore
459 1020 521 1063 mi
543 1019 806 1073 ricomandi,
830 1027 877 1063 et
897 1019 1004 1063 delli
1028 1019 1164 1063 Padri
1186 1020 1432 1075 assistenti,
1457 1028 1503 1065 et
1533 1021 1793 1076 secretario,
1827 1029 1874 1067 et

233 1097 340 1140 tutti
355 1097 369 1139 i
389 1097 524 1141 Padri
542 1104 588 1142 et
609 1096 789 1142 fratelli.
814 1096 874 1141 Di
896 1097 1031 1198 Hala,
1059 1110 1115 1152 30
1137 1096 1183 1139 di
1205 1098 1471 1143 Nouembre
1500 1109 1624 1155 1575.
1646 1101 1704 1144 D.
1732 1102 1785 1143 P.
1812 1101 1870 1144 V.

233 1188 370 1219 seruo
393 1174 440 1217 in
462 1176 522 1218 X.
529 1173 566 1228 ⁰,

1318 1258 1348 1315 ’ξ-
1380 1258 1570 1302 NADAL.
1605 1258 1635 1316 †

323 1406 567 1461 Inscriptio
587 1406 639 1448 in
660 1408 826 1462 quarta
846 1405 1043 1462 pagina,
1073 1419 1216 1448 manu
1244 1406 1408 1449 Patris
1435 1406 1607 1449 Nadal:
1635 1405 1666 1463 †
1694 1406 1871 1451 Admo-

230 1485 341 1528 dum
363 1483 478 1527 Rdo.
503 1482 550 1525 in
571 1483 656 1526 X.⁰
681 1481 805 1526 Patri
828 1484 882 1526 Ρ.
914 1481 1149 1525 Euerardo
1171 1482 1474 1536 Mercuriano,
1499 1483 1756 1540 praeposito
1785 1499 1868 1541 ge-

230 1559 372 1604 nerali
394 1559 635 1605 Societatis
649 1561 780 1618 Jesu.
812 1561 998 1603 Romae.
1029 1559 1138 1603 Alia
1158 1574 1318 1603 manu:
1352 1570 1480 1616 1575.
1513 1561 1647 1606 Hala.
1683 1563 1736 1605 P.
1772 1562 1867 1606 Na-

231 1639 336 1682 tale.
365 1652 420 1694 30
442 1637 487 1681 di
509 1637 788 1682 Nouembre.
814 1637 974 1694 Sigilli
993 1637 1255 1694 vestigium.

983 1781 1107 1823 588

648 1868 693 1903 P.
720 1865 1042 1903 EVERARDUS
1067 1865 1451 1904 MERCURIANUS

560 1947 772 1991 PATRI
816 1945 1248 1988 HIERONYMO
1289 1945 1540 1989 NADAL

727 2048 886 2081 ROMAE,
918 2046 933 2074 1
962 2046 1201 2075 memmius
1229 2046 1319 2085 1575
1346 2039 1372 2075 ¹.

230 2122 296 2157 Ad
308 2119 602 2168 perficiendum
620 2118 771 2155 librum
793 2116 1103 2152 meditationum
1127 2116 1175 2152 de
1197 2116 1282 2152 vita
1309 2115 1463 2153 Christi
1485 2129 1575 2153 cum
1601 2117 1866 2164 imaginibus,

206 2202 212 2212 ι
276 2181 396 2217 illum
410 2180 669 2215 adhortatur:
677 2180 819 2214 contra
831 2175 1077 2211 haereticum
1090 2176 1303 2222 quemdam
1317 2176 1486 2212 scribere
1502 2187 1580 2211 non
1594 2178 1864 2223 opportunum

277 2242 421 2276 censet:
436 2240 484 2275 de
501 2238 611 2274 obitu
627 2238 716 2274 ΡΡ.
739 2236 949 2272 Ledesmae
967 2237 1004 2270 et
1022 2233 1212 2281 Majoris.

319 2335 423 2380 Alie
444 2335 536 2379 due
554 2333 715 2378 lettere
738 2331 896 2376 ultime
918 2329 963 2373 di
986 2331 1042 2374 V.
1070 2331 1124 2374 R.
1151 2337 1313 2386 questo
1334 2332 1394 2375 ho
1422 2333 1508 2375 che
1536 2331 1854 2388 rispondergli.

233 2413 399 2466 Prima,
423 2409 643 2468 ringratio
670 2410 714 2454 la
738 2408 894 2452 diuina
917 2408 1092 2451 Maesta
1113 2408 1198 2452 che
1218 2407 1262 2452 le
1287 2407 1362 2451 dia
1382 2409 1525 2461 forze,
1550 2422 1636 2451 con
1674 2408 1715 2451 le
1738 2409 1862 2464 quali

231 2489 426 2534 tuttauia
443 2503 492 2533 se
508 2488 728 2544 imprega,
748 2493 794 2531 et
810 2485 885 2530 nel
902 2484 1026 2527 aiuto
1042 2484 1100 2526 de
1115 2483 1275 2537 nostri,
1289 2485 1599 2529 consolandoli
1617 2499 1703 2528 eon
1720 2486 1762 2528 le
1779 2500 1862 2529 sue

230 2564 533 2617 essortationi,
558 2571 604 2609 et
624 2564 700 2607 nel
720 2564 811 2608 ben
833 2559 1032 2618 publico,
1055 2561 1384 2616 procurandosi
1406 2564 1491 2605 che
1514 2563 1555 2605 le
1584 2576 1666 2605 sue
1696 2561 1863 2606 fatiche

227 2645 299 2688 del
322 2644 437 2686 libro
458 2642 577 2687 delle
598 2639 802 2697 imagini,
822 2639 991 2682 sieome
1012 2636 1326 2690 desideriamo,
1346 2652 1451 2682 esca
1475 2638 1520 2681 in
1544 2639 1660 2681 luce.
1687 2639 1744 2681 Et
1765 2638 1861 2682 cosi

227 2711 289 2766 V.
312 2723 365 2764 R.
392 2721 523 2776 potra
543 2732 650 2761 usar
669 2716 716 2759 di
738 2715 844 2772 quei
866 2713 1008 2758 mezzi
1035 2715 1120 2757 che
1147 2713 1383 2770 giudicara
1408 2714 1623 2772 migliori,
1649 2715 1861 2758 accioche

226 2798 257 2841 il
278 2798 394 2841 libro
415 2796 452 2840 si
474 2794 638 2851 stampi
660 2808 746 2837 con
767 2785 978 2848 maggior
998 2789 1175 2847 dignita
1196 2797 1243 2835 et
1263 2791 1478 2845 bellezza‚
1504 2799 1550 2836 et
1571 2792 1796 2835 ancorehe
1817 2791 1863 2835 io

224 2891 317 2919 non
338 2874 583 2918 manchero
605 2870 652 2914 di
673 2869 751 2926 qui
772 2868 818 2912 di
845 2867 1168 2912 raccomandar
1188 2875 1351 2924 questo
1372 2868 1559 2926 negotio
1587 2883 1612 2911 a
1640 2867 1785 2912 nostri
1813 2868 1859 2911 di

225 2952 437 3004 Fiandra,
461 2949 654 2994 affinche
676 2946 854 2990 saccino
874 2945 964 2988 co'l
991 2943 1203 2988 Piantino
1224 2945 1335 3002 ogni
1361 2945 1514 2989 debito
1542 2944 1711 2999 uffieio,
1742 2959 1858 2989 non-

298 3058 309 3079 ¹
361 3058 419 3093 Ex
433 3057 619 3102 Regesto,
639 3052 734 3090 Cod.
752 3062 795 3098 33
801 3050 859 3098 j),
873 3049 941 3087 fol.
956 3049 1019 3095 35.
1040 3049 1086 3086 In
1104 3050 1292 3097 margine:
1309 3052 1362 3087 Al
1376 3052 1425 3087 P.
1442 3050 1608 3087 Natale.
1628 3050 1729 3086 Vide
1743 3050 1859 3098 epist.

227 3117 399 3163 585-587,
417 3115 559 3163 quibus
576 3113 640 3150 hic
657 3110 930 3160 respondetur.

408 3181 523 3210 Epist.
544 3178 582 3208 P.
604 3177 738 3211 NADAL.
758 3183 833 3204 rou.
854 3173 917 3203 111.
1643 3174 1679 3202 ⁴5
