2228 3548
957 269 1001 307 13
1026 270 1136 317 Jnm
1163 270 1254 316 1567
1800 278 1868 316 491

284 373 338 416 P.
353 372 467 416 Mro.
488 371 754 416 Hieronimo
771 373 931 428 Nadal,
943 371 1208 417 comissario
1224 372 1334 416 dela
1349 372 1599 428 Compafiia
1607 371 1802 430 deJhus.
1823 378 1916 416 etc.

284 449 394 492 Alia
416 463 573 492 manu:
590 450 648 494 P.
675 448 1003 506 Ribadeneyra‚
1030 461 1086 507 29
1103 448 1227 508 Junij
1252 449 1325 504 67.
1346 449 1506 507 Sigilli
1535 449 1797 506 vestigium.

1035 561 1158 602 488

731 631 783 673 Ρ.
810 629 1221 673 HIERONYMUS
1252 628 1472 673 NADAL

615 699 856 738 SANCTO
892 698 1241 737 FRANCISCO
1279 699 1359 734 DE
1395 697 1589 745 BORJA

661 774 717 801 AD
742 773 914 802 FONTEM
938 764 1172 807 spAfmsma,
1202 763 1245 800 13
1269 772 1371 807 Jum
1398 764 1490 810 1567
1509 763 1536 798 ¹.

283 840 317 866 ι.
343 830 446 867 Acta
468 831 618 866 summi
638 830 840 878 pontificis
863 830 965 877 typis
987 830 1102 866 edere
1125 831 1163 865 et
1191 829 1409 876 divulgare
1441 829 1539 864 utile
1569 829 1830 865 videtur.—2.
1857 827 1920 864 De

325 891 567 926 scholasticis
584 890 827 938 approbatis:
842 890 1010 936 quinam
1029 889 1128 925 tales
1143 888 1315 925 habendi
1331 889 1426 930 sint,
1442 890 1758 935 quaeritur.—3.
1778 888 1919 924 Dialo-

322 961 398 998 gos
423 949 715 986 Ribadeneirae
737 951 784 986 de
804 949 1000 997 profugis
1028 960 1048 985 e
1079 949 1272 984 Societate
1290 949 1434 994 poscit:
1463 949 1511 984 de
1540 950 1715 994 tempore
1741 948 1922 983 orationi

328 1009 643 1054 tribuenda—4.
664 1009 852 1045 Facultas
866 1008 1143 1056 transferendi
1154 1007 1278 1043 socios
1291 1019 1338 1043 ex
1351 1007 1557 1054 Hispania
1571 1008 1615 1043 in
1634 1007 1918 1050 Germaniam,

328 1081 354 1104 a
373 1080 466 1116 rege
486 1069 674 1116 Philippo
691 1068 917 1104 obtinenda:
936 1079 991 1103 an
1009 1067 1173 1103 Natalis
1195 1066 1316 1102 illum
1339 1069 1543 1114 expectare
1567 1067 1703 1103 debeat
1726 1067 1768 1102 in
1795 1067 1916 1102 Flan-

327 1128 438 1164 dria:
456 1139 533 1174 quo
544 1130 662 1174 pacto
671 1127 818 1174 juvari
830 1128 985 1173 possint
1001 1127 1099 1162 socii
1115 1126 1355 1162 colonienses
1371 1127 1417 1161 in
1436 1127 1644 1173 praesenti
1666 1126 1917 1162 discrimine.-

327 1187 376 1222 de
401 1186 550 1234 granis
573 1186 798 1222 benedictis:
820 1186 868 1221 de
891 1185 1036 1221 vestitu
1059 1185 1317 1220 sociorum·
1323 1193 1360 1228 5.
1388 1183 1449 1219 De
1479 1184 1658 1231 collegiis
1685 1184 1857 1230 spirensi
1879 1187 1918 1220 et

326 1245 605 1291 herbipolensi:
625 1248 837 1292 utrumque
851 1244 1085 1291 provinciae
1102 1243 1232 1279 Rheni
1248 1243 1519 1290 assignatum:
1543 1243 1640 1278 socii
1663 1244 1706 1278 in
1735 1243 1918 1279 Galliam

327 1305 549 1340 mittuntur
565 1316 592 1339 a
610 1305 780 1352 Borgia.
804 1328 807 1329 γ
831 1304 868 1340 6.
889 1304 950 1340 De
967 1315 1048 1339 non
1066 1303 1364 1351 transferendis
1381 1303 1553 1338 Romam
1578 1303 1708 1345 sociis,
1729 1304 1919 1350 generali

326 1365 565 1400 inconsulto:
583 1364 803 1400 declaratio
819 1365 867 1400 de
878 1363 1165 1411 jurisdictione
1182 1366 1219 1399 et
1235 1362 1365 1410 officio
1381 1363 1704 1408 visitatoriS.-7.
1726 1362 1917 1399 Canisius

324 1423 454 1471 officio
471 1424 738 1470 provincialis
757 1426 978 1472 gravatur.-
1002 1423 1114 1459 bulla
1139 1423 1211 1459 Pii
1243 1423 1277 1457 V
1295 1423 1343 1458 de
1367 1423 1560 1469 apostatis
1583 1422 1727 1458 Natali
1749 1423 1914 1459 data.-

324 1483 363 1518 8.
383 1484 510 1530 Aquis
524 1483 658 1531 sontis
681 1484 889 1520 leodiensis
904 1483 1111 1530 juvantur
1133 1481 1297 1519 Natalis
1319 1485 1357 1519 et
1378 1483 1491 1519 socii:
1515 1482 1718 1530 episcopus
1742 1483 1914 1531 brugen—

322 1543 377 1578 sis
397 1541 669 1578 Claissonium
686 1543 761 1579 sibi
777 1543 886 1579 mitti
897 1543 1037 1589 poscit.

372 1620 409 1652 1.
468 1609 599 1667 jhus.
632 1609 776 1654 Molto
804 1610 858 1652 R.
892 1610 944 1652 P.
971 1609 1029 1652 N.
1054 1607 1101 1651 in
1130 1607 1326 1652 Christo.
1354 1609 1451 1652 Pax
1479 1607 1671 1660 Christi,
1702 1613 1796 1653 etc.
1836 1608 1914 1651 Ho

278 1684 501 1729 riceuutte
523 1684 671 1742 questi
693 1684 842 1742 giorni
864 1685 954 1730 due
969 1685 1128 1730 lettere
1144 1685 1261 1729 della
1278 1687 1331 1729 P.
1351 1686 1425 1739 V.,
1445 1685 1502 1730 de
1522 1698 1546 1741 3
1565 1691 1611 1729 et
1630 1697 1686 1727 20
1702 1685 1760 1729 de
1778 1686 1911 1742 Mag-

278 1761 371 1819 gio.
397 1763 487 1807 Un’
511 1763 639 1815 altra,
666 1777 693 1806 ο
714 1763 825 1806 altre
847 1764 932 1807 che
953 1761 1161 1819 significa
1176 1763 1219 1806 13
1241 1763 1295 1806 P.
1315 1763 1373 1807 V.
1394 1762 1599 1807 hauermi
1618 1761 1790 1815 scritto,
1816 1777 1911 1805 non

277 1839 308 1881 l'
332 1839 392 1882 ho
413 1838 638 1883 riceuutte
658 1838 792 1883 insin'
818 1839 976 1883 adesso
997 1853 1006 1893 ;
1031 1845 1077 1884 et
1098 1852 1181 1883 con
1205 1845 1363 1895 queste
1384 1854 1474 1883 non
1505 1840 1530 1883 e
1559 1839 1600 1883 la
1631 1839 1822 1882 formula
1854 1840 1913 1883 de

280 1915 446 1959 fundar
467 1915 663 1973 collegii,
689 1917 794 1972 qual
815 1916 915 1960 dice
936 1916 978 1959 la
1009 1917 1062 1959 P.
1087 1916 1145 1960 V.
1170 1916 1373 1960 hauermi
1400 1916 1628 1960 mandato.
1655 1917 1713 1959 Et
1741 1923 1914 1972 quanto

278 2006 305 2035 a
327 1993 476 2048 quella
497 1993 552 2036 de
577 2007 618 2049 3.
644 1993 880 2047 Desidero,
906 1994 1068 2048 Padre,
1094 2006 1251 2050 sapere
1267 2007 1318 2038 se
1337 2007 1429 2037 non
1458 1995 1559 2037 sara
1581 2000 1742 2037 contra
1763 1993 1805 2036 la
1827 2007 1909 2036 vo-

275 2069 402 2112 lonta
423 2069 469 2112 di
491 2071 585 2115 Sua
607 2070 784 2115 Santita
806 2076 1030 2127 stampare
1051 2070 1093 2114 le
1113 2084 1267 2116 nuoue
1288 2071 1371 2115 che
1399 2070 1437 2114 si
1460 2070 1672 2114 scriuono
1700 2070 1805 2113 delli
1826 2069 1907 2114 atti

274 2145 321 2189 di
350 2147 444 2191 Sua
473 2146 776 2201 Beatitudine;
807 2148 973 2204 perche
1001 2161 1182 2204 sapemo
1210 2147 1286 2191 noi
1306 2149 1391 2192 che
1420 2148 1524 2204 quel
1554 2147 1731 2200 libreto,
1768 2148 1841 2190 ch’
1866 2146 1913 2189 io

274 2222 454 2266 mandai
477 2224 563 2267 alla
586 2225 638 2267 P.
666 2226 743 2277 V.,
767 2226 827 2268 ha
854 2226 968 2267 fatto
990 2238 1104 2281 gran
1126 2225 1267 2267 frutto
1287 2223 1334 2267 in
1356 2225 1638 2281 Alamagna‚
1665 2229 1710 2268 et
1731 2223 1909 2280 puotria

278 2300 418 2343 esser’
441 2301 525 2343 che
546 2300 675 2343 molti
695 2300 796 2344 libri
818 2302 903 2345 che
920 2300 957 2343 si
973 2299 1181 2344 scriuano
1197 2307 1356 2345 contra
1374 2301 1438 2358 gli
1455 2300 1643 2345 heretici
1667 2315 1757 2343 non
1779 2299 1911 2343 siano

278 2374 324 2417 dj
347 2381 472 2419 tanta
488 2376 703 2430 efficacia,
724 2391 852 2422 come
869 2377 1001 2422 simili
1019 2378 1103 2422 che
1119 2376 1156 2420 si
1174 2376 1422 2422 scriuesero
1439 2378 1555 2421 della
1572 2377 1664 2421 vita
1681 2377 1725 2420 di
1748 2384 1912 2432 questo

278 2453 519 2509 pontefice.
546 2454 603 2496 Et
629 2468 723 2498 non
751 2455 943 2499 essendo
971 2461 1127 2498 contra
1154 2454 1197 2498 13
1223 2454 1407 2498 volonta
1428 2455 1485 2498 de
1515 2462 1671 2498 nostro
1707 2453 1908 2510 signore,

281 2529 339 2572 ne
361 2529 478 2574 della
501 2531 554 2573 P.
582 2531 659 2584 V.,
685 2531 760 2575 noi
783 2531 1087 2589 pigliaresimo
1107 2531 1138 2573 l'
1163 2538 1349 2575 assunto
1370 2532 1415 2575 di
1438 2533 1614 2576 metter’
1640 2531 1685 2586 in
1702 2532 1825 2574 buon
1841 2531 1909 2574 la-

278 2604 374 2648 tino
398 2612 514 2650 tutte
535 2607 578 2651 le
598 2610 855 2653 nuoue.che
878 2607 1131 2665 puotesimo
1150 2609 1320 2654 hauere
1342 2623 1423 2666 per
1439 2608 1484 2652 di
1501 2623 1605 2664 qua,
1626 2608 1912 2664 procurando

272 2681 317 2724 la
340 2683 393 2725 P.
420 2684 476 2727 V.
504 2683 549 2726 di
570 2685 802 2730 mandarle
824 2687 975 2729 buone
996 2691 1042 2729 et
1062 2684 1108 2728 di
1129 2685 1281 2730 buona
1302 2693 1445 2743 parte,
1473 2693 1518 2730 et
1539 2685 1614 2728 noi
1635 2686 1677 2729 le
1699 2684 1909 2729 faresimo

276 2763 518 2815 stampare.

364 2846 406 2877 2.
473 2837 658 2891 Quanto
675 2838 748 2882 alli
769 2839 962 2883 scholari
981 2838 1233 2895 approbati,
1252 2840 1400 2884 vorrei
1418 2840 1641 2884 intender'
1660 2838 1810 2895 quello
1825 2839 1911 2884 che

349 2958 358 2977 ¹
410 2959 470 2994 Ex
501 2948 728 3008 archetypo,
759 2974 781 2998 a
811 2962 991 3009 Jimenez
1022 2966 1193 3009 exarato,
1224 2968 1265 2999 et
1293 2964 1445 3000 Natalis
1465 2975 1581 2999 manu
1606 2962 1840 3010 subscripto,
1865 2962 1905 2998 in

275 3016 410 3063 Epist.
436 3017 588 3062 Natat„
609 3020 659 3062 11,
679 3020 826 3068 duplici
843 3021 927 3064 fol„
950 3021 1015 3067 187
1039 3021 1141 3066 (506,
1165 3025 1264 3068 507).
1285 3023 1386 3059 Vide
1410 3022 1528 3070 epist.
1554 3032 1624 3068 479
1648 3027 1688 3058 et
1710 3022 1794 3068 484,
1819 3022 1902 3070 qui-

279 3074 353 3110 bus
370 3075 467 3111 haec
485 3076 711 3123 respondet.
