2228 3548
423 280 491 319 190
926 268 1068 304 Emsr.
1096 267 1140 302 P.
1168 265 1352 303 NADAL·
1370 275 1440 312 4¹5

369 390 400 431 y
420 375 464 417 lo
486 373 645 415 mismo
666 387 692 415 a
721 369 949 413 mostrado
972 373 998 412 a
1036 369 1104 411 los
1141 368 1200 411 de
1222 367 1481 421 Monachio‚
1516 381 1645 412 como
1667 383 1739 413 me
1775 367 1999 414 escriuen.

369 452 488 495 Creo
510 463 597 505 que
619 452 729 491 aura
751 446 937 503 perdido
965 446 1158 503 algunas
1186 445 1392 489 sombras
1425 459 1515 502 que
1542 449 1664 490 tenia
1690 447 1748 492 de
1773 452 1998 499 nosotros‚

366 541 500 571 como
521 532 644 570 estos
674 525 845 569 Padres
873 526 1042 567 temian
1067 529 1104 566 Ε.
1138 524 1239 566 Por
1259 526 1354 566 esta
1375 537 1434 566 no
1461 537 1640 567 occorre
1667 527 1767 567 otra
1793 538 1911 567 cosa.
1943 523 2003 565 El

367 605 511 647 Senor
533 617 607 646 sea
637 617 717 644 con
746 604 965 644 nosotros.
1005 599 1104 644 Ora
1128 605 1220 656 pro
1248 600 1391 653 nobis,
1413 601 1572 644 Pater.
1597 602 1669 644 De
1699 601 1916 659 Dilinga,
1944 611 2000 657 19

366 682 420 724 de
441 681 558 723 Iulio
581 680 711 734 1566.
738 680 809 721 De
841 679 890 721 V.
912 678 969 720 P.
994 691 1206 741 seruo-en
1230 677 1331 731 X.⁰,

1459 760 1489 819 †
1520 762 1702 879 NAim'
1737 761 1766 819 †

453 912 698 967 Inscriptio
716 912 766 954 in
787 914 915 954 sexta
931 910 1132 967 pagina:
1155 907 1256 967 †A1
1272 910 1411 953 molto
1428 910 1546 954 Rdo.
1571 910 1618 953 in
1632 910 1815 955 Christo
1837 911 2000 963 Padre,

363 991 395 1033 il
418 990 564 1034 Padre
588 991 650 1033 M.
678 990 935 1032 Franceseo
954 987 1012 1030 de
1035 986 1220 1043 Borgia,
1242 986 1470 1047 preposito
1487 988 1700 1044 generale
1724 987 1842 1032 della
1863 988 2004 1032 Com-

363 1066 533 1124 pagnia
563 1066 608 1109 di
641 1064 840 1122 Giesusl·
869 1065 918 1107 In
948 1066 1107 1108 Roma.
1142 1065 1250 1107 Alia
1272 1079 1431 1107 manu:
1460 1065 1585 1119 1566.
1607 1064 1808 1122 Di-linga.
1835 1066 1888 1109 P.
1909 1066 2001 1109 Na-

366 1145 471 1189 tale.
503 1156 555 1201 19
571 1144 629 1188 de
646 1141 826 1200 Luglio.
854 1142 908 1185 C.
935 1141 1094 1198 Sigilli
1117 1142 1380 1198 vestigium.
1400 1130 1402 1132 ¹

1146 1236 1256 1276 1115

811 1310 865 1352 P.
901 1309 1312 1353 HIERONYMUS
1344 1309 1563 1352 NADAL

705 1384 948 1423 SANCTO
983 1384 1329 1422 FRANCISCO
1364 1385 1440 1420 DE
1474 1384 1668 1433 BORJA

902 1458 1123 1495 D1L1NGAE,
1144 1459 1189 1485 20
1207 1458 1309 1493 JUL11
1330 1450 1420 1495 1566
1441 1453 1463 1484 ¹.

364 1527 399 1553 Ι.
427 1517 543 1552 Libro
573 1517 728 1552 comitis
753 1516 935 1562 palatini
963 1526 1044 1550 non
1074 1516 1412 1562 respondendum:
1437 1517 1612 1552 caesaris
1640 1528 1741 1564 erga
1771 1516 2006 1553 Societatem

412 1575 696 1612 benevolentia:
716 1575 864 1610 librum
893 1574 1112 1610 Clzemnitii
1134 1586 1257 1621 quam
1277 1575 1462 1621 primum
1488 1576 1801 1621 confutandum:
1822 1576 1870 1612 de
1895 1576 2007 1612 novis

414 1635 594 1682 collegiis
623 1634 875 1680 acceptandis
899 1634 1078 1668 nondum
1103 1634 1325 1680 quidquam
1349 1635 1477 1670 statui
1503 1638 1719 1682 posse.—2.
1755 1635 1948 1683 Pontifex
1969 1638 2006 1671 et

412 1694 643 1731 cardinales
666 1694 713 1729 de
738 1693 849 1737 felici
872 1693 981 1728 exitu
1006 1696 1221 1729 conventus
1244 1694 1470 1741 augustani
1488 1695 1732 1741 gaudent.-
1747 1704 1784 1740 3.
1807 1694 1869 1730 De
1893 1694 2006 1731 colle-

407 1755 506 1802 giis,
523 1753 746 1800 Herbipoli‚
768 1753 913 1799 Spirae
930 1756 967 1788 et
986 1753 1186 1789 Olomutii
1198 1753 1473 1789 instituendis:
1486 1754 1533 1788 de
1547 1754 1692 1789 itinere
1708 1754 1755 1788 P.
1778 1753 1950 1790 Thomae
1967 1756 2005 1789 et

413 1813 628 1849 sociorum:
648 1813 806 1848 litterae
825 1812 982 1847 indicae
1000 1813 1043 1847 in
1061 1823 1283 1848 sermonem
1308 1812 1484 1848 latinum
1503 1813 1742 1848 translatae.
1756 1834 1776 1838 -
1792 1823 1834 1858 4.
1861 1812 2003 1850 Caesa-

414 1873 474 1908 ris
491 1875 528 1908 et
546 1871 820 1918 imperatricis
843 1872 1010 1918 epistola
1029 1874 1107 1918 pro
1130 1870 1298 1919 collegio
1320 1881 1592 1916 romana—5.
1629 1872 1850 1919 Theologus
1872 1872 2004 1921 ingol-

413 1932 638 1974 stadiensis,
660 1931 811 1976 aliique
829 1931 873 1965 in
891 1931 1104 1977 collegium
1120 1931 1403 1978 germanicum
1423 1931 1627 1967 mittendi:
1650 1932 1799 1966 iterum
1818 1932 1866 1967 de
1889 1931 2002 1968 colle-

410 1991 495 2039 giis
512 1990 791 2036 herbipolensi,
808 1990 982 2035 spirensi
998 1993 1034 2025 et
1057 1990 1313 2026 olomucensi:
1331 1991 1379 2026 de
1401 1989 1584 2038 Gaspare
1601 1991 1741 2038 anglo:
1759 1991 2003 2038 dispensatio

411 2054 491 2098 pro
519 2050 708 2098 pluribus
743 2050 984 2096 praebendis
1017 2051 1270 2097 acceptandis
1303 2051 1352 2086 ab
1391 2063 1471 2086 uno
1509 2052 1720 2098 eodemque
1745 2052 2007 2088 canonico.—

415 2109 453 2146 6.
474 2110 693 2156 Episcopus
713 2109 903 2144 Surrenti
920 2112 956 2144 et
974 2111 1139 2145 auditor
1160 2110 1424 2146 Lancillottus
1441 2110 1649 2146 Societatis
1671 2111 1810 2147 amici:
1836 2112 1883 2147 de
1906 2111 2007 2147 votis

415 2169 663 2216 simplicibus
683 2168 890 2204 Societatis
909 2180 986 2203 non
1005 2169 1204 2205 solvendis
1221 2170 1303 2205 nisi
1320 2181 1346 2215 a
1362 2181 1519 2205 summo
1533 2169 1722 2218 pontifice
1736 2182 1748 2205 .·
1773 2171 1822 2205 Ρ.
1850 2171 1955 2206 Pae'z
1971 2172 2008 2206 et

407 2227 583 2275 Jacobus
609 2227 872 2263 Valentianus
886 2239 974 2262 cum
996 2228 1047 2262 P.
1072 2227 1216 2263 Natali
1232 2229 1277 2263 in
1300 2229 1513 2264 Austriam
1537 2231 1764 2264 transeunt:
1789 2229 1950 2265 lectores
1971 2230 2008 2264 et

417 2287 674 2323 concionator
690 2286 973 2321 desiderantur
992 2287 1036 2322 in
1057 2286 1282 2323 Germania
1300 2288 1519 2335 superiori.
1532 2296 1615 2333 -7.
1636 2289 1690 2323 Β.
1717 2287 2008 2336 Canisiuspro-

419 2345 621 2382 vincialis:
639 2346 815 2381 doctores
832 2346 1050 2393 theologiae
1068 2347 1230 2394 collegii
1247 2347 1602 2395 dilingensis.-8.
1624 2348 1685 2383 De
1703 2348 1751 2383 P.
1767 2348 2005 2395 Halpawer,

417 2406 470 2442 P.
495 2405 650 2446 Dirsio,
669 2407 706 2440 et
723 2405 770 2440 de
788 2405 961 2450 reginis,
974 2415 1058 2450 -9.
1085 2405 1259 2448 NataliS,
1271 2405 1452 2453 jamjam
1465 2406 1740 2454 profecturus,
1763 2405 1924 2443 Canisio
1943 2418 2006 2443 res

414 2464 650 2511 provinciae
668 2465 934 2501 commendat:
954 2466 1179 2501 cardinalis
1196 2469 1452 2514 augustanus
1468 2469 1505 2502 et
1521 2466 1699 2502 Natalis.

469 2542 506 2573 Ι.
571 2531 660 2572 Ihs.
692 2531 803 2585 Muy
832 2530 945 2572 Rdo.
977 2544 1032 2573 en
1065 2530 1247 2574 Christo
1275 2538 1461 2594 nuestro
1494 2531 1655 2575 Padre.
1688 2533 1784 2574 Pax
1813 2531 1996 2575 Christi.

445 2643 465 2663 a
493 2636 605 2681 Quae
623 2639 839 2682 sequuntur
857 2646 979 2682 usque
998 2635 1045 2671 ad
1064 2636 1180 2671 finem
1199 2636 1388 2687 epistolae
1406 2642 1497 2673 sunt
1514 2637 1769 2684 autographa.

448 2725 459 2744 ¹
509 2723 568 2757 Ex
598 2723 823 2769 archetypo,
850 2723 899 2757 ab
924 2722 1058 2768 ignoto
1084 2723 1241 2759 librario
1264 2723 1425 2771 scripto,
1451 2729 1491 2760 et
1520 2735 1542 2759 a
1572 2724 1701 2759 Natali
1719 2724 1940 2771 subscripto
1964 2730 2005 2760 et

374 2780 596 2826 emendato,
616 2781 655 2816 in
673 2781 809 2828 Epist.
832 2781 988 2828 Natal.,
1006 2783 1058 2828 11,
1076 2782 1221 2830 duplici
1245 2782 1329 2829 fol.‚
1357 2792 1424 2829 144
1451 2782 1551 2830 (130,
1573 2781 1672 2828 131).
1703 2784 1850 2828 Verba,
1875 2783 2005 2820 addita

375 2841 439 2876 vel
469 2839 660 2887 castigata
689 2852 805 2875 manu
833 2840 998 2887 Natalis,
1029 2841 1171 2878 litteris
1202 2842 1342 2878 italicis
1373 2847 1566 2878 notamus.
1600 2841 1701 2878 Cum
1719 2842 1914 2889 librarius,
1938 2842 2006 2890 qui

376 2900 475 2934 hanc
498 2899 702 2946 epistolam
726 2899 913 2946 exaravit,
940 2911 1016 2936 non
1040 2902 1142 2936 bene
1165 2903 1325 2937 calleret
1349 2902 1522 2947 linguam
1546 2901 1802 2948 hispanicam,
1820 2903 2007 2938 nonnulla

376 2959 497 2993 verba
515 2969 716 3005 perperam
733 2957 902 3004 scripsit:
922 2971 963 2994 v.
987 2971 1027 3004 g.
1043 2962 1118 3005 per
1135 2961 1219 2996 loeo
1233 2964 1324 3007 por,
1349 2960 1650 3006 occupatissimo
1668 2971 1737 3007 pro
1761 2961 2004 3007 ocupadissi-

376 3027 456 3058 mo,
475 3022 552 3052 etc.
572 3017 714 3064 Aliqua
730 3018 899 3053 correxit
922 3017 1085 3065 Natalis,
1106 3019 1180 3054 alia
1197 3019 1373 3066 reliquit.
1408 3019 1489 3055 Nos
1513 3019 1695 3066 prudenti
1712 3019 1848 3055 lectori
1872 3031 2002 3055 emen-

374 3075 502 3110 danda
518 3075 787 3123 relinquimus,
806 3087 866 3123 ea,
883 3088 982 3123 quae
1000 3077 1159 3113 minoris
1183 3078 1369 3114 momenti
1393 3078 1611 3124 videantur,
1626 3078 1833 3125 praecipua
1851 3078 2003 3114 dumta-
