2228 3548
841 281 884 318 31
909 283 1158 344 pizczmssms
1188 284 1279 329 1576
1464 269 1469 278 ⁸
1756 293 1829 333 729

235 379 329 426 mio
349 397 604 442 compagno
625 391 799 429 venuto
820 384 866 428 di
887 386 923 428 F
926 385 1094 429 iandra.
1118 385 1208 430 Gia
1229 401 1316 430 eon
1338 386 1381 430 la
1402 386 1550 444 gratia
1565 387 1640 431 del
1655 386 1827 445 Signor
1848 391 1876 435 ὁ

237 467 421 516 pagatO,
446 462 596 505 dando
617 461 660 506 io
682 462 834 519 quello
855 463 1037 506 haueua
1058 469 1104 506 et
1120 477 1315 507 seruaua
1330 477 1412 520 per
1428 463 1652 508 rescriuer
1666 465 1709 510 le
1726 480 1874 510 anno-

240 537 398 582 tationi
419 546 465 582 et
485 538 783 593 meditationi,
809 546 854 584 et
875 539 907 582 il
925 539 1080 597 precio
1100 540 1174 584 del
1197 541 1390 594 cauallo,
1417 548 1462 585 et
1489 541 1520 583 il
1547 541 1700 598 precio
1729 543 1775 586 di
1803 545 1871 587 al—

239 615 354 672 guni
374 615 509 672 pochi
530 616 632 659 libri
658 622 694 670 a,
720 617 805 660 che
826 617 886 660 ho
907 616 930 644 ¹>
954 616 1143 660 venduti
1165 617 1207 660 al
1222 624 1371 661 rector
1385 617 1431 661 di
1449 618 1586 673 Hala,
1606 626 1652 664 et
1673 620 1716 663 la
1737 619 1871 664 limo-

237 703 351 748 syna
371 693 456 736 che
483 692 515 735 il
537 695 590 736 P.
614 693 861 737 Guillelmo
886 695 897 715 ¹
922 694 982 737 ha
1003 695 1174 737 hauuta
1195 694 1251 737 da
1276 694 1433 751 alguni
1454 695 1625 749 deuoti,
1651 709 1738 740 con
1759 695 1870 754 ogni

235 768 520 814 edificatione
541 777 587 813 et
607 770 788 815 lieentia
815 771 889 815 del
917 772 971 814 P.
1003 770 1265 824 Rabastein,
1296 778 1444 815 rector
1471 772 1517 815 di
1549 773 1721 829 Ispruc.
1762 776 1869 819 Non

233 846 379 902 potrei
417 847 674 893 facilmente
703 848 895 904 esplicar
930 855 1100 904 quanta
1136 848 1419 892 consolation
1456 851 1518 892 ho
1550 851 1793 896 rescebuto
1822 852 1870 896 in

235 931 411 979 questo.
436 923 513 969 Sia
534 925 719 969 laudato
742 925 885 970 Iddio.
911 926 968 968 Et
987 931 1005 952 ⁰
1035 940 1127 968 non
1154 926 1213 969 ha
1240 932 1408 982 pagato
1430 926 1583 971 niente
1606 927 1650 970 la
1681 928 1871 984 prouin—

235 999 319 1044 cia.
346 1002 393 1044 Io
414 1009 502 1056 sto,
521 1016 652 1046 come
673 1017 756 1046 son
777 1008 896 1046 stato
918 1008 1036 1045 tutto
1053 1010 1215 1058 questo
1237 1017 1374 1056 anno,
1395 1003 1511 1046 assai
1534 1004 1623 1047 mal
1644 1005 1866 1061 dispostO.

236 1076 390 1122 Giouo
414 1082 566 1122 tamen
596 1078 627 1122 il
664 1093 919 1136 compagno
946 1094 973 1122 a
1003 1080 1219 1124 emendar
1247 1079 1311 1136 gli
1339 1080 1486 1123 scritti
1513 1081 1629 1125 delle
1659 1081 1865 1139 imagini,

237 1153 267 1196 il
289 1156 374 1198 che
398 1170 488 1199 non
511 1158 690 1201 haueua
712 1162 873 1212 potuto
899 1156 963 1199 fin
990 1156 1167 1210 adesso,
1202 1171 1282 1213 per
1313 1171 1404 1201 non
1437 1159 1579 1203 hauet
1610 1172 1867 1216 compagno

237 1238 358 1287 apto,
383 1233 489 1277 helo
509 1232 530 1260 ‘¹
556 1232 587 1275 il
611 1235 663 1276 P.
688 1233 929 1276 Zonhouio
947 1240 1119 1289 quanto
1134 1240 1302 1290 poteua
1317 1234 1562 1279 desiderar:
1584 1235 1614 1278 il
1631 1238 1716 1280 che
1738 1237 1868 1281 finito

235 1322 327 1352 non
348 1323 398 1352 so
420 1309 458 1353 si
479 1309 540 1353 mi
560 1313 692 1367 potro
721 1311 919 1367 applicat
945 1311 1003 1354 ad
1030 1311 1143 1354 altra
1175 1325 1297 1366 cosa,
1332 1326 1406 1355 ma
1437 1312 1628 1355 scriuiro
1657 1314 1731 1358 del
1758 1328 1867 1358 suc-

231 1397 378 1441 ceSSO,
396 1401 478 1443 per
498 1402 570 1431 ser
587 1387 775 1444 guidato
796 1388 914 1432 dalla
937 1390 990 1432 P.
1016 1389 1072 1432 V.
1085 1423 1095 1443 ,
1119 1388 1222 1432 cuia
1243 1388 1336 1433 vita
1352 1396 1397 1434 et
1419 1389 1565 1433 sanita
1588 1391 1798 1434 conserui
1818 1398 1865 1435 et

232 1463 468 1520 augmenti
489 1464 520 1507 il
542 1464 710 1522 Signor
731 1480 756 1508 a
779 1479 861 1508 sua
883 1465 1092 1522 maggior
1119 1465 1265 1522 gloria
1292 1473 1338 1510 et
1358 1467 1506 1511 salute
1532 1466 1577 1510 di
1607 1468 1746 1512 molte
1767 1467 1864 1511 ani-

231 1550 318 1583 me.
344 1542 449 1585 Alle
470 1542 662 1586 orationi
684 1549 729 1586 et
751 1541 959 1586 sacrificii
982 1543 1100 1586 della
1122 1545 1176 1587 P.
1197 1545 1255 1587 V.
1275 1544 1333 1587 da
1350 1558 1487 1589 cuore
1504 1544 1564 1589 mi
1583 1544 1862 1600 ricomando,

228 1622 276 1661 et
316 1616 421 1662 delli
463 1619 599 1663 Padri
639 1619 867 1664 assistenti
907 1626 954 1664 et
994 1620 1237 1664 secretario
1278 1628 1325 1666 et
1366 1635 1450 1665 suo
1486 1635 1757 1679 compagno.
1799 1622 1861 1666 Di

198 1734 203 1735 ⁷
231 1690 351 1737 Hala
373 1695 406 1737 ’.

319 1771 566 1828 Inscripiio
585 1773 637 1815 in
659 1777 825 1829 quarta
841 1774 1039 1831 pagina,
1056 1774 1151 1817 alia
1171 1789 1330 1818 manu:
1351 1775 1382 1833 †
1400 1775 1660 1819 Admodum
1679 1776 1795 1819 Rdo.
1815 1775 1863 1819 in

232 1846 415 1892 Christo
439 1849 563 1892 Patri
590 1850 648 1893 N.
682 1852 736 1893 P.
769 1851 1001 1894 Euerardo
1030 1851 1332 1906 Mercuriano,
1371 1852 1628 1909 praeposito
1659 1852 1862 1910 generali

228 1924 470 1969 Societatis
485 1927 610 1984 Jesv.
637 1927 822 1972 Romae.
848 1928 955 1970 Alia
979 1942 1135 1971 manu:
1157 1929 1187 1986 †
1216 1929 1342 1984 1576.
1368 1929 1427 1973 Di
1455 1930 1589 1974 Hala.
1620 1930 1654 1972 Il
1683 1931 1735 1973 P.
1763 1930 1855 1974 Na-

230 2000 332 2046 tale.
360 2003 508 2047 Senza
528 2003 648 2047 data.
677 2016 718 2059 3.
744 2004 903 2062 Sigillz·
923 2005 1186 2062 vestigium.

980 2134 1099 2174 «no

665 2219 718 2260 P.
755 2218 1167 2264 HIERONYMUS
1198 2219 1416 2263 NADAL

537 2304 723 2341 PATRI
760 2305 1090 2344 EVERARDO
1129 2306 1535 2345 MERCURIANO

707 2391 865 2429 HALAE,
893 2382 935 2418 31
964 2391 1202 2420 DECEMBms
1230 2384 1321 2430 1576
1346 2385 1374 2421 ³.

732 2460 781 2495 In
796 2459 963 2496 Italiam
980 2461 1115 2496 redire
1132 2460 1349 2498 desiderat.

315 2542 347 2598 ’ξ’
368 2541 510 2586 Molto
531 2541 644 2586 Rdo.
673 2543 726 2586 P.
752 2544 815 2587 N.
852 2543 899 2586 in
927 2544 1014 2587 X.0
1037 2545 1132 2588 Pax
1164 2543 1239 2588 X.¹
1260 2546 1418 2602 Prego
1446 2546 1532 2588 alla
1556 2546 1608 2588 P.
1645 2545 1706 2588 V.
1747 2551 1794 2588 et
1826 2559 1854 2588 a

223 2623 344 2661 tutta
364 2618 407 2662 la
430 2618 714 2675 Compagnia
735 2619 765 2662 il
787 2619 878 2664 bon
900 2635 1021 2664 anno
1044 2627 1090 2665 et
1112 2620 1218 2664 tutti
1245 2621 1351 2665 anni
1374 2621 1579 2678 prosperi
1601 2628 1647 2665 et
1669 2620 1790 2664 felici
1810 2628 1859 2665 et

292 2762 313 2782 a
350 2755 436 2790 Hoc
450 2755 560 2790 verb.
581 2765 697 2801 supra
716 2766 820 2791 vers.
839 2755 988 2791 addidit
1005 2756 1052 2792 N.
1061 2756 1128 2784 —b
1142 2757 1227 2793 Hoc
1245 2758 1356 2793 verb.
1377 2768 1493 2804 supra
1511 2767 1614 2792 vers.
1635 2755 1785 2792 addidit
1802 2756 1854 2791 N.

220 2820 287 2842 —C
304 2814 388 2849 Hoc
407 2813 517 2849 verb.
537 2825 653 2860 supra
671 2813 943 2872 versraddidit
962 2814 1083 2850 N.-d
1099 2814 1165 2851 Sic
1182 2827 1252 2863 pro
1274 2815 1350 2858 elo,
1369 2816 1397 2852 i.
1416 2827 1456 2851 e.
1481 2816 1519 2851 lo
1536 2815 1570 2850 ἑ.

293 2914 303 2935 ¹
355 2914 537 2950 Elderen.
558 2913 659 2949 Vide
678 2913 794 2961 epist.
813 2914 897 2951 608.

290 2976 304 2996 ²
355 2973 465 3020 Dies,
488 2973 633 3008 mensis
652 2979 692 3009 et
709 2985 834 3009 annus
851 2973 1138 3011 desiderantur.

292 3033 307 3053 ³
355 3033 414 3068 Ex
431 3033 685 3079 autographo,
705 3032 744 3068 in
762 3033 891 3079 Epist.
910 3033 1068 3081 Natat„
1086 3034 1136 3079 11,
1157 3034 1300 3082 triplici
1317 3034 1407 3080 fol„
1430 3043 1494 3079 251
1518 3034 1613 3081 (177,
1638 3032 1732 3081 178).
1752 3031 1856 3068 Vide

217 3089 337 3139 epist.
356 3091 440 3136 606,
461 3091 525 3127 cui
544 3092 641 3127 haec
658 3091 882 3139 respondet.
