2228 3548
916 282 960 320 14
986 274 1178 312 AnGus’n
1204 276 1295 322 1567
1803 274 1876 321 523

262 378 417 436 quella
434 377 638 422 secondo
655 377 686 420 l’
706 377 935 431 instituto,
955 377 1054 422 dise
1072 376 1405 423 chiaramente:
1427 380 1634 435 «Questo
1651 385 1672 406 a
1686 379 1806 422 bene
1822 391 1919 421 non

265 455 310 499 ci
330 454 601 499 dimandara
630 454 718 498 Dio
746 461 905 498 nostro
935 454 1167 511 signore.»
1199 455 1432 511 Secondo,
1465 457 1554 499 che
1582 456 1626 499 le
1655 454 1919 511 probationi

264 531 301 577 s’
323 532 589 576 ordinasero
611 531 659 574 in
675 532 786 588 ogni
804 539 935 588 parte
952 532 1095 575 molto
1111 536 1303 586 essatte,
1318 540 1365 576 et
1380 547 1521 596 senza
1539 533 1709 576 alcuna
1723 532 1915 589 dispen-

263 610 441 654 satione
461 609 537 653 nel
559 608 848 652 continuarle
876 609 907 651 il
934 608 1084 665 primo
1112 623 1251 663 anno,
1283 615 1331 653 et
1357 617 1532 667 quanto
1561 610 1665 654 sara
1697 608 1918 666 possibile

264 701 437 731 ancora
459 686 490 729 il
513 687 597 730 2.⁰.
616 688 672 729 Et
697 701 788 730 non
810 687 1005 731 essendo
1022 692 1184 742 questo
1205 686 1440 743 possibile,
1460 687 1656 733 sarebbe
1678 687 1804 740 vtile,
1825 688 1914 731 che

259 763 370 807 dalli
390 763 529 807 studii
552 764 612 806 da
635 770 762 807 tanto
783 763 830 806 in
854 770 983 806 tanto
1006 770 1159 819 tempo
1181 763 1218 806 si
1241 764 1580 820 raccogliesero
1602 777 1687 821 per
1703 764 1779 807 doi
1797 779 1824 807 o
1843 771 1915 809 tre

260 840 372 886 mesi
395 841 484 884 alla
503 855 613 884 casa
634 840 680 883 di
703 840 993 897 probatione;
1019 847 1066 883 et
1088 841 1178 883 che
1194 840 1324 884 finita
1347 840 1391 884 d'
1417 841 1546 886 udire
1563 828 1675 898 ogni
1695 841 1908 894 faceolta,

256 917 416 962 auanti
437 917 483 961 di
502 932 690 974 passare
711 917 787 960 all'
812 917 943 970 altra,
971 917 1201 961 facessero
1218 917 1318 960 suoi
1341 917 1454 962 mesi
1471 918 1517 961 di
1535 918 1826 975 probatione.
1847 919 1910 962 Di

255 995 393 1038 modo
415 995 505 1039 che
526 994 683 1038 auanti
704 993 748 1037 d’
771 993 909 1039 esser'
938 992 1056 1036 finiti
1083 992 1148 1050 gli
1177 993 1332 1047 studii,
1366 996 1592 1040 hauesero
1623 996 1807 1039 almeno
1829 995 1909 1038 doi

257 1071 367 1115 anni
388 1072 446 1116 de
467 1070 756 1128 probatione.
784 1072 841 1114 Et
863 1076 1025 1126 questo
1049 1071 1138 1113 che
1160 1070 1263 1114 dico
1280 1070 1326 1114 di
1350 1071 1446 1115 fare
1470 1072 1729 1127 probationi
1752 1087 1809 1114 ex
1831 1073 1907 1115 in-

257 1150 411 1192 stituto
434 1156 504 1192 tra
525 1148 588 1205 gli
606 1147 762 1202 studii,
787 1147 848 1190 mi
870 1161 982 1204 pare
1004 1160 1097 1190 non
1120 1147 1290 1193 debere
1311 1148 1437 1202 farsi,
1458 1163 1508 1192 se
1531 1163 1623 1192 non
1643 1148 1689 1190 in
1708 1155 1908 1193 estrema

258 1225 502 1278 necessita,
527 1231 568 1268 et
583 1228 716 1268 extra
737 1225 961 1278 ordinem,
984 1229 1024 1268 et
1045 1238 1102 1267 ex
1123 1224 1474 1281 dispensatione;
1497 1226 1670 1281 perche
1694 1226 1754 1269 mi
1778 1241 1905 1282 pare,

258 1304 347 1346 che
364 1316 421 1346 ex
436 1303 642 1346 instituto
658 1302 816 1345 hanno
832 1302 891 1344 da
910 1300 1144 1358 preceder’
1162 1300 1237 1344 doi
1256 1301 1366 1344 anni
1384 1302 1535 1346 intieri
1552 1303 1598 1345 di
1616 1302 1905 1359 probatione,

257 1379 417 1424 auanti
445 1379 535 1424 che
562 1392 654 1422 vno
681 1378 822 1422 studii
851 1378 971 1422 nella
999 1378 1290 1435 Compagnia
1318 1385 1365 1423 et
1391 1378 1459 1422 sia
1487 1380 1703 1424 scholare
1733 1393 1904 1435 appro-

253 1458 378 1500 bato.
405 1458 463 1500 Et
483 1455 691 1509 insieme,
716 1456 832 1500 finiti
854 1455 918 1512 gli
936 1455 1092 1509 studii,
1118 1456 1321 1499 secondo
1342 1455 1374 1499 il
1391 1455 1619 1510 instituto,
1641 1471 1733 1500 non
1751 1457 1789 1499 si
1811 1457 1908 1500 dis-

251 1532 456 1577 simulasi
477 1533 523 1576 di
547 1535 643 1578 fare
665 1532 695 1576 il
719 1535 787 1588 3.⁰
812 1547 935 1576 anno
956 1532 1002 1576 di
1034 1532 1306 1588 probatione
1327 1532 1374 1576 in
1397 1547 1507 1578 casa
1529 1534 1587 1579 de
1609 1534 1900 1591 probatione,

219 1617 428 1666 ,quanto
464 1610 554 1654 fusi
590 1610 820 1667 possibile.
858 1609 943 1665 3.⁰,
985 1610 1073 1654 che
1104 1623 1198 1654 non
1237 1609 1274 1653 si
1310 1611 1583 1666 pretendese
1622 1612 1667 1654 d'
1693 1611 1907 1655 ordinare

253 1686 420 1730 nisuno
442 1686 601 1731 auanti
625 1694 788 1742 questo
811 1695 981 1743 temp0,
1007 1687 1083 1729 nel
1105 1687 1241 1742 quale
1263 1686 1302 1730 si
1323 1688 1579 1744 procurasi‚
1601 1689 1688 1731 che
1714 1687 1819 1731 tutti
1837 1687 1902 1744 gli

253 1763 397 1807 nostri
425 1765 515 1808 che
542 1766 579 1807 s’
604 1765 829 1808 hauesero
852 1778 878 1806 a
908 1762 1139 1816 ordinare,
1165 1764 1321 1808 fusero
1348 1763 1464 1807 dotti
1488 1765 1538 1807 in
1560 1779 1642 1807 suo
1663 1778 1849 1822 genere,
1872 1764 1905 1807 il

254 1841 345 1885 che
366 1854 538 1884 ancora
560 1841 584 1885 ὲ
614 1841 816 1884 secondo
839 1841 868 1882 1’
902 1840 1129 1893 instituto,
1169 1839 1247 1883 chi
1283 1854 1366 1897 per
1402 1843 1611 1898 professo
1649 1841 1694 1884 di
1718 1848 1901 1897 quatre,

254 1917 332 1961 chi
347 1917 394 1961 di
417 1924 486 1963 tre
507 1918 603 1961 voti
623 1917 818 1970 solenni,
840 1917 917 1960 ehi
934 1932 1017 1973 per
1034 1917 1302 1962 coadiutore
1317 1917 1363 1962 di
1387 1924 1454 1963 tre
1476 1919 1570 1961 voti
1588 1918 1812 1975 sempliei.
1845 1920 1904 1962 Et

252 1994 403 2051 questi
420 1996 629 2039 almanco
647 1996 875 2039 hauesero
892 1994 1169 2038 sufficientia
1186 1994 1233 2038 in
1245 1994 1400 2052 logica
1416 2005 1463 2039 et
1481 1995 1576 2039 easi
1595 1996 1640 2039 di
1659 1996 1906 2039 eonscien-

250 2071 330 2126 tia,
356 2078 402 2117 et
423 2071 470 2115 in
493 2073 592 2116 fare
620 2071 930 2115 exhortationi
962 2071 1005 2114 al
1034 2071 1220 2128 popolo,
1252 2071 1375 2128 quali
1398 2072 1436 2116 si
1466 2072 1737 2116 richiedono
1767 2072 1812 2114 d'
1839 2087 1902 2115 un

250 2154 412 2193 curato
429 2149 652 2201 secolare,
674 2155 720 2194 et
742 2148 788 2191 in
805 2148 1055 2204 insegnare
1071 2148 1282 2194 almanco
1299 2149 1620 2206 grammatica.
1643 2151 1714 2203 4⁰
1733 2151 1903 2192 Essen-

250 2225 310 2268 do
332 2231 495 2281 questo
516 2225 562 2268 di
584 2225 649 2268 tal
671 2226 823 2278 modo,
845 2225 882 2267 si
905 2226 998 2281 pud
1020 2230 1207 2282 sperare
1229 2226 1304 2270 nel
1326 2226 1524 2283 Signore
1542 2234 1587 2270 et
1611 2226 1733 2270 nella
1752 2226 1907 2282 gratia

251 2302 372 2346 della
391 2301 637 2346 vocatione
660 2308 819 2345 nostra
842 2303 930 2346 che
953 2303 997 2345 la
1019 2292 1233 2359 maggior
1254 2310 1387 2360 parte
1418 2303 1475 2347 de
1504 2303 1643 2359 quelli
1674 2304 1763 2346 che
1793 2317 1902 2346 vor-

253 2392 378 2422 remo
399 2392 671 2435 promouere
692 2393 719 2422 a
746 2379 992 2432 sacerdoti,
1023 2393 1222 2423 saranno
1251 2379 1335 2424 atti
1363 2395 1447 2438 per
1474 2380 1670 2437 professi
1698 2380 1756 2424 de
1781 2387 1849 2423 tre
1871 2393 1902 2422 o

252 2455 311 2500 de
333 2462 497 2512 quatro
519 2455 614 2498 voti
641 2455 677 2498 ¹³.
710 2457 767 2499 Et
804 2455 971 2511 questi,
997 2455 1157 2499 auanti
1177 2455 1224 2499 di
1253 2457 1362 2501 farsi
1391 2457 1601 2514 professi,
1642 2455 1899 2499 coadiutori

251 2531 493 2588 spirituali,
524 2547 552 2576 o
579 2532 626 2575 di
653 2538 818 2590 quatro
846 2532 958 2586 voti,
984 2532 1022 2576 si
1044 2539 1306 2589 puotranno
1335 2535 1433 2583 fare
1459 2533 1653 2591 professi
1677 2532 1896 2585 scholari,

250 2621 382 2653 come
403 2609 442 2652 si
479 2610 572 2666 puo
593 2623 676 2666 per
709 2610 753 2652 la
791 2610 913 2652 bolla
944 2608 990 2652 di
1027 2608 1184 2653 Giulio
1222 2609 1308 2666 3.⁰‚
1347 2618 1395 2656 et
1430 2610 1555 2667 dipoi
1578 2608 1824 2662 sacerdoti,
1850 2616 1899 2654 et

245 2690 568 2742 consequenter
585 2687 683 2730 fare
704 2686 747 2731 le
764 2685 1025 2743 probationi
1042 2700 1123 2742 per
1140 2686 1398 2730 coadiutori
1415 2686 1656 2743 spirituali,
1679 2685 1894 2742 professi,

241 2768 288 2805 et
309 2776 392 2818 per
411 2761 457 2804 di
479 2774 508 2816 4
530 2762 644 2817 uoti,
670 2763 715 2806 di
738 2763 874 2806 modo
898 2764 986 2806 che
1009 2762 1056 2805 in
1079 2763 1228 2818 questi
1257 2778 1349 2807 non
1370 2768 1581 2807 mouetur
1610 2763 1891 2806 institutum.

241 2837 310 2893 5.⁰
333 2838 488 2895 Quelli
504 2840 591 2884 che
612 2853 708 2882 non
726 2840 881 2884 susero
904 2838 987 2882 atti
1009 2853 1092 2895 per
1112 2840 1322 2895 professi,
1347 2841 1406 2885 ne
1427 2841 1473 2883 di
1499 2854 1540 2895 3,
1573 2841 1630 2883 ne
1653 2839 1698 2882 di
1722 2851 1750 2893 4
1773 2838 1890 2891 voti,

241 2928 291 2958 se
312 2928 404 2958 non
427 2930 508 2972 per
529 2916 736 2973 semplici
774 2911 1047 2970 coadiutori3
1087 2916 1233 2973 prima
1253 2919 1292 2962 s'
1314 2918 1377 2962 ha
1398 2918 1459 2962 da
1486 2932 1675 2974 sperare
1704 2917 1793 2960 che
1815 2931 1894 2960 sa·-

316 3087 338 3109 8
376 3081 552 3127 Archet.‚
572 3084 777 3130 queso.-b
791 3084 878 3119 Hoc
898 3084 1008 3119 verb.
1029 3094 1146 3131 supra
1165 3095 1269 3120 vers.
1289 3084 1452 3120 addidit.
1473 3083 1562 3120 libr.
