2228 3548
887 302 911 340 3
936 305 1183 341 Dncmffims
1211 304 1302 350 1566
1790 305 1860 354 325

284 419 378 448 non
399 405 566 462 perche
588 405 631 449 la
652 404 866 462 giusticia
886 420 979 450 non
999 406 1044 450 lo
1065 406 1253 464 patisca,
1279 421 1353 451 ma
1373 407 1541 465 perche
1561 407 1605 451 la
1620 406 1920 454 edifficatione

286 496 396 539 pare
423 484 524 526 sara
551 482 802 539 maggiore:
834 497 914 540 per
942 483 973 526 1’
1004 483 1190 529 auenire
1221 484 1259 528 si
1286 485 1470 529 uedera.
1502 484 1552 530 Si
1580 499 1692 528 sono
1719 483 1836 530 uiste
1875 486 1920 531 le

288 558 500 603 scritture
520 559 593 604 del
617 561 670 603 P.
696 559 878 615 Sunier,
902 566 949 603 et
969 559 1015 603 di
1035 574 1124 617 qua
1145 575 1194 604 se
1221 561 1252 604 li
1280 562 1307 606 ὲ
1335 562 1548 605 mandato
1579 575 1643 604 un
1681 567 1918 607 transunto

289 635 522 681 autentico
543 637 617 681 del
638 636 778 680 breue
799 643 956 681 contra
977 636 1013 699 li·
1029 637 1222 694 apostati
1243 640 1272 692 ¹,
1293 640 1377 683 che
1392 639 1496 682 leua
1516 639 1559 682 la
1576 638 1813 694 questione
1829 653 1917 684 con

287 719 456 757 mastro
477 713 677 758 Simone.
710 713 843 758 Circa
871 713 902 757 il
931 715 1083 758 dottor
1111 715 1365 770 Baldassar‚
1397 722 1443 761 et
1473 716 1517 759 la
1547 730 1631 759 sua
1667 723 1839 761 uenuta
1869 716 1916 761 in

287 791 438 847 Praga
460 797 506 836 et
527 790 839 848 occupatione,
865 790 926 834 mi
948 791 1129 835 rimetto
1155 807 1182 836 a
1211 793 1269 836 V.
1304 794 1378 836 R.:
1415 807 1524 837 uero
1560 793 1586 836 ὲ
1617 794 1703 836 che
1734 807 1826 837 non
1856 795 1916 838 ha

284 873 500 911 mostrato
523 868 662 911 molto
685 868 854 912 talento
875 883 955 924 per
976 868 1006 911 il
1027 883 1232 926 gouerno
1254 868 1301 912 in
1323 870 1472 925 quelle
1494 870 1658 923 bande,
1683 870 1741 913 ne
1770 872 1916 914 anche

282 958 363 1000 per
383 944 427 987 la
448 945 815 998 conuersatione3
843 945 960 988 forse
981 946 1065 988 che
1087 944 1133 988 in
1153 945 1372 989 Bohemia
1392 947 1489 989 fara
1509 946 1677 1002 meglio
1698 946 1729 988 l'
1754 960 1846 990 uno
1867 954 1914 991 et

281 1021 311 1063 l’
337 1021 452 1064 altro
475 1035 561 1064 con
582 1021 613 1063 li
640 1020 805 1065 ricordi
832 1023 917 1066 che
944 1023 1114 1066 hauera
1149 1023 1338 1075 hauut0‚
1373 1022 1566 1067 essendo
1593 1022 1673 1075 lui,
1708 1037 1836 1067 come
1867 1025 1910 1076 e,

284 1099 424 1141 molto
455 1099 623 1141 buono.
654 1098 742 1142 Del
771 1097 998 1141 rimandar
1024 1098 1082 1143 de
1111 1098 1273 1142 Prusia
1301 1100 1435 1142 Mtro.
1469 1099 1612 1142 Paulo
1649 1099 1909 1153 LambertO,

286 1190 378 1218 non
400 1176 441 1218 c’
472 1176 498 1218 e
527 1182 687 1232 troppo
708 1174 942 1227 difficulta,
973 1189 1046 1218 ma
1073 1174 1119 1218 di
1145 1176 1370 1231 proueder
1397 1175 1560 1218 alcuno
1581 1175 1628 1218 in
1650 1190 1733 1219 suo
1754 1176 1855 1220 loco
1886 1177 1912 1220 ἑ

284 1251 536 1309 maggiooe,
562 1265 691 1297 come
712 1253 858 1296 anche
877 1251 951 1295 del
972 1252 1158 1295 mandat
1180 1266 1243 1294 un
1273 1258 1407 1309 poeta
1427 1258 1473 1295 et
1495 1265 1633 1308 greco
1655 1259 1701 1295 et
1724 1267 1785 1295 un
1806 1254 1911 1296 rhe-

284 1328 441 1372 torico.
461 1327 520 1372 Di
542 1329 585 1372 la
605 1328 644 1372 si
667 1329 782 1373 ueda
803 1342 854 1371 se
874 1327 916 1372 ci
937 1330 1037 1372 sara
1058 1327 1088 1371 il
1109 1328 1259 1381 modo,
1284 1334 1330 1372 et
1349 1327 1396 1371 di
1417 1342 1507 1384 qua
1528 1342 1697 1372 ancora
1714 1328 1751 1372 si
1770 1330 1910 1374 uede-

284 1407 346 1449 τὲ..
372 1406 476 1449 Non
498 1419 548 1448 so
570 1419 620 1449 se
641 1406 810 1449 hauera
831 1404 976 1449 inteso
998 1406 1056 1449 V.
1082 1406 1136 1448 R.
1162 1418 1291 1450 come
1307 1405 1395 1448 Dio
1412 1404 1453 1448 ci
1476 1420 1502 1448 a
1524 1406 1636 1449 tolto
1657 1405 1700 1449 al
1718 1406 1771 1450 P.
1798 1407 1911 1450 Per-

282 1481 452 1540 pignan
474 1482 489 1503 ²
513 1481 560 1524 in
583 1481 786 1540 Pariggi.
812 1483 1027 1539 Vanegas
1049 1483 1064 1503 ³
1088 1483 1232 1525 anche
1254 1482 1293 1525 s'
1322 1483 1348 1526 e
1369 1481 1622 1526 rimandato
1649 1482 1696 1525 in
1723 1483 1910 1540 Spagna

280 1573 415 1602 uerso
444 1558 596 1612 Auila‚
628 1565 674 1602 et
700 1558 789 1602 Dio
815 1559 873 1603 N.
906 1559 950 1603 S.
981 1558 1023 1602 ci
1051 1560 1108 1602 ha
1137 1559 1248 1601 tolto
1275 1557 1444 1603 diuersi
1475 1558 1576 1602 altri
1608 1559 1797 1615 operarij
1829 1574 1911 1616 per

223 1650 227 1652 ⁴
278 1642 422 1679 morte
443 1635 490 1678 in
512 1637 726 1690 Treuere,
752 1635 930 1681 Vienna
951 1642 996 1680 et
1019 1634 1186 1680 Sicilia:
1211 1634 1276 1678 lui
1297 1634 1364 1679 sia
1383 1635 1581 1690 laudato,
1613 1642 1659 1680 et
1681 1635 1712 1679 li
1735 1635 1908 1693 piaccia

278 1713 466 1756 mandar
486 1712 613 1756 molti
635 1713 736 1756 altri
757 1727 837 1770 per
858 1726 941 1756 suo
962 1711 1163 1756 seruitio.

368 1791 411 1834 6.
475 1790 563 1834 Del
583 1804 677 1833 non
704 1790 894 1834 relassar
921 1789 952 1832 li
983 1788 1076 1833 uoti
1103 1804 1130 1832 a
1161 1789 1300 1833 Paolo
1326 1794 1519 1846 pruteno
1554 1803 1662 1846 pare
1692 1790 1825 1843 bene,
1860 1789 1908 1835 in

284 1874 410 1911 tanto
436 1868 521 1910 che
547 1866 589 1910 ci
614 1868 723 1910 dara
751 1881 966 1923 speranza
997 1866 1043 1909 di
1070 1866 1449 1923 reguadagnarlo,
1480 1881 1529 1911 se
1557 1867 1652 1910 cosi
1686 1868 1846 1924 parera
1882 1882 1909 1912 a

281 1946 339 1989 V.
366 1946 420 1988 R.
445 1959 471 1988 a
492 1943 566 1988 chi
586 1943 647 1987 mi
669 1943 870 1998 rimett03
896 1959 969 1987 ma
989 1957 1082 1988 non
1103 1942 1163 1985 mi
1185 1957 1291 2000 pare
1312 1943 1389 2000 gia
1409 1945 1494 1988 che
1515 1942 1579 1987 lui
1600 1943 1638 1987 si
1659 1950 1799 1987 metta
1820 1958 1908 1988 con

278 2022 451 2078 perlato
472 2021 636 2065 alcuno
656 2035 736 2078 per
757 2035 890 2064 mano
912 2027 1081 2074 nostra,
1106 2020 1318 2065 restando
1338 2034 1424 2064 con
1445 2020 1478 2064 li
1505 2020 1601 2064 uoti
1622 2020 1739 2064 della
1767 2020 1907 2064 Com·

275 2097 457 2156 pagnia.
482 2098 570 2142 Del
592 2104 789 2142 accettar
810 2097 969 2154 figlioli
990 2096 1035 2140 di
1057 2095 1245 2142 heretici
1262 2098 1379 2141 nelle
1394 2098 1549 2142 schole
1569 2103 1738 2150 nostre,
1759 2111 1907 2153 quan-

275 2182 448 2231 tunque
469 2175 565 2218 loro
586 2174 735 2219 istessi
755 2173 881 2218 siano
903 2173 1070 2217 aleuati
1092 2174 1210 2219 nella
1230 2174 1422 2228 heresia,
1443 2189 1491 2219 se
1511 2173 1730 2230 uogliono
1753 2188 1906 2218 osser-

275 2265 384 2296 uare
405 2257 523 2296 tutte
549 2251 592 2296 le
614 2251 770 2307 regole
791 2251 906 2295 delle
934 2251 1104 2303 schole,
1135 2257 1181 2295 et
1207 2250 1246 2294 si
1273 2253 1546 2296 confessario
1575 2257 1621 2295 et
1649 2249 1906 2294 communi-

274 2343 405 2383 cano,
429 2342 522 2371 non
543 2342 651 2384 pare
671 2327 1038 2380 inconueniente,
1062 2326 1163 2371 anzi
1184 2328 1323 2372 molto
1343 2329 1468 2372 buon
1499 2327 1768 2385 guadagno;
1798 2341 1904 2384 per-

276 2406 362 2448 che
383 2411 545 2460 questo
565 2417 674 2460 pare
694 2403 760 2447 sia
782 2410 924 2457 tanto,
958 2410 1130 2459 quanto
1159 2403 1266 2447 farsi
1294 2404 1519 2449 catholici.
1551 2406 1623 2449 De
1653 2403 1804 2447 alcuni
1832 2403 1904 2447 in-

275 2480 579 2526 conueniente
601 2482 686 2526 che
716 2481 834 2525 nella
862 2480 1092 2537 prouintia
1118 2479 1165 2523 di
1191 2481 1436 2526 Germania
1463 2481 1697 2538 superiore
1725 2480 1762 2524 si
1790 2495 1903 2524 sono

279 2558 384 2602 uisti
405 2559 437 2611 ⁴,
463 2565 585 2603 temo
606 2557 671 2600 sia
693 2563 810 2601 stata
831 2557 878 2600 in
899 2566 1027 2613 parte
1047 2571 1184 2602 causa
1204 2558 1248 2602 la
1262 2572 1376 2615 poca
1397 2558 1599 2602 oratione
1616 2559 1701 2600 che
1717 2557 1903 2601 intendo

276 2636 428 2678 hanno
456 2641 602 2688 usata,
634 2640 679 2679 et
709 2635 823 2691 poca
850 2633 1174 2691 recollettione‚
1206 2640 1252 2679 et
1279 2636 1423 2680 anche
1450 2648 1563 2692 poca
1591 2633 1903 2679 osseruatione

344 2755 356 2775 ¹
405 2754 533 2789 Breve
563 2764 622 2789 sc.
651 2752 711 2789 Pii
735 2753 785 2797 V,
811 2753 860 2788 P.
883 2752 959 2795 M.‚
986 2752 1171 2799 Aequum
1195 2755 1445 2800 reputamus,
1470 2751 1533 2788 die
1555 2760 1597 2797 17
1616 2750 1791 2798 Januarii
1811 2751 1902 2796 1566

276 2810 430 2847 datum.

338 2873 352 2892 2
403 2871 446 2906 P.
473 2871 613 2907 Petrus
637 2871 820 2919 Perpffia,
845 2870 943 2907 obiit
967 2870 1150 2907 Lutetiae
1168 2870 1405 2908 Parisiorum
1429 2870 1492 2907 die
1523 2869 1568 2906 28
1593 2868 1776 2908 Octobris
1800 2880 1902 2905 anno

273 2928 382 2973 1566.
406 2927 473 2965 Cf.
497 2929 763 2973 SACCHINUM,
783 2931 860 2967 loc.
885 2930 976 2977 cit.‚
998 2930 1070 2967 lib.
1096 2930 1149 2976 ΙΙ,
1168 2942 1237 2966 nn.
1264 2931 1328 2976 60,
1345 2930 1406 2968 61.

301 2986 303 2988 ’
342 2989 356 3010 ⁵
405 2988 454 3024 P.
478 2988 642 3026 Michael
660 2990 861 3036 Vanegas,
878 2989 928 3025 de
945 3000 1023 3037 quo
1047 2988 1204 3037 saepius
1227 2988 1373 3026 dictum
1392 2995 1453 3026 est
1476 2988 1516 3025 in
1539 2987 1804 3036 superioribus
1822 2986 1902 3034 epi-

271 3046 397 3083 stolis.

344 3108 360 3129 ⁴
410 3105 510 3142 Vide
529 3107 650 3154 epist.
671 3106 755 3153 433,
775 3119 819 3144 n.
845 3116 860 3144 1
873 3133 883 3144 .
