2228 3548
410 329 483 368 452
926 316 1066 351 Ems‘r.
1093 313 1139 349 P.
1165 313 1436 361 NAnAL-477

359 430 486 467 tanta
501 422 544 465 13
562 418 828 464 fundatione
845 423 1083 474 praesente
1099 429 1229 460 come
1245 415 1396 471 quella
1415 415 1462 459 di
1482 415 1685 474 Dilinga‚
1705 423 1752 461 et
1773 423 2000 474 promette

358 501 389 543 il
411 512 609 545 vescouo
631 496 817 540 disertis
838 494 987 538 verbis
1014 493 1345 550 augmentarla,
1370 492 1417 536 di
1437 493 1573 538 modo
1596 495 1684 537 che
1705 508 1796 538 non
1828 494 1851 538 ὲ
1881 494 1990 537 obli-

358 583 466 633 gata
485 576 528 619 la
550 572 835 630 Compagnia
858 586 884 615 a
906 569 1020 614 tanti
1042 569 1214 622 mastri‚
1239 583 1289 613 se
1310 583 1404 614 non
1427 571 1514 614 che
1534 570 1567 613 li
1587 570 1695 615 dara
1716 572 1997 617 voluntaria-

356 660 525 705 mente,
546 649 674 708 quasi
691 664 772 707 per
788 646 962 692 incitar’
981 646 1053 691 all'
1071 653 1321 704 augmento
1339 653 1385 691 et
1405 647 1737 704 complemento
1753 649 1871 694 della
1889 650 1995 693 fun-

357 730 556 774 datione.
583 730 640 772 Et
662 727 911 771 realmente
938 726 1134 768 hauemo
1155 739 1234 781 per
1256 723 1535 781 esperiencia
1555 726 1642 770 che
1663 726 1886 784 tenghino
1914 742 1997 784 per

358 822 474 865 gran
511 806 718 850 violenza
754 805 841 848 che
877 817 971 846 non
1007 801 1237 859 vogliamo
1273 800 1597 846 incominciare
1632 802 1824 861 collegio
1860 804 1998 861 pieno
2076 820 2077 823 ¹

357 884 648 942 equiualente
670 897 696 925 a
718 880 983 933 vniuersita,
1009 894 1146 924 senza
1167 880 1253 924 che
1274 878 1409 922 diano
1431 878 1576 936 prima
1596 879 1640 923 la
1667 881 1997 926 sustentatione

357 961 403 1005 di
426 973 498 1017 70,
518 975 545 1004 o
567 959 703 1004 etiam
726 960 798 1003 60.
825 960 882 1002 Et
904 956 971 1001 m’'
986 957 1009 1001 ὲ
1032 971 1163 1014 parso
1187 971 1213 1000 a
1234 971 1307 1001 me
1327 957 1416 1000 che
1431 956 1673 1001 habbiamo
1694 957 1752 1001 da
1773 956 1996 1002 incomin-

358 1038 479 1083 ciare
501 1052 581 1095 per
609 1052 698 1081 vna
726 1035 1005 1088 mediocrita,
1037 1034 1352 1091 promettendo
1380 1034 1476 1078 loro
1505 1033 1535 1076 1’
1563 1041 1813 1092 augmento
1841 1034 1993 1092 pieno,

363 1118 401 1161 si
419 1131 548 1161 come
565 1117 758 1159 hauemo
775 1114 890 1157 fatto
908 1112 952 1156 in
971 1111 1171 1169 Dilinga.
1193 1113 1251 1154 Et
1266 1111 1314 1155 in
1337 1111 1442 1154 tutti
1459 1111 1534 1155 doi
1551 1111 1724 1169 negotii
1740 1112 1785 1156 io
1806 1113 1867 1156 ho
1883 1127 1998 1170 pen—

362 1201 462 1239 sato
484 1193 652 1238 andare
673 1192 788 1234 bona
800 1191 911 1247 fide,
934 1188 1311 1246 persuadendomi
1335 1190 1422 1233 che
1443 1189 1486 1233 la
1509 1191 1561 1233 P.
1589 1190 1647 1233 V.
1673 1204 1842 1247 sapeua
1863 1190 1893 1234 il
1915 1205 1998 1247 pa-

359 1274 447 1316 rer’
472 1270 562 1314 mio
583 1268 704 1313 circa
724 1267 769 1311 di
797 1274 976 1323 questo,
1008 1281 1057 1311 se
1085 1280 1177 1309 non
1205 1280 1287 1322 per
1323 1265 1461 1322 quelli
1494 1266 1646 1320 Padri,
1681 1267 1887 1312 almanco
1918 1282 1999 1326 per

362 1349 513 1406 quella
534 1347 607 1392 del
629 1344 853 1403 principio
876 1343 919 1387 d'
950 1344 1161 1396 Ottobre,
1186 1350 1232 1386 et
1260 1343 1321 1386 mi
1342 1350 1541 1400 puoteua
1562 1344 1825 1401 rispondere
1846 1346 1998 1390 deter-

361 1426 703 1476 minatamente,
728 1422 759 1465 il
781 1424 866 1466 che
888 1436 981 1464 non
1004 1422 1117 1474 fece,
1143 1435 1272 1465 come
1293 1419 1337 1463 io
1358 1419 1620 1466 intendeua.
1642 1422 1689 1466 Io
1711 1422 1888 1476 adesso,
1911 1425 1999 1467 Pa-

362 1504 458 1556 dre,
483 1509 604 1547 resto
626 1515 712 1544 con
734 1499 894 1543 timore
916 1506 962 1544 et
984 1498 1319 1552 incertitudine,
1346 1505 1392 1543 et
1414 1498 1543 1554 quasi
1574 1514 1776 1555 pensauo
1798 1499 1844 1543 di
1866 1498 2001 1544 ritor-

361 1595 472 1625 nare
488 1594 514 1623 a
531 1578 663 1636 Spita
679 1584 725 1621 et
747 1583 971 1633 aspettare
993 1577 1036 1620 13
1053 1575 1317 1619 risolutione
1338 1576 1457 1621 della
1479 1577 1533 1620 P.
1559 1578 1637 1630 V.,
1659 1583 1704 1622 et
1721 1591 1807 1620 con
1829 1578 1996 1634 quella,

363 1672 413 1702 se
436 1671 610 1715 parese,
635 1654 757 1712 dipoi
779 1653 821 1697 d'
845 1655 1015 1698 hauere
1031 1654 1139 1697 dato
1162 1654 1384 1710 raggione
1406 1654 1449 1697 al
1470 1654 1663 1711 capitolo
1685 1654 1731 1698 di
1748 1655 1897 1712 Spira,
1917 1670 2002 1699 an-

364 1735 474 1780 dare
495 1733 629 1779 etiam
659 1747 685 1776 a
712 1731 949 1788 Herbipoli
985 1746 1065 1788 per
1096 1731 1127 1773 il
1159 1731 1406 1776 medesimo
1439 1732 1610 1785 effetto,
1646 1740 1692 1776 et
1722 1732 1942 1778 ritornare
1973 1749 1999 1778 a

365 1819 518 1868 tempo
540 1810 585 1854 di
606 1816 770 1867 puoter
790 1810 955 1853 andare
984 1809 1128 1866 (corne
1149 1822 1291 1865 penso
1312 1808 1493 1866 andare)
1516 1810 1600 1853 alla
1625 1810 1748 1854 sonte
1775 1811 1831 1855 de
1859 1810 1999 1868 Lieg-

369 1889 447 1948 [gi]
462 1895 499 1941 Β,
525 1902 654 1932 come
675 1888 737 1930 ho
759 1886 946 1930 licencia
963 1887 1079 1930 dalla
1098 1888 1150 1930 Ρ.
1176 1887 1249 1940 V.;
1272 1900 1343 1929 ma
1359 1901 1451 1930 non
1473 1886 1533 1929 mi
1555 1901 1638 1930 son
1660 1902 1825 1932 ancora
1846 1889 2000 1934 deter-

365 1966 554 2011 minato.
580 1966 646 2009 La
666 1978 803 2008 causa
825 1964 912 2008 che
933 1962 992 2010 mi
1011 1978 1145 2008 moue
1166 1963 1282 2007 assai
1298 1978 1379 2020 per
1396 1971 1556 2019 questo
1578 1965 1602 2008 ὲ
1620 1966 1707 2010 che
1723 1965 1767 2009 io
1782 1980 1890 2022 pare
1906 1980 1999 2010 non

367 2043 489 2100 possi
511 2042 666 2085 andar’
691 2040 860 2093 auanti,
884 2040 940 2084 ne
963 2055 988 2083 a
1011 2041 1245 2093 Verduno,
1277 2041 1396 2085 doue
1434 2040 1495 2083 mi
1527 2041 1704 2086 chiama
1736 2043 1767 2085 il
1799 2057 2000 2087 vescouo

368 2135 450 2177 per
471 2121 516 2164 13
538 2118 818 2170 fundatione,
843 2117 898 2161 ne
927 2133 953 2161 a
982 2117 1162 2174 Lieggi,
1194 2118 1313 2163 doue
1345 2133 1510 2162 ancora
1545 2133 1626 2176 per
1653 2120 1790 2163 homo
1817 2120 2002 2177 proprio

368 2200 429 2240 m’
455 2199 515 2241 ha
537 2196 750 2240 mandato
773 2210 798 2238 a
820 2195 1034 2239 chiamar’
1060 2194 1091 2237 il
1114 2209 1311 2240 vescouo
1332 2210 1414 2252 per
1434 2195 1465 2238 il
1487 2195 1748 2250 medesimo,
1773 2196 1829 2241 ne
1858 2212 1884 2241 a
1911 2197 2003 2241 Ca-

369 2289 567 2327 meraco,
593 2274 652 2317 ne
669 2288 695 2316 a
717 2278 847 2315 santo
876 2274 1095 2326 Aumar03
1122 2273 1291 2328 perche
1312 2287 1404 2316 non
1425 2288 1476 2317 so
1497 2287 1625 2318 come
1652 2273 1901 2331 risponder’
1928 2275 2003 2318 alli

368 2350 573 2404 vescoui,
593 2357 638 2395 et
654 2364 783 2394 come
799 2348 1074 2393 incaminare
1090 2351 1132 2395 le
1150 2349 1419 2404 fundationi,
1439 2352 1608 2407 perche
1625 2366 1715 2395 non
1733 2352 1792 2395 ho
1810 2352 2003 2396 formula

369 2429 550 2483 nisuna,
575 2442 624 2472 se
645 2441 740 2470 non
763 2426 913 2482 quella
933 2427 1006 2470 del
1029 2429 1082 2470 P.
1110 2429 1224 2471 Mro.
1251 2428 1450 2484 Laynez,
1471 2434 1516 2472 et
1534 2428 1683 2484 quello
1700 2429 1787 2473 che
1802 2429 1845 2472 13
1863 2430 1916 2472 Ρ.
1938 2430 1996 2473 V.

370 2507 432 2549 mi
455 2505 604 2550 scriue
625 2505 802 2558 adeSSO,
827 2503 872 2546 di
894 2519 983 2547 non
1014 2504 1232 2561 obligare,
1262 2512 1350 2549 etc.
1377 2506 1434 2548 Et
1462 2508 1612 2548 tamen
1639 2505 1682 2549 la
1705 2506 1895 2549 formula
1926 2505 1999 2551 del

372 2586 425 2628 P.
451 2585 649 2640 Laynez,
674 2581 731 2625 ne
753 2580 816 2624 lui
837 2579 866 2623 l’
889 2582 949 2625 ha
970 2588 1170 2635 seruato,
1195 2582 1315 2627 nella
1337 2584 1390 2627 P.
1417 2584 1474 2627 V.
1500 2582 1547 2625 in
1562 2582 1762 2639 Dilinga;
1782 2582 1814 2625 il
1835 2583 1922 2627 che
1938 2582 2001 2627 mi

370 2675 477 2718 pare
501 2661 614 2704 fatto
636 2673 721 2703 con
742 2658 880 2701 molta
902 2658 1136 2715 raggione:
1161 2666 1207 2703 et
1226 2658 1273 2702 in
1295 2660 1317 2688 b
1343 2660 1492 2716 quello
1520 2661 1607 2703 che
1628 2659 1728 2703 dice
1755 2660 1798 2704 13
1831 2661 1883 2704 Ρ.
1919 2661 1998 2714 V.,

370 2745 463 2781 non
485 2735 686 2794 puotersi
714 2734 917 2791 obligare
943 2736 986 2778 13
1014 2736 1295 2793 Compagnia
1323 2752 1349 2780 a
1375 2752 1426 2781 se
1461 2743 1620 2790 stessa,
1654 2743 1763 2790 etc.,
1798 2737 2006 2782 almanco

370 2829 451 2871 per
472 2815 632 2858 lettere
653 2811 840 2869 patenti,
865 2811 909 2854 io
929 2827 1072 2868 penso
1102 2812 1183 2857 far’
1204 2814 1323 2859 bene
1350 2813 1396 2856 di
1424 2815 1654 2858 consultar
1680 2814 1724 2858 13
1757 2817 1810 2858 Ρ.
1845 2816 1923 2868 V.,
1958 2822 2008 2860 et

370 2906 465 2935 non
486 2888 740 2934 risoluermi
761 2887 879 2932 insin
902 2890 987 2932 che
1010 2890 1149 2933 habbi
1170 2890 1213 2934 13
1240 2890 1445 2947 risposta.
1478 2892 1535 2934 Et
1563 2906 1705 2948 penso
1738 2891 1846 2936 farei
1868 2892 2002 2946 male,

371 2978 421 3012 s‘e
444 2966 582 3012 facesi
603 2964 862 3018 altrimenti,
888 2967 1086 3010 secondo
1107 2968 1149 3010 la
1187 2967 1457 3013 comissione
1484 2969 1571 3014 che
1599 2971 1660 3013 ho
1688 2969 1805 3013 della
1833 2971 1885 3014 P.
1921 2970 2001 3025 V.,

443 3081 465 3101 α
503 3073 647 3108 Charta
670 3071 805 3116 scissa,
830 3070 1102 3109 desiderantur
1130 3073 1230 3110 duae
1261 3074 1501 3111 litterae.—b
1526 3076 1635 3112 Haec
1652 3075 1841 3124 particula
1870 3075 2001 3113 addita

372 3137 435 3168 est
453 3143 474 3167 a
493 3131 580 3167 libr.
602 3142 718 3178 supra
735 3141 839 3166 vers.
