2228 3548
387 304 457 341 332
897 302 1035 337 ΕΡ15Τ.
1063 300 1107 336 Ρ.
1136 299 1407 345 NADAL—-456

335 421 423 450 vno
444 405 490 448 di
511 406 656 460 saper'
688 418 752 446 un
779 388 895 459 poco
922 402 968 445 di
997 401 1225 445 dialettica
1247 415 1327 457 per
1355 400 1551 445 aiutarse
1578 401 1696 445 nella
1723 401 1964 455 rhetorica,

335 484 363 525 l'
390 483 504 525 altro
526 480 572 523 di
595 495 725 536 saper
748 493 887 536 greco
913 480 924 500 ¹
953 485 989 523 a·

422 571 465 612 4.
531 557 580 601 Si
602 558 628 600 0
649 556 908 601 dechiarato
938 570 1000 598 un
1028 568 1142 611 poco
1180 554 1286 610 quel
1312 554 1447 597 modo
1482 554 1599 598 della
1627 554 1964 600 contributione

334 635 419 678 alla
440 649 544 678 casa
566 635 623 677 de
645 633 804 689 nouitij
828 634 861 686 ²,
893 639 939 677 et
961 630 1193 688 rispostosi
1221 631 1307 674 alle
1342 644 1447 674 cose
1474 632 1559 675 che
1586 632 1646 674 m’
1684 633 1836 676 hanno
1857 647 1964 689 pro-

335 719 465 770 posto
488 711 519 754 11
543 712 690 755 Ρ3(11·0
711 709 989 767 prouinciale
1010 715 1056 754 et
1075 708 1107 751 11
1130 709 1278 753 Ρ3(110
1296 715 1476 752 rettore.
1503 708 1590 751 Del
1607 714 1725 752 tutto
1741 723 1902 754 sarano
1923 710 1966 754 le

334 789 463 846 copie
484 803 570 832 con
594 794 769 843 questa.
796 789 886 831 Per
906 786 1080 838 ultimo,
1101 786 1217 830 delle
1234 799 1338 829 cose
1355 785 1411 828 de
1428 784 1609 841 Dilinga
1629 784 1727 828 diro
1748 786 1791 829 la
1811 801 1967 831 neces-

333 866 419 910 sita
441 865 487 909 di
510 866 614 921 quel
636 864 828 921 collegio
849 864 906 908 de
922 863 999 907 doi
1016 862 1285 920 philosophi,
1305 863 1336 905 l’
1364 877 1456 906 uno
1473 861 1519 904 in
1541 862 1641 906 loco
1658 862 1704 905 di
1722 864 1853 907 Mtr0.
1875 864 1967 908 Ge-

334 943 464 986 rardo
489 941 686 986 Pastelio
708 942 741 995 ⁵,
765 940 797 983 il
819 942 950 996 quale
972 955 1052 997 per
1083 939 1307 984 necessita
1322 945 1523 983 extrema
1540 938 1681 995 piglio
1698 939 1729 982 il
1760 953 1891 984 corso
1912 941 1969 984 de

335 1022 467 1064 Mtro.
495 1019 716 1064 Giacomo
744 1018 1003 1071 Valentino,
1036 1024 1082 1061 et
1117 1018 1148 1060 l’
1174 1018 1232 1060 ho
1269 1022 1447 1060 trouato
1469 1016 1630 1060 adesso
1658 1017 1743 1061 che
1779 1031 1835 1059 va
1858 1017 1970 1075 ogni

333 1097 494 1153 giorno
511 1096 741 1153 perdendo
762 1096 804 1138 la
827 1095 959 1149 vista,
977 1094 1023 1137 di
1045 1095 1180 1137 modo
1197 1095 1282 1137 che
1298 1092 1362 1136 lui
1378 1099 1424 1137 et
1441 1092 1516 1136 noi
1534 1099 1727 1137 tememo
1743 1095 1830 1138 che
1846 1094 1964 1137 real-

333 1181 484 1218 mente
506 1187 599 1216 non
619 1173 662 1216 13
683 1173 836 1229 perda,
863 1179 909 1215 et
936 1172 1012 1228 gia
1034 1171 1080 1214 in
1111 1172 1254 1215 Roma
1277 1171 1425 1215 hebbe
1447 1184 1513 1222 un·
1539 1169 1740 1215 cauterio
1773 1171 1815 1214 al
1844 1170 1967 1214 collo

332 1265 411 1307 per
432 1257 592 1307 questo
615 1256 764 1293 conto.
791 1250 848 1292 Et
869 1249 982 1292 oltre
1014 1263 1039 1291 a
1067 1254 1243 1304 questo,
1283 1249 1342 1290 ha
1371 1246 1416 1289 di
1444 1246 1656 1303 bisognio
1679 1247 1724 1290 d'
1750 1261 1811 1290 un
1832 1246 1968 1290 scrit-

335 1335 431 1372 tore
452 1327 473 1354 ¹²
501 1342 579 1383 per
599 1327 642 1371 10
658 1341 741 1371 5110
755 1325 948 1379 lettioni,
968 1324 1211 1368 altrimenti
1233 1338 1325 1367 non
1342 1324 1431 1380 puo
1449 1324 1643 1380 legger'3
1664 1323 1710 1366 di
1727 1324 1861 1367 modo
1878 1317 1966 1368 che

334 1406 359 1447 e
381 1418 496 1461 gran
520 1403 740 1447 necessita
763 1404 847 1447 che
868 1401 1006 1445 habbi
1027 1416 1089 1444 vn
1111 1399 1389 1455 successore,
1415 1407 1460 1444 et
1483 1401 1632 1457 quello
1660 1401 1906 1444 realmente
1930 1401 1969 1444 si

335 1481 514 1524 doueua
536 1495 562 1523 a
583 1479 802 1524 Giacomo
819 1478 1076 1531 Valentino,
1097 1478 1257 1535 poiche
1280 1480 1329 1521 fu
1346 1485 1540 1523 estrema
1556 1477 1781 1522 necessita
1797 1477 1843 1521 di
1860 1478 1970 1523 dare

335 1559 469 1602 Mtro.
495 1558 694 1601 Roberto
717 1557 733 1577 ⁴
756 1570 836 1612 per
858 1555 1082 1600 rhetorico
1099 1570 1126 1598 a
1149 1556 1383 1611 Inspruch3
1409 1555 1439 1597 l’
1465 1556 1579 1598 altro
1601 1554 1870 1612 philosopho
1893 1570 1972 1598 sa-

341 1634 406 1678 ria
428 1648 595 1677 ancora
616 1633 886 1686 necessario,
923 1647 1002 1688 per
1039 1638 1174 1675 conto
1205 1633 1291 1675 che
1328 1631 1373 1674 di
1411 1633 1545 1676 Mtro.
1587 1631 1772 1676 Simone
1795 1633 1809 1654 ⁵
1835 1638 1967 1675 stano

337 1710 447 1768 ogni
469 1710 631 1767 giorno
654 1724 739 1753 con
769 1724 883 1766 gran
912 1708 1087 1762 timore,
1119 1722 1200 1765 per
1236 1723 1318 1752 sua
1339 1722 1452 1765 poca
1488 1707 1850 1761 mortificatione,
1882 1710 1969 1751 che

343 1802 435 1831 non
458 1786 656 1839 manchi,
689 1799 817 1830 come
851 1786 926 1842 gia
965 1793 1143 1830 temeua
1180 1786 1237 1830 V.
1265 1787 1318 1829 P.
1358 1786 1476 1828 nella
1512 1785 1672 1829 lettera
1709 1786 1793 1828 che
1830 1784 1970 1829 scrise

342 1865 523 1921 quando
545 1865 589 1906 10
625 1863 804 1906 mando.
848 1865 998 1919 Prego
1035 1863 1172 1906 molto
1204 1877 1230 1905 3
1251 1863 1309 1906 V.
1351 1864 1404 1906 P.
1430 1863 1516 1906 che
1535 1862 1751 1918 proueda,
1776 1868 1822 1906 et
1849 1861 1965 1904 real-

342 1948 492 1986 mente
515 1941 665 1997 quello
686 1942 771 1983 che
791 1941 850 1983 ha
870 1940 927 1983 da
949 1941 1180 1983 succeder’
1200 1954 1226 1982 a
1242 1941 1377 1983 Mtro.
1398 1939 1620 1991 Gerardo,
1640 1937 1702 1981 mi
1723 1953 1832 1994 pare
1856 1936 1968 1994 ogni

341 2018 475 2062 modo
497 2016 767 2061 necessario:
794 2018 929 2072 quell’
954 2017 1068 2060 altro
1091 2031 1171 2073 per
1192 2022 1349 2072 questa
1373 2030 1529 2072 paura,
1554 2015 1693 2059 molto
1715 2014 1963 2071 probabile,

339 2101 387 2138 et
408 2094 484 2151 gia
506 2096 541 2137 s’
567 2095 592 2137 e
621 2094 831 2136 mandato
860 2096 1074 2149 Marquez
1110 2107 1239 2137 come
1261 2092 1373 2146 (115ος
1413 2106 1544 2149 spero
1566 2094 1602 2135 s'
1642 2091 1814 2135 aiutara
1835 2092 1893 2144 13,
1921 2098 1967 2136 et

343 2173 503 2228 puotra
525 2170 697 2216 seruire
719 2185 797 2227 per
820 2171 942 2214 buon
964 2171 1142 2223 lettore,
1173 2177 1218 2215 et
1255 2171 1350 2213 cosi
1381 2169 1515 2213 etiam
1552 2183 1631 2225 per
1663 2175 1798 2212 conto
1821 2183 1904 2212 suo
1929 2171 1966 2212 s'

413 2302 434 2322 a
466 2294 723 2330 Emendatum
740 2305 761 2330 a
780 2294 871 2330 libr.
892 2306 940 2330 ex
958 2307 1014 2330 un
1023 2298 1121 2342 poco
1139 2295 1183 2330 di
1196 2294 1411 2342 greco.—b
1427 2304 1451 2339 4
1464 2294 1584 2329 verba
1598 2304 1709 2341 seqq.
1730 2303 1846 2340 supra
1859 2303 1966 2328 vers.

342 2353 492 2390 addidit
510 2354 601 2390 libr.

417 2458 427 2477 ¹
479 2456 588 2491 Haec
605 2455 654 2491 de
668 2456 864 2491 Matthaeo
883 2456 1023 2502 polono
1041 2455 1149 2492 addit
1172 2455 1337 2502 Natalis,
1362 2456 1440 2491 loc.
1471 2454 1563 2497 cit.,
1589 2466 1628 2490 «.
1642 2479 1653 2491 .
1667 2458 1840 2500 ‚paretur
1864 2457 1907 2488 ut
1930 2452 1971 2488 in

344 2520 576 2562 sequentem
593 2525 736 2550 annum
754 2514 805 2549 sit
822 2514 953 2549 rhetor
970 2513 1085 2560 hujus
1102 2514 1306 2560 collegii.»

415 2575 429 2596 2
480 2575 541 2609 De
558 2574 630 2609 hac
647 2571 936 2609 contributione
954 2572 1044 2608 vide
1062 2573 1233 2620 append.
1256 2572 1441 2609 XXXIV.

416 2633 430 2652 ³
478 2633 537 2668 Ex
562 2633 634 2668 hoc
659 2633 744 2668 loco
771 2631 1055 2667 emendandum
1080 2632 1235 2668 videtur
1259 2643 1477 2678 cognomen
1500 2630 1590 2666 huie
1613 2628 1788 2666 Gerardo
1810 2640 1833 2664 a
1857 2628 1971 2665 nobis

345 2690 577 2727 attributum
595 2702 727 2738 supra,
744 2702 833 2737 pag.
857 2689 936 2735 173,
956 2697 1087 2726 annot.
1107 2701 1142 2736 4.
1160 2692 1247 2727 Duo
1265 2691 1403 2727 eodem
1421 2695 1596 2737 tempore
1611 2693 1721 2725 erant
1734 2687 1899 2725 Gerardi
1917 2687 1974 2724 in-

345 2755 404 2785 ter
421 2750 627 2796 magistros
643 2750 841 2796 Dilingae.
863 2750 974 2785 Alter
987 2750 1177 2786 successit
1195 2751 1342 2796 Jacobo
1357 2749 1588 2786 Valentiano
1606 2748 1645 2784 in
1662 2747 1836 2785 docenda
1853 2747 1975 2794 philo-

345 2809 495 2856 sophia,
514 2814 554 2845 et
577 2809 667 2845 huic
690 2819 905 2854 cognomen
923 2814 1005 2844 erat
1022 2809 1231 2845 Pastelius.
1252 2810 1364 2845 Alter
1382 2819 1489 2855 vero,
1507 2806 1718 2843 rhetorices
1736 2806 1936 2853 magister,
1953 2818 1976 2841 a

346 2868 475 2904 Natali
492 2868 688 2904 clevensis
705 2867 860 2911 dicitur3
880 2878 1096 2913 cognomen
1114 2874 1245 2904 autern
1260 2868 1395 2915 ipsius,
1413 2879 1462 2903 ex
1480 2868 1658 2912 catalogo
1673 2870 1763 2901 vota
1777 2865 1975 2903 scholasti-

345 2937 477 2962 corum
495 2927 766 2963 renovantium
784 2926 894 2962 initio
917 2927 1008 2962 anni
1035 2928 1138 2973 1567,
1158 2927 1379 2975 Lapidanus
1398 2938 1486 2962 esse
1504 2925 1673 2970 videtur,
1692 2930 1735 2960 ut
1752 2923 1792 2960 in
1809 2936 1855 2960 n.-
1867 2923 1889 2959 3
1902 2924 1976 2959 ’nu-

343 2985 407 3031 jus
426 2986 617 3033 epistolae
635 2986 782 3022 dictum
801 2991 875 3021 est.

415 3046 432 3067 ⁴
479 3045 654 3082 Girulius
673 3046 736 3082 vel
754 3045 954 3092 Byrulius.
978 3046 1079 3082 Vide
1097 3057 1191 3094 pag.
1217 3045 1300 3094 113,
1318 3037 1454 3082 annot.
1478 3054 1519 3081 2.

419 3105 433 3126 ⁵
481 3104 616 3140 Simon
633 3103 862 3140 leodiensis.
886 3104 986 3140 Vide
1005 3116 1098 3152 pag.
1124 3104 1203 3153 113,
1225 3110 1362 3141 annot.
1389 3113 1427 3141 1.

2217 524 2228 572 ἑ
