<?xml version="1.0" encoding="UTF-8"?>
<!DOCTYPE html PUBLIC "-//W3C//DTD XHTML 1.0 Transitional//EN"
    "http://www.w3.org/TR/xhtml1/DTD/xhtml1-transitional.dtd">
<html xmlns="http://www.w3.org/1999/xhtml" xml:lang="en" lang="en">
 <head>
  <title>
</title>
<meta http-equiv="Content-Type" content="text/html;charset=utf-8" />
  <meta name='ocr-system' content='tesseract 3.04.00' />
  <meta name='ocr-capabilities' content='ocr_page ocr_carea ocr_par ocr_line ocrx_word'/>
</head>
<body>
  <div class='ocr_page' id='page_1' title='image "./epistolaephieron03nadauoft_0833.png"; bbox 0 0 2228 3548; ppageno 0'>
   <div class='ocr_carea' id='block_1_1' title="bbox 969 280 1845 325">
    <p class='ocr_par' dir='ltr' id='par_1_1' title="bbox 969 280 1845 325">
     <span class='ocr_line' id='line_1_1' title="bbox 969 280 1845 325; baseline -0.003 -8"><span class='ocrx_word' id='word_1_1' title='bbox 969 280 1191 317; x_wconf 70' lang='lat' dir='ltr'><strong>Appanmx</strong></span> <span class='ocrx_word' id='word_1_2' title='bbox 1774 286 1845 325; x_wconf 87' lang='lat'><strong>795</strong></span> 
     </span>
    </p>
   </div>
   <div class='ocr_carea' id='block_1_2' title="bbox 256 379 1893 913">
    <p class='ocr_par' dir='ltr' id='par_1_2' title="bbox 256 379 1893 913">
     <span class='ocr_line' id='line_1_2' title="bbox 259 379 1893 439; baseline -0.001 -14"><span class='ocrx_word' id='word_1_3' title='bbox 259 381 474 435; x_wconf 90' lang='lat' dir='ltr'><strong>diuimus,</strong></span> <span class='ocrx_word' id='word_1_4' title='bbox 498 382 710 436; x_wconf 92' lang='lat' dir='ltr'><strong>vidimus,</strong></span> <span class='ocrx_word' id='word_1_5' title='bbox 734 389 780 427; x_wconf 88' lang='lat' dir='ltr'><strong>et</strong></span> <span class='ocrx_word' id='word_1_6' title='bbox 800 382 848 427; x_wconf 88' lang='lat' dir='ltr'><strong>in</strong></span> <span class='ocrx_word' id='word_1_7' title='bbox 870 382 1048 439; x_wconf 89' lang='lat' dir='ltr'><strong>scriptis</strong></span> <span class='ocrx_word' id='word_1_8' title='bbox 1068 381 1337 439; x_wconf 83' lang='lat' dir='ltr'><strong>recepimus.</strong></span> <span class='ocrx_word' id='word_1_9' title='bbox 1364 382 1538 426; x_wconf 84' lang='lat' dir='ltr'><strong>Omnes</strong></span> <span class='ocrx_word' id='word_1_10' title='bbox 1553 379 1829 424; x_wconf 88' lang='lat' dir='ltr'><strong>examinauit</strong></span> <span class='ocrx_word' id='word_1_11' title='bbox 1844 386 1893 424; x_wconf 90' lang='lat' dir='ltr'><strong>et</strong></span> 
     </span>
     <span class='ocr_line' id='line_1_3' title="bbox 260 438 1890 510; baseline -0.001 -26"><span class='ocrx_word' id='word_1_12' title='bbox 260 440 544 498; x_wconf 89' lang='lat' dir='ltr'><strong>singulorum</strong></span> <span class='ocrx_word' id='word_1_13' title='bbox 586 442 894 510; x_wconf 83' lang='lat' dir='ltr'><strong>confessiones</strong></span> <span class='ocrx_word' id='word_1_14' title='bbox 934 441 1124 486; x_wconf 91' lang='lat' dir='ltr'><strong>audiuit.</strong></span> <span class='ocrx_word' id='word_1_15' title='bbox 1170 441 1352 485; x_wconf 87' lang='lat' dir='ltr'>Primus</span> <span class='ocrx_word' id='word_1_16' title='bbox 1399 439 1647 485; x_wconf 88' lang='lat' dir='ltr'><strong>celebrauit</strong></span> <span class='ocrx_word' id='word_1_17' title='bbox 1689 438 1890 483; x_wconf 89' lang='lat' dir='ltr'><strong>officium</strong></span> 
     </span>
     <span class='ocr_line' id='line_1_4' title="bbox 263 499 1886 558; baseline -0.001 -15"><span class='ocrx_word' id='word_1_18' title='bbox 263 500 400 544; x_wconf 87' lang='lat' dir='ltr'><strong>feriae</strong></span> <span class='ocrx_word' id='word_1_19' title='bbox 421 508 575 546; x_wconf 83' lang='lat' dir='ltr'><strong>sextae</strong></span> <span class='ocrx_word' id='word_1_20' title='bbox 606 501 651 544; x_wconf 91' lang='lat' dir='ltr'><strong>in</strong></span> <span class='ocrx_word' id='word_1_21' title='bbox 684 501 934 558; x_wconf 84' lang='lat' dir='ltr'><strong>septimana</strong></span> <span class='ocrx_word' id='word_1_22' title='bbox 966 508 1124 545; x_wconf 90' lang='lat' dir='ltr'><strong>sancta</strong></span> <span class='ocrx_word' id='word_1_23' title='bbox 1154 501 1202 544; x_wconf 93' lang='lat' dir='ltr'><strong>in</strong></span> <span class='ocrx_word' id='word_1_24' title='bbox 1233 508 1388 544; x_wconf 90' lang='lat' dir='ltr'><strong>nostro</strong></span> <span class='ocrx_word' id='word_1_25' title='bbox 1419 499 1670 544; x_wconf 91' lang='lat' dir='ltr'><strong>domestico</strong></span> <span class='ocrx_word' id='word_1_26' title='bbox 1702 499 1886 553; x_wconf 90' lang='lat' dir='ltr'><strong>sacello;</strong></span> 
     </span>
     <span class='ocr_line' id='line_1_5' title="bbox 261 558 1893 618; baseline -0.001 -15"><span class='ocrx_word' id='word_1_27' title='bbox 261 559 541 616; x_wconf 87' lang='lat' dir='ltr'><strong>fecimusque</strong></span> <span class='ocrx_word' id='word_1_28' title='bbox 562 560 730 605; x_wconf 88' lang='lat' dir='ltr'><strong>ibidem</strong></span> <span class='ocrx_word' id='word_1_29' title='bbox 751 562 1040 618; x_wconf 89' lang='lat' dir='ltr'><strong>sepulchrum</strong></span> <span class='ocrx_word' id='word_1_30' title='bbox 1062 559 1355 613; x_wconf 89' lang='lat' dir='ltr'><strong>dominicum,</strong></span> <span class='ocrx_word' id='word_1_31' title='bbox 1382 566 1427 604; x_wconf 90' lang='lat' dir='ltr'><strong>et</strong></span> <span class='ocrx_word' id='word_1_32' title='bbox 1448 574 1528 616; x_wconf 91' lang='lat' dir='ltr'><strong>per</strong></span> <span class='ocrx_word' id='word_1_33' title='bbox 1548 558 1672 602; x_wconf 92' lang='lat' dir='ltr'><strong>vices</strong></span> <span class='ocrx_word' id='word_1_34' title='bbox 1688 564 1824 603; x_wconf 88' lang='lat' dir='ltr'><strong>nocte</strong></span> <span class='ocrx_word' id='word_1_35' title='bbox 1843 565 1893 602; x_wconf 90' lang='lat' dir='ltr'><strong>et</strong></span> 
     </span>
     <span class='ocr_line' id='line_1_6' title="bbox 260 617 1892 686; baseline -0.001 -25"><span class='ocrx_word' id='word_1_36' title='bbox 260 618 457 662; x_wconf 92' lang='lat' dir='ltr'><strong>interdiu</strong></span> <span class='ocrx_word' id='word_1_37' title='bbox 479 627 676 686; x_wconf 83' lang='lat' dir='ltr'><strong>quatuor</strong></span> <span class='ocrx_word' id='word_1_38' title='bbox 696 621 909 678; x_wconf 90' lang='lat' dir='ltr'><strong>legerunt</strong></span> <span class='ocrx_word' id='word_1_39' title='bbox 930 619 1209 676; x_wconf 86' lang='lat' dir='ltr'><strong>psalterium,</strong></span> <span class='ocrx_word' id='word_1_40' title='bbox 1234 620 1356 675; x_wconf 91' lang='lat' dir='ltr'><strong>quod</strong></span> <span class='ocrx_word' id='word_1_41' title='bbox 1380 618 1596 662; x_wconf 86' lang='lat' dir='ltr'><strong>fratribus</strong></span> <span class='ocrx_word' id='word_1_42' title='bbox 1612 625 1657 661; x_wconf 91' lang='lat' dir='ltr'><strong>et</strong></span> <span class='ocrx_word' id='word_1_43' title='bbox 1674 617 1892 661; x_wconf 90' lang='lat' dir='ltr'><strong>studiosis</strong></span> 
     </span>
     <span class='ocr_line' id='line_1_7' title="bbox 259 676 1888 735; baseline 0 -15"><span class='ocrx_word' id='word_1_44' title='bbox 259 678 425 722; x_wconf 89' lang='lat' dir='ltr'><strong>nostris</strong></span> <span class='ocrx_word' id='word_1_45' title='bbox 463 679 815 723; x_wconf 85' lang='lat' dir='ltr'><strong>excitamentum</strong></span> <span class='ocrx_word' id='word_1_46' title='bbox 859 679 944 723; x_wconf 86' lang='lat' dir='ltr'><strong>fuit</strong></span> <span class='ocrx_word' id='word_1_47' title='bbox 979 679 1251 723; x_wconf 91' lang='lat' dir='ltr'><strong>deuotionis.</strong></span> <span class='ocrx_word' id='word_1_48' title='bbox 1291 678 1580 735; x_wconf 88' lang='lat' dir='ltr'><strong>Singularem</strong></span> <span class='ocrx_word' id='word_1_49' title='bbox 1617 676 1888 720; x_wconf 91' lang='lat' dir='ltr'><strong>charitatem</strong></span> 
     </span>
     <span class='ocr_line' id='line_1_8' title="bbox 258 735 1863 794; baseline 0 -14"><span class='ocrx_word' id='word_1_50' title='bbox 258 738 451 794; x_wconf 92' lang='lat' dir='ltr'><strong>collegio</strong></span> <span class='ocrx_word' id='word_1_51' title='bbox 471 738 693 791; x_wconf 87' lang='lat' dir='ltr'><strong>exhibuit,</strong></span> <span class='ocrx_word' id='word_1_52' title='bbox 718 746 764 783; x_wconf 92' lang='lat' dir='ltr'><strong>et</strong></span> <span class='ocrx_word' id='word_1_53' title='bbox 786 738 959 782; x_wconf 88' lang='lat' dir='ltr'><strong>multa</strong></span> <span class='ocrx_word' id='word_1_54' title='bbox 948 753 996 781; x_wconf 90' lang='lat' dir='ltr'><strong>m</strong></span> <span class='ocrx_word' id='word_1_55' title='bbox 1017 738 1247 782; x_wconf 90' lang='lat' dir='ltr'><strong>meliorem</strong></span> <span class='ocrx_word' id='word_1_56' title='bbox 1276 739 1460 781; x_wconf 92' lang='lat' dir='ltr'><strong>modum</strong></span> <span class='ocrx_word' id='word_1_57' title='bbox 1488 735 1766 781; x_wconf 86' lang='lat' dir='ltr'><strong>reformauit.</strong></span> <span class='ocrx_word' id='word_1_58' title='bbox 1793 736 1863 780; x_wconf 89' lang='lat' dir='ltr'><strong>Ac</strong></span> 
     </span>
     <span class='ocr_line' id='line_1_9' title="bbox 257 794 1889 853; baseline -0.001 -14"><span class='ocrx_word' id='word_1_59' title='bbox 257 797 459 840; x_wconf 92' lang='lat' dir='ltr'><strong>curatius</strong></span> <span class='ocrx_word' id='word_1_60' title='bbox 480 812 602 841; x_wconf 91' lang='lat' dir='ltr'><strong>nunc</strong></span> <span class='ocrx_word' id='word_1_61' title='bbox 624 799 785 842; x_wconf 90' lang='lat' dir='ltr'><strong>domus</strong></span> <span class='ocrx_word' id='word_1_62' title='bbox 806 799 1033 851; x_wconf 87' lang='lat' dir='ltr'><strong>seclusae,</strong></span> <span class='ocrx_word' id='word_1_63' title='bbox 1059 804 1109 842; x_wconf 93' lang='lat' dir='ltr'><strong>vt</strong></span> <span class='ocrx_word' id='word_1_64' title='bbox 1135 797 1247 840; x_wconf 90' lang='lat' dir='ltr'><strong>nulli</strong></span> <span class='ocrx_word' id='word_1_65' title='bbox 1275 804 1425 853; x_wconf 89' lang='lat' dir='ltr'><strong>pateat</strong></span> <span class='ocrx_word' id='word_1_66' title='bbox 1457 796 1686 840; x_wconf 86' lang='lat' dir='ltr'><strong>transitus.</strong></span> <span class='ocrx_word' id='word_1_67' title='bbox 1714 794 1889 839; x_wconf 91' lang='lat' dir='ltr'><strong>Nouitii</strong></span> 
     </span>
     <span class='ocr_line' id='line_1_10' title="bbox 256 855 1703 913; baseline -0.001 -14"><span class='ocrx_word' id='word_1_68' title='bbox 256 871 389 900; x_wconf 87' lang='lat' dir='ltr'><strong>suum</strong></span> <span class='ocrx_word' id='word_1_69' title='bbox 412 858 690 913; x_wconf 87' lang='lat' dir='ltr'><strong>praefectum</strong></span> <span class='ocrx_word' id='word_1_70' title='bbox 711 865 757 902; x_wconf 90' lang='lat' dir='ltr'><strong>et</strong></span> <span class='ocrx_word' id='word_1_71' title='bbox 777 857 993 902; x_wconf 86' lang='lat' dir='ltr'><strong>exercitia</strong></span> <span class='ocrx_word' id='word_1_72' title='bbox 1014 858 1210 909; x_wconf 93' lang='lat' dir='ltr'><strong>habent,</strong></span> <span class='ocrx_word' id='word_1_73' title='bbox 1236 863 1282 901; x_wconf 94' lang='lat' dir='ltr'><strong>et</strong></span> <span class='ocrx_word' id='word_1_74' title='bbox 1303 857 1420 901; x_wconf 91' lang='lat' dir='ltr'><strong>bene</strong></span> <span class='ocrx_word' id='word_1_75' title='bbox 1443 855 1703 912; x_wconf 91' lang='lat' dir='ltr'><strong>proficiunt.</strong></span> 
     </span>
    </p>
   </div>
   <div class='ocr_carea' id='block_1_3' title="bbox 674 970 1468 1115">
    <p class='ocr_par' dir='ltr' id='par_1_3' title="bbox 674 970 1468 1115">
     <span class='ocr_line' id='line_1_11' title="bbox 1047 970 1105 1014; baseline -0.017 0"><span class='ocrx_word' id='word_1_76' title='bbox 1047 970 1105 1014; x_wconf 94' lang='lat' dir='ltr'><strong>LI</strong></span> 
     </span>
     <span class='ocr_line' id='line_1_12' title="bbox 674 1055 1468 1115; baseline -0.004 -21"><span class='ocrx_word' id='word_1_77' title='bbox 674 1058 722 1095; x_wconf 79' lang='lat' dir='ltr'><strong>s,</strong></span> <span class='ocrx_word' id='word_1_78' title='bbox 750 1057 1132 1115; x_wconf 80' lang='lat' dir='ltr'><strong>FRANclsCUs</strong></span> <span class='ocrx_word' id='word_1_79' title='bbox 1165 1057 1243 1092; x_wconf 85' lang='lat' dir='ltr'><strong>DE</strong></span> <span class='ocrx_word' id='word_1_80' title='bbox 1275 1055 1468 1103; x_wconf 87' lang='lat' dir='ltr'>BORJA</span> 
     </span>
    </p>
   </div>
   <div class='ocr_carea' id='block_1_4' title="bbox 718 1147 1425 1361">
    <p class='ocr_par' dir='ltr' id='par_1_4' title="bbox 718 1147 1425 1361">
     <span class='ocr_line' id='line_1_13' title="bbox 777 1147 1374 1181; baseline -0.003 -1"><span class='ocrx_word' id='word_1_81' title='bbox 777 1149 1035 1181; x_wconf 87' lang='lat' dir='ltr'><strong>FRIDERICO</strong></span> <span class='ocrx_word' id='word_1_82' title='bbox 1063 1149 1092 1180; x_wconf 85' lang='lat' dir='ltr'>A</span> <span class='ocrx_word' id='word_1_83' title='bbox 1121 1147 1374 1179; x_wconf 86' lang='lat' dir='ltr'>WIRSBERG</span> 
     </span>
     <span class='ocr_line' id='line_1_14' title="bbox 718 1222 1425 1280; baseline -0.006 -10"><span class='ocrx_word' id='word_1_84' title='bbox 718 1227 940 1279; x_wconf 90' lang='lat' dir='ltr'><strong>Romae,</strong></span> <span class='ocrx_word' id='word_1_85' title='bbox 981 1237 1043 1268; x_wconf 90' lang='lat'><strong>20</strong></span> <span class='ocrx_word' id='word_1_86' title='bbox 1081 1223 1206 1280; x_wconf 86' lang='lat' dir='ltr'><strong>Maji</strong></span> <span class='ocrx_word' id='word_1_87' title='bbox 1244 1236 1260 1267; x_wconf 94' lang='lat'>1</span> <span class='ocrx_word' id='word_1_88' title='bbox 1276 1222 1375 1278; x_wconf 89' lang='lat'><strong>567</strong></span> <span class='ocrx_word' id='word_1_89' title='bbox 1397 1224 1425 1266; x_wconf 88' lang='lat'><strong>¹.</strong></span> 
     </span>
     <span class='ocr_line' id='line_1_15' title="bbox 811 1313 1332 1361; baseline -0.006 -11"><span class='ocrx_word' id='word_1_90' title='bbox 811 1314 872 1350; x_wconf 83' lang='lat' dir='ltr'><strong>De</strong></span> <span class='ocrx_word' id='word_1_91' title='bbox 888 1313 1050 1361; x_wconf 86' lang='lat' dir='ltr'><strong>collegii</strong></span> <span class='ocrx_word' id='word_1_92' title='bbox 1066 1313 1332 1349; x_wconf 81' lang='lat' dir='ltr'><strong>institutione.</strong></span> 
     </span>
    </p>
   </div>
   <div class='ocr_carea' id='block_1_5' title="bbox 252 1387 1885 1686">
    <p class='ocr_par' dir='ltr' id='par_1_5' title="bbox 252 1387 1885 1686">
     <span class='ocr_line' id='line_1_16' title="bbox 346 1387 1883 1437; baseline -0.003 -2"><span class='ocrx_word' id='word_1_93' title='bbox 346 1391 566 1437; x_wconf 90' lang='lat' dir='ltr'><strong>Redditae</strong></span> <span class='ocrx_word' id='word_1_94' title='bbox 587 1392 695 1435; x_wconf 90' lang='lat' dir='ltr'><strong>mihi</strong></span> <span class='ocrx_word' id='word_1_95' title='bbox 723 1392 907 1436; x_wconf 90' lang='lat' dir='ltr'><strong>fuerunt</strong></span> <span class='ocrx_word' id='word_1_96' title='bbox 933 1391 1110 1436; x_wconf 89' lang='lat' dir='ltr'><strong>litterae</strong></span> <span class='ocrx_word' id='word_1_97' title='bbox 1135 1392 1199 1435; x_wconf 90' lang='lat' dir='ltr'><strong>D.</strong></span> <span class='ocrx_word' id='word_1_98' title='bbox 1231 1392 1287 1434; x_wconf 91' lang='lat' dir='ltr'><strong>V.</strong></span> <span class='ocrx_word' id='word_1_99' title='bbox 1314 1390 1483 1434; x_wconf 86' lang='lat' dir='ltr'><strong>Illmae.</strong></span> <span class='ocrx_word' id='word_1_100' title='bbox 1516 1388 1650 1432; x_wconf 91' lang='lat' dir='ltr'><strong>simul</strong></span> <span class='ocrx_word' id='word_1_101' title='bbox 1677 1403 1781 1431; x_wconf 89' lang='lat' dir='ltr'><strong>cum</strong></span> <span class='ocrx_word' id='word_1_102' title='bbox 1812 1387 1883 1431; x_wconf 91' lang='lat' dir='ltr'><strong>in-</strong></span> 
     </span>
     <span class='ocr_line' id='line_1_17' title="bbox 255 1448 1880 1507; baseline -0.001 -14"><span class='ocrx_word' id='word_1_103' title='bbox 255 1457 509 1496; x_wconf 90' lang='lat' dir='ltr'><strong>strumento</strong></span> <span class='ocrx_word' id='word_1_104' title='bbox 526 1453 583 1495; x_wconf 91' lang='lat' dir='ltr'><strong>ad</strong></span> <span class='ocrx_word' id='word_1_105' title='bbox 601 1451 910 1495; x_wconf 85' lang='lat' dir='ltr'><strong>fundationem</strong></span> <span class='ocrx_word' id='word_1_106' title='bbox 927 1450 1107 1507; x_wconf 87' lang='lat' dir='ltr'><strong>collegii</strong></span> <span class='ocrx_word' id='word_1_107' title='bbox 1123 1449 1393 1507; x_wconf 88' lang='lat' dir='ltr'><strong>pertinente,</strong></span> <span class='ocrx_word' id='word_1_108' title='bbox 1410 1455 1455 1492; x_wconf 91' lang='lat' dir='ltr'><strong>et</strong></span> <span class='ocrx_word' id='word_1_109' title='bbox 1472 1448 1642 1505; x_wconf 88' lang='lat' dir='ltr'><strong>gratias</strong></span> <span class='ocrx_word' id='word_1_110' title='bbox 1659 1462 1748 1504; x_wconf 89' lang='lat' dir='ltr'><strong>ago</strong></span> <span class='ocrx_word' id='word_1_111' title='bbox 1764 1449 1880 1500; x_wconf 89' lang='lat' dir='ltr'><strong>De0,</strong></span> 
     </span>
     <span class='ocr_line' id='line_1_18' title="bbox 254 1507 1885 1567; baseline -0.001 -14"><span class='ocrx_word' id='word_1_112' title='bbox 254 1524 280 1553; x_wconf 90' lang='lat' dir='ltr'><strong>a</strong></span> <span class='ocrx_word' id='word_1_113' title='bbox 302 1524 393 1566; x_wconf 92' lang='lat' dir='ltr'><strong>quo</strong></span> <span class='ocrx_word' id='word_1_114' title='bbox 413 1510 564 1554; x_wconf 90' lang='lat' dir='ltr'><strong>omnia</strong></span> <span class='ocrx_word' id='word_1_115' title='bbox 585 1512 706 1554; x_wconf 90' lang='lat' dir='ltr'><strong>bona</strong></span> <span class='ocrx_word' id='word_1_116' title='bbox 727 1512 995 1567; x_wconf 89' lang='lat' dir='ltr'><strong>procedunt,</strong></span> <span class='ocrx_word' id='word_1_117' title='bbox 1019 1510 1097 1566; x_wconf 83' lang='lat' dir='ltr'><strong>qui</strong></span> <span class='ocrx_word' id='word_1_118' title='bbox 1120 1510 1253 1554; x_wconf 90' lang='lat' dir='ltr'><strong>talem</strong></span> <span class='ocrx_word' id='word_1_119' title='bbox 1275 1508 1475 1552; x_wconf 90' lang='lat' dir='ltr'><strong>animum</strong></span> <span class='ocrx_word' id='word_1_120' title='bbox 1503 1515 1548 1551; x_wconf 89' lang='lat' dir='ltr'><strong>et</strong></span> <span class='ocrx_word' id='word_1_121' title='bbox 1578 1508 1635 1551; x_wconf 90' lang='lat' dir='ltr'><strong>de</strong></span> <span class='ocrx_word' id='word_1_122' title='bbox 1666 1507 1885 1563; x_wconf 85' lang='lat' dir='ltr'><strong>religione</strong></span> 
     </span>
     <span class='ocr_line' id='line_1_19' title="bbox 252 1566 1881 1624; baseline -0.002 -12"><span class='ocrx_word' id='word_1_123' title='bbox 252 1569 475 1613; x_wconf 89' lang='lat' dir='ltr'><strong>catholica</strong></span> <span class='ocrx_word' id='word_1_124' title='bbox 497 1583 552 1613; x_wconf 89' lang='lat' dir='ltr'><strong>ac</strong></span> <span class='ocrx_word' id='word_1_125' title='bbox 573 1570 856 1613; x_wconf 91' lang='lat' dir='ltr'><strong>subditorum</strong></span> <span class='ocrx_word' id='word_1_126' title='bbox 879 1584 1065 1613; x_wconf 87' lang='lat' dir='ltr'><strong>suorum</strong></span> <span class='ocrx_word' id='word_1_127' title='bbox 1087 1569 1233 1614; x_wconf 90' lang='lat' dir='ltr'><strong>salute</strong></span> <span class='ocrx_word' id='word_1_128' title='bbox 1260 1568 1569 1624; x_wconf 88' lang='lat' dir='ltr'><strong>promouenda</strong></span> <span class='ocrx_word' id='word_1_129' title='bbox 1598 1574 1687 1610; x_wconf 90' lang='lat' dir='ltr'><strong>tam</strong></span> <span class='ocrx_word' id='word_1_130' title='bbox 1715 1566 1881 1610; x_wconf 84' lang='lat' dir='ltr'><strong>sollici-</strong></span> 
     </span>
     <span class='ocr_line' id='line_1_20' title="bbox 252 1627 1880 1686; baseline -0.002 -15"><span class='ocrx_word' id='word_1_131' title='bbox 252 1636 348 1672; x_wconf 92' lang='lat' dir='ltr'><strong>tum</strong></span> <span class='ocrx_word' id='word_1_132' title='bbox 371 1631 429 1673; x_wconf 89' lang='lat' dir='ltr'><strong>D.</strong></span> <span class='ocrx_word' id='word_1_133' title='bbox 457 1630 513 1673; x_wconf 89' lang='lat' dir='ltr'><strong>V.</strong></span> <span class='ocrx_word' id='word_1_134' title='bbox 542 1631 696 1673; x_wconf 91' lang='lat' dir='ltr'><strong>Rmae.</strong></span> <span class='ocrx_word' id='word_1_135' title='bbox 721 1628 917 1683; x_wconf 90' lang='lat' dir='ltr'><strong>dederit,</strong></span> <span class='ocrx_word' id='word_1_136' title='bbox 942 1635 1157 1686; x_wconf 90' lang='lat' dir='ltr'><strong>pergrata</strong></span> <span class='ocrx_word' id='word_1_137' title='bbox 1178 1627 1314 1671; x_wconf 90' lang='lat' dir='ltr'><strong>etiam</strong></span> <span class='ocrx_word' id='word_1_138' title='bbox 1335 1627 1446 1670; x_wconf 89' lang='lat' dir='ltr'><strong>mihi</strong></span> <span class='ocrx_word' id='word_1_139' title='bbox 1470 1627 1554 1670; x_wconf 85' lang='lat' dir='ltr'><strong>fuit</strong></span> <span class='ocrx_word' id='word_1_140' title='bbox 1579 1628 1763 1670; x_wconf 92' lang='lat' dir='ltr'><strong>Patrum</strong></span> <span class='ocrx_word' id='word_1_141' title='bbox 1786 1627 1880 1669; x_wconf 92' lang='lat' dir='ltr'><strong>Na-</strong></span> 
     </span>
    </p>
   </div>
   <div class='ocr_carea' id='block_1_6' title="bbox 251 1685 1882 1805">
    <p class='ocr_par' dir='ltr' id='par_1_6' title="bbox 251 1685 1882 1805">
     <span class='ocr_line' id='line_1_21' title="bbox 251 1685 1882 1745; baseline -0.002 -14"><span class='ocrx_word' id='word_1_142' title='bbox 251 1687 353 1732; x_wconf 89' lang='lat' dir='ltr'><strong>talis</strong></span> <span class='ocrx_word' id='word_1_143' title='bbox 376 1695 421 1733; x_wconf 91' lang='lat' dir='ltr'><strong>et</strong></span> <span class='ocrx_word' id='word_1_144' title='bbox 443 1688 614 1732; x_wconf 88' lang='lat' dir='ltr'><strong>Canisii</strong></span> <span class='ocrx_word' id='word_1_145' title='bbox 631 1689 839 1732; x_wconf 85' lang='lat' dir='ltr'><strong>alacritas</strong></span> <span class='ocrx_word' id='word_1_146' title='bbox 855 1695 901 1732; x_wconf 91' lang='lat' dir='ltr'><strong>et</strong></span> <span class='ocrx_word' id='word_1_147' title='bbox 917 1687 1242 1745; x_wconf 89' lang='lat' dir='ltr'><strong>promptitudo,</strong></span> <span class='ocrx_word' id='word_1_148' title='bbox 1263 1701 1353 1743; x_wconf 89' lang='lat' dir='ltr'><strong>qua</strong></span> <span class='ocrx_word' id='word_1_149' title='bbox 1369 1685 1607 1732; x_wconf 90' lang='lat' dir='ltr'><strong>Societatis</strong></span> <span class='ocrx_word' id='word_1_150' title='bbox 1624 1699 1806 1742; x_wconf 90' lang='lat' dir='ltr'><strong>operam</strong></span> <span class='ocrx_word' id='word_1_151' title='bbox 1825 1685 1882 1728; x_wconf 91' lang='lat' dir='ltr'><strong>ad</strong></span> 
     </span>
     <span class='ocr_line' id='line_1_22' title="bbox 252 1746 1238 1805; baseline -0.001 -15"><span class='ocrx_word' id='word_1_152' title='bbox 252 1746 514 1791; x_wconf 89' lang='lat' dir='ltr'><strong>huiusmodi</strong></span> <span class='ocrx_word' id='word_1_153' title='bbox 535 1747 661 1805; x_wconf 91' lang='lat' dir='ltr'><strong>pium</strong></span> <span class='ocrx_word' id='word_1_154' title='bbox 683 1748 919 1805; x_wconf 85' lang='lat' dir='ltr'><strong>negotium</strong></span> <span class='ocrx_word' id='word_1_155' title='bbox 940 1748 1238 1791; x_wconf 90' lang='lat' dir='ltr'><strong>obtulerunt..</strong></span> 
     </span>
    </p>
   </div>
   <div class='ocr_carea' id='block_1_7' title="bbox 794 1860 1341 1986">
    <p class='ocr_par' dir='ltr' id='par_1_7' title="bbox 794 1860 1341 1986">
     <span class='ocr_line' id='line_1_23' title="bbox 1029 1860 1106 1903; baseline -0.013 0"><span class='ocrx_word' id='word_1_156' title='bbox 1029 1860 1106 1903; x_wconf 90' lang='lat' dir='ltr'><strong>LII</strong></span> 
     </span>
     <span class='ocr_line' id='line_1_24' title="bbox 794 1945 1341 1986; baseline 0 -2"><span class='ocrx_word' id='word_1_157' title='bbox 794 1950 839 1986; x_wconf 92' lang='lat' dir='ltr'><strong>B.</strong></span> <span class='ocrx_word' id='word_1_158' title='bbox 866 1947 1068 1985; x_wconf 90' lang='lat' dir='ltr'><strong>PETRUS</strong></span> <span class='ocrx_word' id='word_1_159' title='bbox 1093 1945 1341 1985; x_wconf 88' lang='lat' dir='ltr'>CANISIUS</span> 
     </span>
    </p>
   </div>
   <div class='ocr_carea' id='block_1_8' title="bbox 457 2038 1664 2250">
    <p class='ocr_par' dir='ltr' id='par_1_8' title="bbox 457 2038 1664 2250">
     <span class='ocr_line' id='line_1_25' title="bbox 621 2038 1504 2078; baseline -0.002 -7"><span class='ocrx_word' id='word_1_160' title='bbox 621 2041 836 2071; x_wconf 89' lang='lat' dir='ltr'>SANCTO</span> <span class='ocrx_word' id='word_1_161' title='bbox 873 2039 1075 2070; x_wconf 90' lang='lat' dir='ltr'>FRANCI</span> <span class='ocrx_word' id='word_1_162' title='bbox 1088 2038 1187 2070; x_wconf 92' lang='lat' dir='ltr'><strong>SCO</strong></span> <span class='ocrx_word' id='word_1_163' title='bbox 1224 2038 1293 2069; x_wconf 90' lang='lat' dir='ltr'><strong>DE</strong></span> <span class='ocrx_word' id='word_1_164' title='bbox 1330 2038 1504 2078; x_wconf 79' lang='lat' dir='ltr'>BORJA</span> 
     </span>
     <span class='ocr_line' id='line_1_26' title="bbox 743 2113 1384 2172; baseline -0.002 -14"><span class='ocrx_word' id='word_1_165' title='bbox 743 2114 973 2171; x_wconf 88' lang='lat' dir='ltr'><strong>Dilingae,</strong></span> <span class='ocrx_word' id='word_1_166' title='bbox 1004 2126 1054 2158; x_wconf 90' lang='lat'><strong>12</strong></span> <span class='ocrx_word' id='word_1_167' title='bbox 1071 2113 1197 2172; x_wconf 92' lang='lat' dir='ltr'><strong>Junii</strong></span> <span class='ocrx_word' id='word_1_168' title='bbox 1225 2114 1335 2169; x_wconf 86' lang='lat'>1567</span> <span class='ocrx_word' id='word_1_169' title='bbox 1352 2114 1384 2157; x_wconf 82' lang='lat'><strong>&#39;.</strong></span> 
     </span>
     <span class='ocr_line' id='line_1_27' title="bbox 457 2201 1664 2250; baseline -0.003 -11"><span class='ocrx_word' id='word_1_170' title='bbox 457 2203 518 2239; x_wconf 84' lang='lat' dir='ltr'><strong>De</strong></span> <span class='ocrx_word' id='word_1_171' title='bbox 535 2204 768 2239; x_wconf 82' lang='lat' dir='ltr'><strong>dimissione</strong></span> <span class='ocrx_word' id='word_1_172' title='bbox 795 2203 988 2239; x_wconf 85' lang='lat' dir='ltr'><strong>Vischerii</strong></span> <span class='ocrx_word' id='word_1_173' title='bbox 1004 2203 1204 2250; x_wconf 86' lang='lat' dir='ltr'><strong>Borgiam</strong></span> <span class='ocrx_word' id='word_1_174' title='bbox 1221 2205 1259 2238; x_wconf 77' lang='lat' dir='ltr'><strong>et</strong></span> <span class='ocrx_word' id='word_1_175' title='bbox 1276 2201 1466 2238; x_wconf 83' lang='lat' dir='ltr'><strong>Natalem</strong></span> <span class='ocrx_word' id='word_1_176' title='bbox 1481 2201 1664 2237; x_wconf 82' lang='lat' dir='ltr'><strong>consulit.</strong></span> 
     </span>
    </p>
   </div>
   <div class='ocr_carea' id='block_1_9' title="bbox 248 2278 1878 2454">
    <p class='ocr_par' dir='ltr' id='par_1_9' title="bbox 248 2278 1878 2454">
     <span class='ocr_line' id='line_1_28' title="bbox 337 2278 1878 2348; baseline -0.003 -24"><span class='ocrx_word' id='word_1_177' title='bbox 337 2282 448 2324; x_wconf 91' lang='lat' dir='ltr'><strong>Post</strong></span> <span class='ocrx_word' id='word_1_178' title='bbox 463 2281 647 2337; x_wconf 90' lang='lat' dir='ltr'><strong>longam</strong></span> <span class='ocrx_word' id='word_1_179' title='bbox 664 2279 1023 2348; x_wconf 87' lang='lat' dir='ltr'><strong>expectationem</strong></span> <span class='ocrx_word' id='word_1_180' title='bbox 1042 2279 1138 2324; x_wconf 90' lang='lat' dir='ltr'><strong>heri</strong></span> <span class='ocrx_word' id='word_1_181' title='bbox 1155 2279 1434 2324; x_wconf 92' lang='lat' dir='ltr'><strong>coniunctim</strong></span> <span class='ocrx_word' id='word_1_182' title='bbox 1452 2278 1622 2334; x_wconf 80' lang='lat' dir='ltr'><strong>accepi,</strong></span> <span class='ocrx_word' id='word_1_183' title='bbox 1639 2292 1755 2333; x_wconf 85' lang='lat' dir='ltr'><strong>quae</strong></span> <span class='ocrx_word' id='word_1_184' title='bbox 1773 2292 1878 2333; x_wconf 91' lang='lat' dir='ltr'><strong>par-</strong></span> 
     </span>
     <span class='ocr_line' id='line_1_29' title="bbox 249 2337 1874 2396; baseline -0.002 -14"><span class='ocrx_word' id='word_1_185' title='bbox 249 2339 328 2383; x_wconf 92' lang='lat' dir='ltr'><strong>tim</strong></span> <span class='ocrx_word' id='word_1_186' title='bbox 354 2350 376 2394; x_wconf 89' lang='lat'><strong>5</strong></span> <span class='ocrx_word' id='word_1_187' title='bbox 402 2339 588 2396; x_wconf 89' lang='lat' dir='ltr'><strong>Aprilis,</strong></span> <span class='ocrx_word' id='word_1_188' title='bbox 614 2340 773 2394; x_wconf 85' lang='lat' dir='ltr'><strong>partim</strong></span> <span class='ocrx_word' id='word_1_189' title='bbox 798 2351 854 2383; x_wconf 89' lang='lat'><strong>20</strong></span> <span class='ocrx_word' id='word_1_190' title='bbox 871 2338 979 2383; x_wconf 88' lang='lat' dir='ltr'><strong>Maii</strong></span> <span class='ocrx_word' id='word_1_191' title='bbox 999 2339 1134 2382; x_wconf 88' lang='lat' dir='ltr'><strong>scribi</strong></span> <span class='ocrx_word' id='word_1_192' title='bbox 1156 2339 1213 2382; x_wconf 93' lang='lat' dir='ltr'><strong>ad</strong></span> <span class='ocrx_word' id='word_1_193' title='bbox 1234 2353 1306 2383; x_wconf 92' lang='lat' dir='ltr'><strong>me</strong></span> <span class='ocrx_word' id='word_1_194' title='bbox 1323 2339 1468 2383; x_wconf 89' lang='lat' dir='ltr'><strong>uoluit</strong></span> <span class='ocrx_word' id='word_1_195' title='bbox 1487 2337 1740 2382; x_wconf 87' lang='lat' dir='ltr'><strong>Paternitas</strong></span> <span class='ocrx_word' id='word_1_196' title='bbox 1757 2338 1874 2380; x_wconf 83' lang='lat' dir='ltr'><strong>Tua</strong></span> 
     </span>
     <span class='ocr_line' id='line_1_30' title="bbox 248 2395 1876 2454; baseline -0.002 -13"><span class='ocrx_word' id='word_1_197' title='bbox 248 2398 376 2442; x_wconf 90' lang='lat' dir='ltr'><strong>Alias</strong></span> <span class='ocrx_word' id='word_1_198' title='bbox 403 2413 515 2444; x_wconf 90' lang='lat' dir='ltr'><strong>uero</strong></span> <span class='ocrx_word' id='word_1_199' title='bbox 551 2397 669 2441; x_wconf 92' lang='lat' dir='ltr'><strong>mitti</strong></span> <span class='ocrx_word' id='word_1_200' title='bbox 699 2399 884 2450; x_wconf 91' lang='lat' dir='ltr'><strong>curabo,</strong></span> <span class='ocrx_word' id='word_1_201' title='bbox 915 2412 1031 2454; x_wconf 89' lang='lat' dir='ltr'><strong>quae</strong></span> <span class='ocrx_word' id='word_1_202' title='bbox 1066 2398 1124 2442; x_wconf 91' lang='lat' dir='ltr'><strong>ad</strong></span> <span class='ocrx_word' id='word_1_203' title='bbox 1156 2399 1209 2442; x_wconf 92' lang='lat' dir='ltr'><strong>P.</strong></span> <span class='ocrx_word' id='word_1_204' title='bbox 1235 2399 1443 2443; x_wconf 89' lang='lat' dir='ltr'><strong>Natalem</strong></span> <span class='ocrx_word' id='word_1_205' title='bbox 1475 2404 1519 2441; x_wconf 94' lang='lat' dir='ltr'><strong>et</strong></span> <span class='ocrx_word' id='word_1_206' title='bbox 1551 2395 1876 2453; x_wconf 91' lang='lat' dir='ltr'><strong>prouincialem</strong></span> 
     </span>
    </p>
   </div>
   <div class='ocr_carea' id='block_1_10' title="bbox 249 2431 1878 2573">
    <p class='ocr_par' dir='ltr' id='par_1_10' title="bbox 249 2431 1878 2573">
     <span class='ocr_line' id='line_1_31' title="bbox 249 2431 1098 2514; baseline -0.001 -14"><span class='ocrx_word' id='word_1_207' title='bbox 249 2460 519 2502; x_wconf 89' lang='lat' dir='ltr'><strong>rhenensem</strong></span> <span class='ocrx_word' id='word_1_208' title='bbox 542 2457 731 2513; x_wconf 89' lang='lat' dir='ltr'><strong>scriptas</strong></span> <span class='ocrx_word' id='word_1_209' title='bbox 752 2431 886 2501; x_wconf 83' lang='lat' dir='ltr'><strong>simul</strong></span> <span class='ocrx_word' id='word_1_210' title='bbox 907 2456 1098 2514; x_wconf 90' lang='lat' dir='ltr'><strong>accepi..</strong></span> 
     </span>
     <span class='ocr_line' id='line_1_32' title="bbox 338 2511 1878 2573; baseline -0.003 -13"><span class='ocrx_word' id='word_1_211' title='bbox 338 2519 392 2560; x_wconf 95' lang='lat' dir='ltr'><strong>P.</strong></span> <span class='ocrx_word' id='word_1_212' title='bbox 413 2517 690 2561; x_wconf 78' lang='lat' dir='ltr'><strong>Vischerus³</strong></span> <span class='ocrx_word' id='word_1_213' title='bbox 714 2532 787 2561; x_wconf 92' lang='lat' dir='ltr'><strong>me</strong></span> <span class='ocrx_word' id='word_1_214' title='bbox 808 2516 1116 2572; x_wconf 89' lang='lat' dir='ltr'><strong>superioribus</strong></span> <span class='ocrx_word' id='word_1_215' title='bbox 1135 2515 1296 2561; x_wconf 87' lang='lat' dir='ltr'><strong>diebus</strong></span> <span class='ocrx_word' id='word_1_216' title='bbox 1313 2517 1554 2573; x_wconf 90' lang='lat' dir='ltr'><strong>Augustae</strong></span> <span class='ocrx_word' id='word_1_217' title='bbox 1576 2511 1811 2567; x_wconf 90' lang='lat' dir='ltr'><strong>conuenit,</strong></span> <span class='ocrx_word' id='word_1_218' title='bbox 1830 2519 1878 2556; x_wconf 92' lang='lat' dir='ltr'><strong>et</strong></span> 
     </span>
    </p>
   </div>
   <div class='ocr_carea' id='block_1_11' title="bbox 251 2609 515 2617">
    <p class='ocr_par' dir='ltr' id='par_1_11' title="bbox 251 2609 515 2617">
     <span class='ocr_line' id='line_1_33' title="bbox 251 2609 515 2617; baseline 0 0"><span class='ocrx_word' id='word_1_219' title='bbox 251 2609 515 2617; x_wconf 95' lang='lat' dir='ltr'><strong> </strong></span> 
     </span>
    </p>
   </div>
   <div class='ocr_carea' id='block_1_12' title="bbox 238 2648 1874 3114">
    <p class='ocr_par' dir='ltr' id='par_1_12' title="bbox 315 2648 1874 2700">
     <span class='ocr_line' id='line_1_34' title="bbox 315 2648 1874 2700; baseline -0.003 -12"><span class='ocrx_word' id='word_1_220' title='bbox 315 2652 325 2672; x_wconf 92' lang='lat'>¹</span> <span class='ocrx_word' id='word_1_221' title='bbox 377 2652 437 2688; x_wconf 87' lang='lat' dir='ltr'><strong>Ex</strong></span> <span class='ocrx_word' id='word_1_222' title='bbox 454 2653 642 2699; x_wconf 86' lang='lat' dir='ltr'><strong>Regesto‚</strong></span> <span class='ocrx_word' id='word_1_223' title='bbox 666 2651 761 2688; x_wconf 87' lang='lat' dir='ltr'><strong>Cod.</strong></span> <span class='ocrx_word' id='word_1_224' title='bbox 781 2662 824 2698; x_wconf 82' lang='lat'><strong>33</strong></span> <span class='ocrx_word' id='word_1_225' title='bbox 835 2652 899 2700; x_wconf 85' lang='lat' dir='ltr'><strong>g),</strong></span> <span class='ocrx_word' id='word_1_226' title='bbox 914 2651 980 2688; x_wconf 83' lang='lat' dir='ltr'><strong>fol.</strong></span> <span class='ocrx_word' id='word_1_227' title='bbox 997 2651 1056 2687; x_wconf 87' lang='lat'><strong>23.</strong></span> <span class='ocrx_word' id='word_1_228' title='bbox 1072 2651 1173 2688; x_wconf 88' lang='lat' dir='ltr'><strong>Vide</strong></span> <span class='ocrx_word' id='word_1_229' title='bbox 1186 2652 1302 2700; x_wconf 89' lang='lat' dir='ltr'><strong>epist.</strong></span> <span class='ocrx_word' id='word_1_230' title='bbox 1317 2660 1402 2698; x_wconf 80' lang='lat'><strong>4773</strong></span> <span class='ocrx_word' id='word_1_231' title='bbox 1418 2651 1501 2697; x_wconf 78' lang='lat'><strong>4783</strong></span> <span class='ocrx_word' id='word_1_232' title='bbox 1518 2656 1558 2687; x_wconf 90' lang='lat' dir='ltr'><strong>et</strong></span> <span class='ocrx_word' id='word_1_233' title='bbox 1571 2648 1736 2698; x_wconf 86' lang='lat' dir='ltr'><strong>append.</strong></span> <span class='ocrx_word' id='word_1_234' title='bbox 1752 2649 1874 2684; x_wconf 90' lang='lat' dir='ltr'><strong>XLV.</strong></span> 
     </span>
    </p>

    <p class='ocr_par' dir='ltr' id='par_1_13' title="bbox 312 2709 1372 2758">
     <span class='ocr_line' id='line_1_35' title="bbox 312 2709 1372 2758; baseline 0 -12"><span class='ocrx_word' id='word_1_235' title='bbox 312 2712 327 2732; x_wconf 79' lang='lat'>²</span> <span class='ocrx_word' id='word_1_236' title='bbox 376 2711 436 2746; x_wconf 87' lang='lat' dir='ltr'><strong>Ex</strong></span> <span class='ocrx_word' id='word_1_237' title='bbox 453 2711 680 2757; x_wconf 88' lang='lat' dir='ltr'><strong>archetypo,</strong></span> <span class='ocrx_word' id='word_1_238' title='bbox 700 2710 739 2746; x_wconf 90' lang='lat' dir='ltr'><strong>in</strong></span> <span class='ocrx_word' id='word_1_239' title='bbox 758 2711 887 2758; x_wconf 82' lang='lat' dir='ltr'><strong>Epist.</strong></span> <span class='ocrx_word' id='word_1_240' title='bbox 910 2709 1081 2755; x_wconf 82' lang='lat' dir='ltr'><strong>Canisii,</strong></span> <span class='ocrx_word' id='word_1_241' title='bbox 1099 2710 1149 2755; x_wconf 94' lang='lat'><strong>11,</strong></span> <span class='ocrx_word' id='word_1_242' title='bbox 1173 2719 1239 2757; x_wconf 93' lang='lat'><strong>197</strong></span> <span class='ocrx_word' id='word_1_243' title='bbox 1257 2710 1372 2757; x_wconf 90' lang='lat'><strong>(264).</strong></span> 
     </span>
    </p>

    <p class='ocr_par' dir='ltr' id='par_1_14' title="bbox 238 2767 1874 3114">
     <span class='ocr_line' id='line_1_36' title="bbox 311 2767 1874 2817; baseline -0.002 -11"><span class='ocrx_word' id='word_1_244' title='bbox 311 2771 326 2791; x_wconf 80' lang='lat'><strong>³</strong></span> <span class='ocrx_word' id='word_1_245' title='bbox 376 2770 492 2806; x_wconf 89' lang='lat' dir='ltr'><strong>Hune</strong></span> <span class='ocrx_word' id='word_1_246' title='bbox 508 2770 556 2806; x_wconf 93' lang='lat' dir='ltr'><strong>P.</strong></span> <span class='ocrx_word' id='word_1_247' title='bbox 581 2770 827 2806; x_wconf 85' lang='lat' dir='ltr'><strong>vischerium</strong></span> <span class='ocrx_word' id='word_1_248' title='bbox 845 2769 1088 2817; x_wconf 84' lang='lat' dir='ltr'><strong>suspicamur</strong></span> <span class='ocrx_word' id='word_1_249' title='bbox 1110 2781 1198 2806; x_wconf 86' lang='lat' dir='ltr'><strong>esse</strong></span> <span class='ocrx_word' id='word_1_250' title='bbox 1222 2770 1402 2807; x_wconf 86' lang='lat' dir='ltr'><strong>eumdem</strong></span> <span class='ocrx_word' id='word_1_251' title='bbox 1427 2771 1616 2816; x_wconf 88' lang='lat' dir='ltr'><strong>Joannem</strong></span> <span class='ocrx_word' id='word_1_252' title='bbox 1635 2767 1874 2804; x_wconf 87' lang='lat' dir='ltr'><strong>Piscatorem</strong></span> 
     </span>
     <span class='ocr_line' id='line_1_37' title="bbox 238 2826 1872 2877; baseline -0.001 -13"><span class='ocrx_word' id='word_1_253' title='bbox 238 2828 506 2876; x_wconf 87' lang='lat' dir='ltr'><strong>sypontinum,</strong></span> <span class='ocrx_word' id='word_1_254' title='bbox 526 2830 963 2875; x_wconf 78' lang='lat' dir='ltr'><strong>wurttembergensem,</strong></span> <span class='ocrx_word' id='word_1_255' title='bbox 981 2828 1093 2875; x_wconf 86' lang='lat' dir='ltr'><strong>cujus</strong></span> <span class='ocrx_word' id='word_1_256' title='bbox 1111 2840 1276 2865; x_wconf 84' lang='lat' dir='ltr'><strong>examen</strong></span> <span class='ocrx_word' id='word_1_257' title='bbox 1299 2829 1340 2866; x_wconf 93' lang='lat' dir='ltr'><strong>in</strong></span> <span class='ocrx_word' id='word_1_258' title='bbox 1365 2829 1497 2877; x_wconf 80' lang='lat' dir='ltr'><strong>Epist.</strong></span> <span class='ocrx_word' id='word_1_259' title='bbox 1522 2828 1684 2873; x_wconf 70' lang='lat' dir='ltr'><strong>NataL,</strong></span> <span class='ocrx_word' id='word_1_260' title='bbox 1710 2827 1758 2872; x_wconf 88' lang='lat'><strong>11,</strong></span> <span class='ocrx_word' id='word_1_261' title='bbox 1788 2826 1872 2872; x_wconf 83' lang='lat'><strong>566,</strong></span> 
     </span>
     <span class='ocr_line' id='line_1_38' title="bbox 239 2885 1874 2936; baseline -0.001 -13"><span class='ocrx_word' id='word_1_262' title='bbox 239 2888 418 2933; x_wconf 84' lang='lat' dir='ltr'><strong>habetur3</strong></span> <span class='ocrx_word' id='word_1_263' title='bbox 437 2888 504 2935; x_wconf 91' lang='lat' dir='ltr'><strong>qui</strong></span> <span class='ocrx_word' id='word_1_264' title='bbox 521 2887 680 2936; x_wconf 88' lang='lat' dir='ltr'><strong>quidem</strong></span> <span class='ocrx_word' id='word_1_265' title='bbox 699 2888 798 2924; x_wconf 88' lang='lat' dir='ltr'><strong>alius</strong></span> <span class='ocrx_word' id='word_1_266' title='bbox 816 2899 971 2935; x_wconf 88' lang='lat' dir='ltr'><strong>prorsus</strong></span> <span class='ocrx_word' id='word_1_267' title='bbox 990 2892 1051 2924; x_wconf 87' lang='lat' dir='ltr'><strong>est</strong></span> <span class='ocrx_word' id='word_1_268' title='bbox 1068 2899 1090 2923; x_wconf 91' lang='lat' dir='ltr'><strong>a</strong></span> <span class='ocrx_word' id='word_1_269' title='bbox 1113 2889 1264 2934; x_wconf 83' lang='lat' dir='ltr'><strong>Joanne</strong></span> <span class='ocrx_word' id='word_1_270' title='bbox 1287 2888 1500 2932; x_wconf 86' lang='lat' dir='ltr'><strong>Piscatore,</strong></span> <span class='ocrx_word' id='word_1_271' title='bbox 1526 2897 1698 2932; x_wconf 84' lang='lat' dir='ltr'><strong>romano,</strong></span> <span class='ocrx_word' id='word_1_272' title='bbox 1723 2885 1773 2922; x_wconf 91' lang='lat' dir='ltr'><strong>de</strong></span> <span class='ocrx_word' id='word_1_273' title='bbox 1795 2898 1874 2934; x_wconf 91' lang='lat' dir='ltr'><strong>quo</strong></span> 
     </span>
     <span class='ocr_line' id='line_1_39' title="bbox 239 2945 1873 2995; baseline -0.001 -13"><span class='ocrx_word' id='word_1_274' title='bbox 239 2946 397 2994; x_wconf 81' lang='lat' dir='ltr'><strong>scripsit</strong></span> <span class='ocrx_word' id='word_1_275' title='bbox 414 2947 678 2983; x_wconf 75' lang='lat' dir='ltr'><strong>PATRIGNANI</strong></span> <span class='ocrx_word' id='word_1_276' title='bbox 697 2946 736 2982; x_wconf 92' lang='lat' dir='ltr'><strong>in</strong></span> <span class='ocrx_word' id='word_1_277' title='bbox 755 2946 996 2995; x_wconf 85' lang='lat' dir='ltr'><strong>Menologio,</strong></span> <span class='ocrx_word' id='word_1_278' title='bbox 1015 2947 1087 2991; x_wconf 93' lang='lat' dir='ltr'><strong>III,</strong></span> <span class='ocrx_word' id='word_1_279' title='bbox 1105 2946 1236 2984; x_wconf 83' lang='lat'><strong>60-62.</strong></span> <span class='ocrx_word' id='word_1_280' title='bbox 1257 2947 1373 2984; x_wconf 90' lang='lat' dir='ltr'><strong>Unde</strong></span> <span class='ocrx_word' id='word_1_281' title='bbox 1392 2945 1674 2983; x_wconf 88' lang='lat' dir='ltr'><strong>emendandum</strong></span> <span class='ocrx_word' id='word_1_282' title='bbox 1693 2950 1754 2981; x_wconf 88' lang='lat' dir='ltr'><strong>est</strong></span> <span class='ocrx_word' id='word_1_283' title='bbox 1771 2945 1873 2993; x_wconf 88' lang='lat' dir='ltr'><strong>quod</strong></span> 
     </span>
     <span class='ocr_line' id='line_1_40' title="bbox 239 3005 1871 3052; baseline -0.001 -10"><span class='ocrx_word' id='word_1_284' title='bbox 239 3005 281 3042; x_wconf 89' lang='lat' dir='ltr'><strong>in</strong></span> <span class='ocrx_word' id='word_1_285' title='bbox 298 3006 431 3052; x_wconf 78' lang='lat' dir='ltr'><strong>Epist.</strong></span> <span class='ocrx_word' id='word_1_286' title='bbox 455 3005 619 3050; x_wconf 84' lang='lat' dir='ltr'><strong>Natal.,</strong></span> <span class='ocrx_word' id='word_1_287' title='bbox 641 3006 691 3051; x_wconf 90' lang='grc' dir='ltr'><strong>ΙΙ,</strong></span> <span class='ocrx_word' id='word_1_288' title='bbox 715 3005 797 3052; x_wconf 88' lang='lat'><strong>186,</strong></span> <span class='ocrx_word' id='word_1_289' title='bbox 815 3010 953 3042; x_wconf 86' lang='lat' dir='ltr'><strong>annot.</strong></span> <span class='ocrx_word' id='word_1_290' title='bbox 975 3015 1012 3052; x_wconf 85' lang='lat'><strong>2,</strong></span> <span class='ocrx_word' id='word_1_291' title='bbox 1030 3005 1200 3042; x_wconf 86' lang='lat' dir='ltr'><strong>diximus</strong></span> <span class='ocrx_word' id='word_1_292' title='bbox 1217 3006 1266 3042; x_wconf 90' lang='lat' dir='ltr'><strong>de</strong></span> <span class='ocrx_word' id='word_1_293' title='bbox 1288 3006 1494 3043; x_wconf 86' lang='lat' dir='ltr'><strong>Vischerio</strong></span> <span class='ocrx_word' id='word_1_294' title='bbox 1511 3005 1756 3051; x_wconf 78' lang='lat' dir='ltr'><strong>(piscatore),</strong></span> <span class='ocrx_word' id='word_1_295' title='bbox 1782 3015 1871 3040; x_wconf 91' lang='lat' dir='ltr'><strong>eum</strong></span> 
     </span>
     <span class='ocr_line' id='line_1_41' title="bbox 238 3063 1871 3114; baseline -0.001 -13"><span class='ocrx_word' id='word_1_296' title='bbox 238 3075 301 3101; x_wconf 76' lang='lat' dir='ltr'><strong>sc.</strong></span> <span class='ocrx_word' id='word_1_297' title='bbox 325 3064 449 3101; x_wconf 82' lang='lat' dir='ltr'><strong>fuisse</strong></span> <span class='ocrx_word' id='word_1_298' title='bbox 466 3065 695 3111; x_wconf 88' lang='lat' dir='ltr'><strong>magistrum</strong></span> <span class='ocrx_word' id='word_1_299' title='bbox 722 3065 763 3102; x_wconf 90' lang='lat' dir='ltr'><strong>S.</strong></span> <span class='ocrx_word' id='word_1_300' title='bbox 794 3065 933 3102; x_wconf 85' lang='lat' dir='ltr'><strong>Aloisii</strong></span> <span class='ocrx_word' id='word_1_301' title='bbox 957 3065 1182 3112; x_wconf 85' lang='lat' dir='ltr'><strong>Gonzagae3</strong></span> <span class='ocrx_word' id='word_1_302' title='bbox 1209 3078 1309 3114; x_wconf 89' lang='lat' dir='ltr'><strong>quae</strong></span> <span class='ocrx_word' id='word_1_303' title='bbox 1334 3066 1574 3102; x_wconf 87' lang='lat' dir='ltr'><strong>conveniunt</strong></span> <span class='ocrx_word' id='word_1_304' title='bbox 1598 3063 1786 3101; x_wconf 86' lang='lat' dir='ltr'><strong>Piscatori</strong></span> <span class='ocrx_word' id='word_1_305' title='bbox 1812 3074 1871 3099; x_wconf 87' lang='lat' dir='ltr'><strong>ro-</strong></span> 
     </span>
    </p>
   </div>
  </div>
 </body>
</html>
