2228 3548
369 279 439 324 256
885 276 1028 311 EPIST.
1057 274 1102 309 P.
1130 274 1406 321 NADAL—437

319 381 520 425 uendere
540 392 621 434 per
642 377 810 432 niente)
833 376 879 419 in
903 376 1083 420 Vienna
1105 375 1152 418 in
1170 375 1236 420 sei
1258 375 1426 433 giorni:
1452 391 1527 421 ma
1543 378 1620 421 noi
1642 393 1885 436 pagammo
1912 381 1971 423 28

321 456 467 500 fiorini
485 471 511 498 a
527 455 604 498 doi
622 453 857 507 barcaroli,
878 461 923 498 et
941 454 983 496 16
1000 467 1132 509 spese
1155 459 1177 481 ²
1198 453 1296 498 fece
1318 452 1449 509 quasi
1470 453 1502 496 il
1524 454 1752 501 cardinale
1774 463 1820 501 et
1841 456 1968 502 stetti

318 534 366 577 in
388 533 566 578 Vienna
595 531 866 588 16bgiorni‚
892 530 938 574 di
965 531 1085 573 doue
1115 529 1245 586 partij
1279 545 1305 574 a
1334 543 1384 586 13
1407 531 1452 574 d’
1478 532 1659 588 Agosto
1681 547 1761 590 per
1784 534 1964 591 Tyma-

322 611 411 663 uia,
436 611 555 653 doue
586 608 711 652 stetti
743 615 925 664 quattro
957 622 984 650 0
1016 607 1182 662 cinque
1204 606 1372 664 giomi.
1407 608 1575 652 Tornai
1605 623 1687 665 per
1721 611 1961 666 Possonio,

319 689 438 731 doue
459 686 584 731 stetti
609 701 670 729 un
692 686 869 742 giorno,
895 685 941 728 di
963 685 1082 728 doue
1106 685 1241 728 andai
1271 700 1298 729 a
1325 685 1563 730 Olomutio
1585 685 1633 730 in
1660 687 1864 732 Morauia
1879 722 1889 742 ,
1914 695 1963 734 et

318 765 381 808 iui
403 764 528 808 stetti
551 770 731 819 quattro
754 762 919 819 giorni,
945 762 1156 807 andando
1177 777 1204 805 a
1227 762 1489 817 Cremsirio,
1514 764 1634 808 doue
1655 772 1726 808 sta
1747 764 1778 808 il
1800 779 1964 809 vesco-

318 858 377 885 uo
400 844 409 864 ¹
434 849 615 898 quattro
637 840 793 897 miglia
814 839 1014 884 discosto
1035 840 1094 883 da
1118 839 1377 894 Olomuci03
1404 840 1450 884 di
1479 840 1556 897 qui
1583 841 1719 886 andai
1741 858 1768 886 a
1790 845 1959 900 Praga,

316 921 435 964 doue
456 919 644 963 dimorai
672 919 721 962 18
745 933 773 961 o
802 931 853 975 19
881 917 1056 975 giorni,
1083 918 1367 974 partendomi
1395 918 1441 962 di
1470 918 1581 962 lain
1611 920 1885 964 Casanuoua
1916 927 1964 965 et

318 999 528 1043 Trebona
550 996 610 1040 mi
633 996 789 1041 fermai
812 1004 880 1040 tre
909 995 1075 1053 giomi,
1100 1002 1147 1040 et
1177 995 1224 1038 di
1246 996 1289 1039 la
1312 1003 1437 1040 recta
1458 1011 1539 1054 per
1560 996 1801 1054 Salisburg
1823 997 1962 1042 uenni

316 1091 342 1119 a
364 1083 525 1132 questo
553 1074 746 1131 collegio
775 1088 862 1118 con
889 1075 932 1118 13
954 1073 1102 1130 gratia
1130 1074 1202 1116 del
1235 1073 1451 1131 Signore.
1477 1073 1530 1118 Li
1552 1073 1628 1118 doi
1656 1074 1842 1132 pericoli
1874 1078 1963 1120 che

315 1167 570 1210 passammo
608 1152 638 1195 il
669 1152 833 1208 giorno
866 1152 950 1194 6116
988 1150 1229 1207 partimmo
1260 1151 1319 1195 da
1350 1151 1538 1209 Dilinga
1570 1158 1617 1196 et
1647 1152 1691 1196 13
1722 1152 1879 1210 vigilia
1913 1154 1960 1197 di

316 1232 365 1276 S.
390 1230 599 1274 Giacobo
622 1230 695 1272 nel
717 1228 961 1272 Dannubio
985 1229 1148 1272 furono
1171 1229 1361 1285 grande,
1387 1235 1433 1274 et
1454 1229 1650 1274 leuando
1673 1230 1825 1286 quello
1841 1231 1959 1275 della

317 1308 599 1364 Lampedosa
616 1308 630 1327 ²
655 1313 700 1351 et
722 1308 799 1349 un’
825 1306 938 1349 altro
960 1305 1005 1348 in
1029 1317 1121 1350 una
1144 1305 1304 1350 semita
1321 1321 1458 1363 sopra
1478 1306 1510 1349 il
1527 1308 1688 1351 Rheno
1708 1320 1840 1351 uerso
1857 1310 1958 1352 Ma-

318 1385 494 1443 gunfia,
520 1375 611 1427 non
635 1384 695 1426 mi
718 1383 894 1427 ricordo
917 1386 1060 1428 hauer
1088 1391 1269 1440 passato
1300 1383 1487 1440 pericoli
1508 1383 1755 1441 maggiori,
1780 1379 1959 1430 benche

318 1462 453 1518 dopoi
476 1462 521 1504 in
545 1461 749 1505 Morauia
771 1468 895 1505 certo
918 1461 1092 1504 soldato
1115 1475 1141 1504 a
1163 1461 1339 1504 63113110
1356 1475 1443 1504 6011
1461 1461 1680 1518 arcobugi
1709 1468 1743 1513 ⁰,
1769 1463 1854 1506 che
1876 1477 1961 1505 an—

317 1539 436 1582 daua
457 1553 542 1582 con
565 1538 683 1591 altri,
710 1552 788 1594 per
810 1553 901 1580 non
923 1537 952 1580 li
975 1538 1138 1582 cedere
1159 1537 1190 1580 il
1212 1544 1369 1582 nostro
1397 1537 1635 1583 cocchiero
1657 1539 1777 1583 nella
1798 1538 1888 1591 via,
1913 1545 1960 1583 et

317 1617 573 1660 hauendolo
595 1615 708 1658 fatto
731 1623 910 1660 entrare
930 1615 976 1658 in
1000 1615 1113 1660 certi
1143 1614 1325 1672 sanghi,
1351 1617 1482 1659 torno
1511 1622 1669 1659 contra
1696 1615 1742 1659 di
1770 1616 1846 1660 noi
1873 1630 1962 1660 con

318 1695 348 1736 1’
367 1693 617 1749 arcobugio
634 1692 654 1720 d
681 1707 766 1736 con
787 1708 874 1736 una
893 1693 1009 1736 furia
1026 1692 1276 1745 barbarica,
1291 1694 1377 1736 che
1390 1694 1617 1737 hebbemo
1631 1693 1748 1736 assai
1761 1695 1847 1738 che
1866 1694 1964 1738 fare

318 1786 399 1827 per
424 1785 579 1814 mezzo
607 1769 652 1812 di
684 1771 833 1826 quello
862 1773 945 1814 6116
974 1785 1142 1827 sapeua
1171 1771 1368 1826 parlare,
1393 1770 1442 1812 id
1467 1770 1885 1827 est,‘Sigismondo,
1911 1771 1961 1814 in

317 1848 598 1892 domandarli
630 1849 830 1904 perdono
860 1864 937 1905 per
965 1856 1102 1892 conto
1129 1849 1203 1892 del
1231 1847 1484 1892 cocchiero.
1510 1847 1589 1892 Sia
1616 1848 1892 1904 ringraciato
1925 1848 1957 1891 il

317 1925 514 1982 Signore
536 1927 620 1969 che
643 1925 682 1967 ci
706 1927 763 1968 ha
785 1925 972 1969 liberato
994 1927 1051 1969 da
1067 1932 1230 1982 questo
1247 1932 1293 1969 61
1309 1925 1437 1968 molti
1459 1925 1561 1968 altri
1577 1924 1760 1981 pericoli
1779 1925 1959 1969 occorsi'

315 2003 525 2046 andando
547 2002 592 2044 in
616 2003 763 2057 quelle
786 2003 932 2046 bande
956 2004 1023 2046 fra
1044 2002 1224 2055 soldati,
1250 2001 1380 2058 quasi
1403 2001 1509 2045 tutti
1530 2001 1736 2046 heretici.

405 2091 446 2123 2.
512 2081 563 2122 In
585 2079 762 2123 Vienna
785 2080 870 2122 feci
891 2080 954 2136 gli
977 2079 1193 2136 essercitij
1219 2079 1324 2124 miei
1345 2078 1556 2135 ordinarij
1587 2079 1634 2122 di
1664 2078 1877 2123 essamini
1908 2086 1956 2124 et

315 2155 594 2201 confessioni
611 2163 629 2183 e
650 2157 854 2212 generali
876 2164 920 2200 et
938 2157 1240 2210 essortationi,
1262 2156 1300 2200 si
1317 2155 1592 2200 rinouarono
1608 2156 1640 2199 li
1656 2156 1767 2209 voti,
1788 2157 1956 2213 perche

314 2248 406 2277 non
427 2233 457 2276 li
479 2235 719 2277 haueuano
742 2233 937 2277 rinouati
960 2235 1002 2278 31
1023 2249 1107 2277 suo
1138 2242 1309 2290 tempo,
1342 2233 1689 2290 aspettandomi.
1716 2233 1765 2278 Si
1794 2234 1893 2278 fece
1923 2233 1957 2277 11

313 2310 505 2367 disegno
527 2310 572 2353 di
594 2318 772 2353 mutare
794 2310 824 2353 il
841 2311 1119 2366 prouinciale
1137 2313 1151 2333 ³
1176 2318 1222 2354 et
1238 2311 1269 2353 il
1287 2317 1475 2364 rettore,
1495 2317 1541 2355 et
1560 2311 1653 2355 fare
1674 2310 1955 2367 prouinciale

313 2388 344 2430 il
385 2390 435 2431 P.
476 2389 681 2432 Lorenzo
719 2388 921 2445 Maggio,
961 2397 1128 2433 rettore
1164 2390 1195 2432 il
1235 2391 1286 2433 P.
1332 2388 1538 2447 Emericvo
1555 2389 1588 2442 ⁴,
1619 2387 1651 2431 11
1683 2387 1888 2431 ministro
1920 2387 1952 2430 il

313 2466 366 2509 P.
399 2464 630 2509 Giovanni
657 2464 878 2518 Nicola03
911 2481 982 2509 ma
1015 2474 1176 2522 questo
1208 2481 1303 2509 non
1336 2465 1374 2508 si
1406 2466 1616 2509 essecuto
1644 2464 1949 2521 pienamente,

382 2585 403 2605 a
439 2588 462 2623 4
480 2578 601 2613 verba
617 2588 729 2624 seqq.
750 2577 897 2612 addidit
916 2578 1001 2613 libr.
1023 2590 1138 2626 supra
1158 2578 1334 2614 vers.—b
1357 2577 1616 2613 Emendatum
1631 2588 1652 2612 a
1666 2576 1758 2613 libr.
1779 2588 1828 2611 ex
1842 2585 1950 2622 17.-—-

310 2645 328 2666 c
358 2637 616 2673 Emendatum
639 2648 661 2672 a
684 2636 733 2671 N.
760 2648 809 2671 ex
833 2638 1062 2686 arcobngio.
1084 2659 1100 2662 ⁴
1115 2639 1136 2666 d
1164 2637 1423 2674 Emendatum
1447 2648 1469 2672 a
1494 2636 1544 2672 N.
1565 2648 1614 2672 ex
1638 2636 1671 2671 li
1693 2636 1951 2683 arcobugi.-

307 2704 325 2724 e
360 2696 590 2742 Emendata,
613 2707 713 2743 quae
734 2703 967 2744 sequuntur,
995 2710 1017 2733 a
1050 2698 1137 2733 libr.
1165 2710 1213 2733 ex
1228 2697 1432 2746 generali,
1462 2707 1543 2732 non
1572 2696 1608 2731 si
1639 2696 1888 2731 rinouarono
1918 2694 1958 2731 h?

313 2757 396 2792 voti
408 2757 550 2803 perche
570 2756 619 2791 li.

386 2860 395 2880 ¹
447 2857 682 2893 Guilielmus
701 2856 1017 2904 Prussinowsky.

378 2919 392 2939 ἓ
444 2917 633 2964 Loquitur
650 2916 699 2951 de
717 2915 920 2962 naufragio
939 2917 1040 2952 circa
1059 2917 1226 2953 insulam
1245 2916 1543 2965 Lampadosam,
1569 2917 1619 2951 ab
1643 2915 1728 2963 ipso
1752 2926 1881 2962 passo,
1909 2919 1956 2951 ut.

308 2976 392 3023 ipse
411 2982 539 3011 narrat
556 2976 596 3011 in
614 2975 779 3022 epistola
797 2975 844 3010 ad
864 2976 911 3011 P.
936 2976 1078 3021 Vinck,
1100 2977 1234 3023 Epist.
1258 2976 1423 3020 Natal.‚
1440 2976 1474 3021 1,
1496 2984 1581 3021 109.

378 3035 393 3054 ³
444 3035 696 3070 provincialis
716 3039 798 3070 erat
817 3034 999 3071 Nicolaus
1019 3036 1209 3072 Lanoius.

380 3097 396 3117 ⁴
445 3095 662 3137 Forsehler,
681 3094 744 3129 vel
763 3094 930 3130 Forsler.
953 3094 1054 3130 Vide
1073 3095 1193 3142 epist.
1216 3104 1302 3141 422,
1321 3107 1364 3131 n.
1392 3102 1429 3131 Ι.

2212 3274 2219 3290 2„
2212 3162 2221 3215 m„
2215 3077 2220 3108 ->
