2228 3548
938 287 981 326 18
1006 288 1120 337 Jtmn
1148 270 1239 335 1566
1785 296 1853 337 159

273 393 467 451 qualche
483 391 721 438 occasione
751 407 800 438 se
820 394 1069 451 procu-rara
1088 391 1201 436 darli
1229 391 1377 449 questi
1399 391 1563 436 ricordi
1589 393 1618 437 ¹.
1640 394 1737 438 Ben
1754 392 1905 437 inten-

269 472 421 516 diamo
437 473 523 518 che
539 478 610 516 sta
632 473 727 518 Sua
742 471 920 517 Santita
935 470 1052 515 assai
1073 476 1289 525 contento
1304 470 1378 514 del
1393 485 1607 515 successo
1624 471 1743 516 della
1759 470 1899 525 dieta,

271 550 576 594 confessando
597 557 618 578 ²
643 549 708 593 lui
728 549 890 595 istesso
911 551 996 594 che
1017 563 1108 593 non
1129 549 1174 593 lo
1195 555 1431 606 aspettaua
1453 555 1581 593 tanto
1602 550 1772 603 buono,
1804 556 1850 594 et
1871 548 1903 593 li

275 627 502 682 catholici,
526 627 737 673 massime
763 627 939 685 prelati,
963 629 1115 671 hanno
1143 626 1278 671 etiam
1301 633 1512 684 superata
1540 627 1583 671 la
1610 626 1900 684 spettatione‚

274 705 485 750 massime
513 712 683 762 quanto
710 706 797 750 allo
825 711 1022 750 accettar
1049 703 1081 747 il
1107 703 1315 759 concilio,
1344 703 1406 747 dil
1433 705 1517 748 che
1552 703 1659 747 tutti
1690 704 1732 748 ci
1760 703 1903 749 siamo

273 783 497 828 consolati
518 783 565 827 in
584 783 796 828 Domino.

362 875 403 918 3.
467 862 612 907 Come
633 860 671 906 si
706 863 836 919 potra
873 860 993 906 uscir
1027 859 1073 904 di
1108 861 1267 913 Roma,
1306 859 1345 904 si
1381 860 1548 904 uedera
1583 859 1629 903 di
1661 860 1848 906 mandar
1887 859 1918 903 il

268 941 323 985 P.
347 939 575 998 Gregorio
597 940 612 961 ¹
636 946 682 984 et
706 941 758 984 P.
779 938 988 996 Georgio
1011 939 1025 960 ³
1056 945 1102 983 et
1129 937 1247 992 altri,
1273 952 1365 981 non
1393 937 1738 982 determinando
1767 938 1798 981 il
1813 937 1897 982 mi-

265 1017 452 1062 nisterio
472 1017 585 1071 loro,
605 1016 731 1061 accio
752 1017 838 1060 che
859 1015 905 1059 di
925 1016 969 1060 la
989 1015 1028 1059 si
1042 1029 1179 1072 possa
1199 1014 1411 1071 disponer
1431 1014 1476 1058 di
1498 1014 1635 1072 quelli
1666 1030 1795 1060 come
1817 1030 1899 1073 pa-

263 1097 364 1140 rera
386 1094 555 1152 meglio
577 1095 629 1138 in
648 1095 863 1139 Domino.
889 1093 1009 1150 Quel
1032 1094 1116 1137 che
1137 1093 1195 1137 V.
1221 1093 1276 1136 R.
1301 1092 1450 1137 scriue
1471 1107 1561 1137 non
1593 1093 1625 1136 li
1652 1108 1761 1150 pare
1784 1094 1898 1138 deb-

265 1172 339 1216 bia
359 1172 596 1218 accettarsi
617 1172 732 1216 altro
747 1170 941 1229 collegio
956 1170 1003 1214 in
1019 1169 1281 1224 Germania,
1301 1169 1445 1228 prima
1466 1169 1511 1214 di
1528 1171 1682 1227 quello
1700 1172 1757 1216 de
1775 1173 1897 1217 Her-

265 1249 421 1308 bipoli,
445 1256 618 1295 attenta
643 1249 687 1294 la
707 1263 954 1307 promessa,
982 1255 1090 1301 ete.,
1121 1247 1182 1291 mi
1209 1262 1318 1305 pare
1345 1249 1491 1293 anche
1518 1263 1545 1292 a
1572 1262 1645 1292 me
1667 1249 1799 1294 bene.
1825 1251 1897 1295 De

266 1327 398 1385 Spira
418 1327 494 1386 gia
515 1329 575 1372 ho
595 1326 752 1372 scritto
773 1334 820 1373 et
841 1332 1011 1384 quanto
1032 1326 1089 1370 ad
1111 1325 1363 1379 Olomutio,
1388 1340 1462 1370 ma
1483 1341 1532 1370 se
1553 1341 1579 1370 a
1602 1328 1659 1371 V.
1681 1328 1734 1371 R.
1761 1327 1792 1370 li
1813 1342 1897 1385 pa·-

267 1405 379 1451 ressi
397 1419 503 1450 cosa
522 1404 792 1463 importante
811 1405 842 1448 l'
860 1410 1059 1449 accettar
1079 1411 1241 1461 questo
1262 1403 1437 1458 ultimo,
1461 1403 1597 1448 diami
1614 1403 1758 1458 auiso,
1780 1411 1826 1450 et
1847 1404 1895 1450 in

265 1489 426 1540 questo
446 1498 602 1529 mezzo
623 1497 715 1528 non
742 1483 786 1528 lo
806 1482 973 1527 riceua.
994 1482 1056 1528 Al
1079 1495 1277 1527 uescouo
1298 1482 1587 1528 olomucense
1614 1482 1715 1547 io01i
1744 1482 1896 1527 scriuo

264 1560 598 1605 rimettendomi
618 1575 645 1605 a
661 1561 719 1606 V.
739 1562 814 1615 R.;
834 1560 1010 1606 benche
1031 1559 1262 1605 tendendo
1279 1559 1323 1603 la
1344 1574 1468 1614 cosa,
1488 1574 1616 1605 come
1632 1560 1674 1615 e,
1694 1560 1893 1616 difficile;

263 1639 308 1683 la
335 1637 426 1683 mia
454 1645 606 1684 mente
642 1638 752 1696 pero
787 1639 813 1683 ὲ
850 1645 1026 1697 questa.
1066 1638 1122 1682 D'
1159 1637 1261 1682 altri
1296 1637 1556 1696 particulari
1590 1637 1628 1682 si
1665 1638 1814 1684 scriue
1852 1639 1896 1683 al

266 1717 320 1761 P.
346 1714 620 1774 prouintiale
639 1716 685 1760 d’
709 1715 913 1762 Austria.

354 1806 398 1850 4.
462 1794 721 1839 Mandando
742 1794 773 1838 il
787 1809 904 1852 papa
920 1809 999 1851 per
1011 1793 1172 1838 nuntio
1189 1792 1235 1837 in
1252 1793 1406 1839 Scotia
1422 1793 1465 1838 al
1481 1809 1678 1839 vescouo
1695 1794 1742 1839 di
1759 1796 1894 1840 Mona

269 1870 375 1916 deui
396 1871 412 1893 ⁴
435 1872 536 1930 (che
556 1872 582 1916 ὲ
603 1878 729 1916 tanto
744 1878 901 1917 nostro
921 1870 1082 1924 amico,
1110 1878 1280 1927 quanto
1303 1872 1362 1916 V.
1387 1872 1442 1916 R.
1473 1873 1532 1916 ha
1558 1872 1825 1918 conosciuto
1847 1872 1894 1916 in

269 1950 332 1994 M.
372 1947 605 1994 Vincenzo
632 1950 809 1994 Laureo
846 1949 894 2007 ⁸),
933 1962 1098 1992 ancora
1124 1949 1183 1992 ha
1210 1948 1368 1993 uoluto
1404 1950 1591 1994 mandar
1626 1950 1790 1995 alcuno
1820 1950 1894 1996 dei

269 2026 430 2080 nostri,
454 2026 528 2071 cui
543 2026 703 2084 lingua
723 2033 769 2072 et
792 2027 961 2072 talento
982 2040 1116 2084 possa
1131 2025 1303 2071 seruire
1322 2025 1370 2071 in
1386 2027 1535 2084 quelle
1552 2028 1716 2083 bande;
1736 2035 1782 2073 et
1799 2028 1894 2072 cosi

337 2171 358 2192 a
399 2163 575 2211 Archet.‚
595 2163 863 2212 confessendo.

336 2291 349 2313 ¹
401 2288 677 2336 ...«vectigalia
693 2300 738 2326 ac
755 2288 937 2337 portoria,
954 2289 1094 2337 partim
1118 2289 1286 2337 sublata,
1304 2289 1443 2338 partim
1465 2291 1642 2338 remissa,
1660 2301 1891 2340 omnemque

263 2348 430 2396 ejectam
456 2360 544 2386 esse
568 2348 608 2385 in
629 2350 748 2389 rebus
771 2347 891 2385 sacris
920 2349 1108 2396 pecuniae
1131 2349 1432 2387 conditionem.»
1450 2350 1685 2404 ΕᾼΒυτῐυε,
1703 2352 1781 2388 loc.
1805 2352 1889 2399 cit.,

263 2409 331 2446 lib.
351 2409 383 2454 1,
401 2420 489 2457 cap.
514 2407 564 2451 V,
583 2421 620 2445 n.
641 2417 704 2454 57.
728 2408 953 2456 «Tantaque
976 2407 1050 2445 fuit
1072 2408 1142 2444 Pio
1165 2409 1201 2445 V
1222 2420 1315 2456 erga
1337 2409 1504 2458 optimos
1522 2422 1711 2459 quosque,
1730 2423 1890 2460 remque

264 2467 387 2516 ipsam
404 2468 599 2516 publicam
616 2467 843 2514 liberalitas,
858 2473 901 2503 vt
918 2467 958 2505 in
974 2467 1215 2504 sublevanda
1238 2468 1465 2506 miserorum
1488 2471 1616 2518 inopia
1634 2476 1674 2506 et
1690 2470 1891 2518 republica

265 2528 410 2564 tuenda
426 2533 492 2564 aut
508 2527 679 2565 ornanda
695 2527 999 2564 extraordinario
1014 2533 1172 2575 sumptu
1189 2539 1291 2576 pene
1307 2529 1430 2566 vicies
1447 2535 1605 2566 centum
1623 2530 1743 2566 millia
1756 2542 1890 2567 aureo·

263 2599 348 2624 rum
366 2599 537 2635 expensa
558 2587 792 2624 referantur.
802 2600 820 2622 »
838 2587 1114 2632 CIACCONIUS,
1135 2588 1248 2624 Vitae
1264 2591 1302 2625 et
1310 2592 1426 2637 gesta
1440 2589 1698 2638 Pontificum,
1713 2590 1765 2637 11,
1783 2589 1888 2626 1203.

334 2649 350 2670 ²
397 2639 603 2684 Roseffius.

334 2707 349 2728 ⁵
397 2706 540 2743 Bader.
564 2707 770 2754 Ingressus
787 2706 935 2743 Romae
953 2718 1054 2743 anno
1075 2714 1180 2752 1557.
1198 2706 1288 2743 Fuit
1305 2707 1483 2745 minister
1500 2708 1683 2756 Dilingae
1702 2714 1742 2745 et
1759 2713 1888 2745 rector

262 2764 479 2813 Herbipoli.
497 2765 559 2802 Cf.
578 2766 704 2803 Catal.
722 2765 902 2814 Herbip.,
922 2770 962 2802 et
980 2766 1112 2814 Epist.
1139 2765 1309 2810 canisii,
1331 2775 1374 2814 17
1393 2767 1517 2816 April.
1539 2768 1645 2814 1567.

329 2824 344 2845 ⁴
391 2824 652 2873 Vicodunum,
670 2824 765 2861 alias
783 2825 895 2861 Mons
913 2825 1016 2872 Vici,
1034 2830 1074 2861 et
1091 2826 1395 2871 Mons-Regalis,
1414 2827 1454 2863 in
1469 2827 1711 2875 Subalpinis.

329 2885 344 2906 ⁵
392 2884 468 2920 Hic
486 2890 547 2920 est
564 2884 630 2922 ille
648 2884 880 2921 Vincentius
903 2883 1092 2932 Laurens,
1110 2884 1284 2922 medicus
1307 2886 1512 2923 cardinalis
1530 2886 1787 2933 ferrariensis,
1806 2888 1885 2925 lau-

257 2942 370 2980 datus
387 2943 428 2980 in
445 2944 581 2992 Epist.
610 2943 766 2991 Natal.,
791 2945 840 2988 11,
865 2944 954 2990 625.
983 2944 1044 2980 De
1068 2943 1153 2992 ipso
1175 2944 1273 2982 haec
1294 2946 1413 2982 habet
1436 2946 1669 2993 GABUTIUS‚
1689 2948 1768 2984 loc.
1790 2947 1883 2984 cit.:

259 3002 373 3038 «Mox
390 3002 640 3040 Vincentium
657 3003 864 3050 Laureum,
882 3015 999 3051 quem
1016 3002 1092 3040 sibi
1114 3009 1204 3051 post
1226 3004 1364 3041 initum
1390 3005 1676 3052 Pontificatum,
1695 3012 1738 3045 ut
1755 3013 1885 3044 osten-

259 3061 400 3108 dimus,
418 3063 617 3100 Ecclesiae
636 3063 778 3100 Montis
794 3063 952 3110 Regalis
970 3063 1010 3100 in
1027 3063 1250 3112 Subalpinis
1275 3066 1509 3115 Episcopum
1527 3065 1751 3110 suffecerat,
1780 3067 1884 3115 Apo-

262 3121 398 3158 stoliea
410 3122 640 3160 auctoritate
657 3121 847 3159 Nuntium
865 3122 904 3158 in
922 3122 1092 3159 Scotiam
1109 3122 1330 3162 decrevit.»
