2228 3548
918 305 965 333 22
989 297 1104 344 Jmm
1134 296 1225 344 1568
1773 299 1849 346 609

337 411 379 454 3.
444 396 505 442 Di
527 399 643 443 Mr0.
679 397 891 442 Emondo
917 400 927 421 ¹
952 400 1012 442 ha
1039 397 1226 456 parso'a
1247 398 1372 453 tutti,
1397 407 1443 445 et
1465 414 1492 444 a
1512 415 1604 455 me,
1630 402 1719 445 che
1740 416 1834 446 non
1856 402 1895 446 si

244 483 376 532 parta
397 490 480 533 per
500 475 663 519 adesso
690 476 737 520 di
765 476 972 534 Pariggi,
1002 476 1140 521 insin'
1163 492 1191 521 a
1220 483 1350 521 tanto
1375 478 1462 523 che
1489 478 1528 523 si
1553 479 1703 523 vedda
1730 480 1896 525 alcuna

246 553 401 610 quiete
420 553 468 597 in
490 560 653 609 queste
670 553 937 610 turbationi,
961 555 1134 611 perche
1161 554 1240 612 qui
1264 555 1310 600 fa
1333 570 1450 613 gran
1478 556 1623 601 srutto
1646 557 1767 602 nelle
1788 572 1896 614 pre-

246 631 398 686 diche,
428 638 475 676 et
503 631 527 676 ὲ
555 632 696 675 molto
734 640 912 677 accetto
943 648 970 677 a
1000 633 1210 678 madama
1241 634 1256 655 ³
1280 639 1328 678 et
1357 633 1433 678 alli
1462 633 1674 692 principi,
1699 635 1896 692 special-

247 716 401 754 mente
422 708 498 753 alli
520 709 740 754 cardinali
767 710 815 753 di
843 711 1022 755 Lorena
1044 712 1059 732 ⁵
1089 718 1136 754 et
1158 711 1376 755 Tornone
1393 711 1426 765 ⁴,
1451 718 1499 755 et
1522 711 1566 754 fa
1588 713 1728 756 molto
1751 713 1893 756 buoni

245 786 382 831 officii
400 787 468 831 fra
487 787 601 840 loro,
620 795 667 832 et
683 803 764 845 per
779 788 824 832 la
839 787 1062 845 religione
1078 787 1320 842 catholica,
1341 795 1387 834 et
1403 788 1729 846 specialmente
1750 789 1893 848 gioua

243 864 318 908 alli
344 864 551 922 deputati
576 864 696 908 delle
726 865 962 922 principali
991 865 1102 909 citta
1129 865 1176 908 di
1205 865 1417 919 Francia,
1447 867 1536 910 che
1557 881 1672 911 sono
1700 867 1779 924 qui
1808 883 1892 912 ne-

240 942 459 999 gotiando
481 956 561 999 per
581 942 625 986 la
646 941 886 999 religione,
911 955 1042 986 come
1062 941 1109 985 di
1134 943 1305 996 Leone,
1338 943 1505 987 Tolosa
1526 950 1573 988 et
1599 942 1644 986 d’
1674 945 1804 988 altre.
1837 943 1892 990 Si

240 1026 379 1064 tenne
400 1034 481 1076 per
501 1027 627 1063 certo
648 1020 737 1063 che
757 1025 920 1075 questa
948 1018 1217 1076 ambigueta
1237 1018 1284 1062 di
1314 1027 1467 1076 tempo
1489 1020 1656 1064 durata
1683 1035 1816 1078 poco,
1843 1028 1890 1065 et

241 1097 316 1140 all’
341 1099 454 1141 hora
473 1096 512 1140 si
530 1097 692 1154 puotra
717 1095 1023 1142 determinare
1052 1095 1157 1140 dell’
1181 1097 1350 1141 andata
1371 1096 1417 1140 di
1440 1098 1555 1141 Mro.
1583 1099 1805 1143 Emondo.
1833 1102 1891 1144 Et

242 1181 416 1231 quanto
435 1175 479 1219 al
501 1175 682 1231 pensar’
700 1173 747 1217 di
768 1173 979 1218 liberarlo
1000 1174 1106 1218 dell’
1126 1173 1277 1218 officio
1292 1188 1395 1229 suo,
1415 1188 1547 1219 come
1568 1175 1632 1218 lui
1655 1175 1886 1231 dimanda,

242 1267 335 1296 non
356 1251 418 1295 mi
440 1267 549 1309 pare
569 1253 658 1296 che
678 1252 702 1295 ὲ
725 1258 877 1308 tempo
899 1251 1080 1305 adesso,
1105 1250 1240 1295 insin'
1265 1266 1293 1295 a
1315 1258 1442 1296 tanto
1463 1253 1553 1297 che
1574 1252 1642 1296 sia
1664 1253 1819 1308 quiete
1841 1254 1889 1299 in

241 1329 450 1383 Francia,
480 1337 527 1374 et
553 1329 599 1373 di
626 1335 789 1386 questo
815 1331 982 1386 puotro
1010 1329 1120 1373 dare
1147 1327 1359 1386 maggior
1385 1328 1590 1386 giudicio
1612 1329 1671 1382 io,
1704 1332 1889 1386 quando

239 1408 413 1452 hauero
434 1406 618 1451 visitato
641 1413 760 1451 tutta
779 1406 931 1463 quella
951 1405 1204 1463 prouincia.
1237 1407 1296 1450 Et
1318 1406 1416 1451 cosi
1439 1421 1532 1450 non
1561 1408 1794 1464 puotendo
1824 1409 1887 1452 lui

238 1486 377 1530 esser’
399 1492 613 1542 presente
647 1499 675 1528 a
702 1483 861 1539 Lione,
892 1484 1015 1528 doue
1037 1485 1074 1526 s'
1116 1483 1367 1529 haueriano
1401 1490 1565 1542 potuto
1594 1497 1884 1543 congregare

239 1562 303 1621 gli
324 1561 483 1606 rettori
504 1562 550 1605 di
578 1561 807 1606 Ciamberi
833 1567 880 1606 et
907 1562 1142 1614 Tornone,
1174 1561 1217 1604 ci
1245 1562 1272 1605 e
1298 1576 1433 1619 parso
1461 1563 1550 1607 che
1578 1577 1672 1607 non
1710 1563 1748 1606 si
1773 1563 1887 1607 sacci

235 1654 399 1685 manco
420 1639 571 1697 quella
598 1637 959 1697 congregatione
981 1645 1207 1695 spezzata‚
1232 1652 1283 1683 se
1305 1653 1397 1683 non
1418 1641 1507 1684 che
1529 1645 1618 1697 per
1645 1641 1824 1684 litteras
1846 1641 1884 1685 si

235 1708 368 1776 elega
389 1732 450 1761 vn
470 1723 782 1775 procuratore,
807 1715 850 1760 al
871 1716 1007 1773 quale
1034 1718 1145 1773 ogn'
1176 1730 1268 1760 uno
1296 1716 1450 1761 mandi
1486 1718 1530 1762 16
1552 1732 1635 1761 sue
1663 1718 1887 1762 informa-

239 1795 368 1849 tioni,
392 1803 482 1839 etc.
514 1795 568 1838 El
596 1798 749 1838 tamen
786 1801 951 1851 questo
989 1808 1079 1837 non
1102 1793 1258 1838 sisara
1293 1808 1437 1838 senon
1470 1794 1885 1841 immediatamente

239 1871 395 1917 auanti
420 1872 452 1915 il
475 1879 628 1929 tempo
662 1873 749 1916 che
777 1871 877 1915 sara
909 1870 1168 1915 necessario
1198 1885 1280 1928 per
1314 1871 1551 1917 ritrouarsi
1576 1873 1642 1930 gli
1663 1887 1885 1930 procura-

241 1949 330 1994 tori
351 1965 379 1994 a
400 1951 560 2005 Roma,
583 1963 718 1994 verso
740 1948 771 1991 il
789 1949 879 1992 fine
900 1947 946 1990 di
969 1948 1246 1994 Settembre.
1277 1949 1328 1992 In
1357 1957 1523 2006 questo
1548 1964 1704 1994 mezzo
1722 1951 1883 2007 puotra

171 2011 177 2017 i
239 2028 380 2072 esser'
405 2029 490 2071 che
511 2027 555 2070 le
576 2041 683 2071 cose
710 2026 828 2069 siino
849 2025 895 2067 di
924 2025 983 2068 tal
1016 2024 1151 2068 modo
1178 2025 1348 2081 quiete,
1387 2028 1473 2071 che
1501 2027 1542 2070 ci
1570 2027 1694 2084 possi
1724 2028 1881 2072 andar'

238 2107 354 2150 Mro.
379 2104 603 2157 Emondo,
628 2110 675 2148 et
697 2104 792 2146 fare
815 2117 906 2146 non
935 2102 1032 2145 solo
1059 2103 1227 2158 quella,
1258 2117 1332 2149 ma
1357 2104 1387 2147 l’
1418 2104 1600 2162 integra
1623 2119 1881 2162 congrega»

239 2181 363 2226 tione
384 2181 431 2225 di
452 2196 535 2226 sua
558 2179 809 2237 prouincia,
835 2186 924 2222 etc.
951 2179 1085 2222 Altro
1107 2193 1200 2223 non
1222 2194 1409 2226 occorre
1430 2183 1473 2227 al
1499 2190 1726 2239 presente.
1756 2183 1879 2226 'Nelli

236 2258 355 2303 santi
378 2257 591 2302 sacrificii
611 2264 657 2300 et
679 2255 873 2300 orationi
889 2256 1009 2300 della
1033 2258 1084 2299 P.
1112 2257 1170 2300 V.
1196 2257 1239 2302 io
1261 2265 1307 2303 et
1338 2259 1561 2303 Ximenez
1583 2259 1882 2304 humilmente

237 2336 278 2380 ci
300 2334 710 2386 raccomandiamo,
735 2340 781 2377 et
803 2333 849 2376 in
871 2333 1009 2391 quelli
1032 2347 1199 2378 ancora
1219 2335 1326 2380 delli
1343 2336 1446 2381 Rdi.
1469 2337 1607 2381 Padri
1628 2336 1876 2389 assistenti,

238 2414 310 2457 del
335 2415 386 2457 P.
420 2413 638 2464 Polanco,
665 2412 718 2454 Ρ.
761 2410 956 2464 Madrid,
999 2411 1048 2454 P.
1088 2410 1421 2470 Ribadeneyra,
1452 2421 1540 2458 etc,
1567 2415 1799 2458 Dominus
1821 2415 1881 2456 sit

238 2491 484 2533 nobiscum.
510 2491 583 2532 Da
605 2487 812 2545 Pariggi,
837 2486 913 2530 alli
936 2499 991 2530 22
1021 2487 1066 2530 di
1089 2487 1280 2545 Giugno
1309 2491 1439 2546 1568.

328 2567 491 2619 Padre,
515 2579 725 2610 veremos
746 2565 813 2608 las
829 2579 963 2607 cosas
984 2567 1115 2608 como
1137 2579 1242 2618 van,
1267 2581 1298 2623 y
1319 2567 1453 2624 quiea
1468 2582 1518 2612 se
1541 2568 1714 2624 podran
1743 2569 1879 2612 hazer

313 2687 321 2707 ¹
373 2684 586 2731 Augerius,
605 2682 857 2732 provincialis
876 2682 1126 2729 Aquitaniae.

305 2747 319 2767 ἓ
369 2743 580 2780 Catharina
597 2743 646 2779 de
664 2742 843 2779 Medicis.
1205 2744 1219 2763 ³
1268 2742 1430 2781 Carolus
1455 2746 1618 2782 Guisius
1636 2745 1700 2789 (de
1719 2745 1874 2790 Guise).

304 2805 319 2826 ⁴
369 2803 435 2839 Sic
463 2804 503 2839 in
527 2804 741 2850 archetypo
763 2804 916 2846 (errore
940 2801 1105 2837 fortasse
1130 2801 1299 2847 librarii)
1322 2815 1391 2850 pro
1410 2805 1612 2847 Borbone,
1638 2804 1688 2839 de
1711 2815 1788 2851 quo
1811 2804 1875 2840 hie

232 2874 360 2899 sermo
378 2874 468 2898 esse
486 2862 654 2898 videtur.
680 2862 844 2898 Carolus
869 2860 1088 2896 Borbonius
1107 2861 1176 2906 (de
1201 2862 1386 2907 Bourbon
1394 2869 1422 2908 )‚
1441 2863 1515 2900 fuit
1533 2863 1739 2900 cardinalis
1759 2869 1799 2899 et
1816 2875 1872 2899 ar-

230 2920 506 2970 chiepiscopus
523 2921 824 2968 rotomagensis,
844 2920 943 2967 regii
962 2920 1114 2956 consilii
1131 2931 1303 2967 praeses,
1324 2927 1364 2958 et
1381 2929 1534 2970 postea,
1557 2934 1657 2958 anno
1679 2931 1784 2968 1590,
1802 2935 1872 2959 rex

233 2981 386 3018 Galliae
404 2982 479 3017 sub
495 2980 653 3017 nomine
671 2980 803 3017 Caroli
820 2980 855 3014 X
874 2981 1147 3026 proclamatus.
1165 2981 1225 3015 De
1243 2979 1348 3017 illius
1366 2993 1460 3028 erga
1477 2982 1730 3026 Societatem,
1749 2988 1789 3018 et
1806 2993 1872 3018 no·

235 3039 411 3077 minatim
425 3051 519 3086 erga
534 3039 762 3086 Augerium,
779 3039 1058 3075 benevolentia
1071 3039 1121 3074 cf.
1138 3038 1404 3084 SACCHmUM,
1415 3043 1490 3078 loc.
1505 3043 1587 3089 cit.,
1606 3042 1673 3078 lib.
1690 3042 1741 3086 ΙΙ,
1757 3054 1796 3078 n.
1810 3042 1870 3087 64.

414 3105 531 3134 Emsr.
555 3105 593 3134 P.
615 3104 845 3138 NADAL„1·0M.
867 3103 926 3132 111.
1660 3107 1698 3135 39
