<?xml version="1.0" encoding="UTF-8"?>
<!DOCTYPE html PUBLIC "-//W3C//DTD XHTML 1.0 Transitional//EN"
    "http://www.w3.org/TR/xhtml1/DTD/xhtml1-transitional.dtd">
<html xmlns="http://www.w3.org/1999/xhtml" xml:lang="en" lang="en">
 <head>
  <title>
</title>
<meta http-equiv="Content-Type" content="text/html;charset=utf-8" />
  <meta name='ocr-system' content='tesseract 3.04.00' />
  <meta name='ocr-capabilities' content='ocr_page ocr_carea ocr_par ocr_line ocrx_word'/>
</head>
<body>
  <div class='ocr_page' id='page_1' title='image "./epistolaephieron03nadauoft_0327.png"; bbox 0 0 2228 3548; ppageno 0'>
   <div class='ocr_carea' id='block_1_1' title="bbox 879 264 1860 314">
    <p class='ocr_par' dir='ltr' id='par_1_1' title="bbox 879 264 1860 314">
     <span class='ocr_line' id='line_1_1' title="bbox 879 264 1860 314; baseline 0.003 -13"><span class='ocrx_word' id='word_1_1' title='bbox 879 275 902 311; x_wconf 92' lang='lat'>9</span> <span class='ocrx_word' id='word_1_2' title='bbox 927 264 1175 302; x_wconf 75' lang='lat' dir='ltr'>Novmfflms</span> <span class='ocrx_word' id='word_1_3' title='bbox 1203 265 1294 311; x_wconf 85' lang='lat'>1566</span> <span class='ocrx_word' id='word_1_4' title='bbox 1427 269 1436 277; x_wconf 85' lang='lat'><strong><em>‘</em></strong></span> <span class='ocrx_word' id='word_1_5' title='bbox 1786 268 1860 314; x_wconf 90' lang='lat'>289</span> 
     </span>
    </p>
   </div>
   <div class='ocr_carea' id='block_1_2' title="bbox 0 365 1970 2814">
    <p class='ocr_par' dir='ltr' id='par_1_2' title="bbox 264 365 1906 1194">
     <span class='ocr_line' id='line_1_2' title="bbox 265 365 1900 426; baseline 0.004 -18"><span class='ocrx_word' id='word_1_6' title='bbox 265 371 438 410; x_wconf 90' lang='lat' dir='ltr'>ceuuto</span> <span class='ocrx_word' id='word_1_7' title='bbox 458 365 637 411; x_wconf 89' lang='lat' dir='ltr'>diuerse</span> <span class='ocrx_word' id='word_1_8' title='bbox 658 366 820 411; x_wconf 87' lang='lat' dir='ltr'>lettere</span> <span class='ocrx_word' id='word_1_9' title='bbox 835 365 882 410; x_wconf 94' lang='lat' dir='ltr'>di</span> <span class='ocrx_word' id='word_1_10' title='bbox 904 368 960 411; x_wconf 92' lang='lat' dir='ltr'>V.</span> <span class='ocrx_word' id='word_1_11' title='bbox 987 368 1042 411; x_wconf 91' lang='lat' dir='ltr'>R.</span> <span class='ocrx_word' id='word_1_12' title='bbox 1067 367 1113 410; x_wconf 91' lang='lat' dir='ltr'>di</span> <span class='ocrx_word' id='word_1_13' title='bbox 1136 379 1178 420; x_wconf 91' lang='lat'>2,</span> <span class='ocrx_word' id='word_1_14' title='bbox 1200 378 1272 423; x_wconf 87' lang='lat'>15,</span> <span class='ocrx_word' id='word_1_15' title='bbox 1305 368 1372 422; x_wconf 93' lang='lat'>18,</span> <span class='ocrx_word' id='word_1_16' title='bbox 1398 380 1456 411; x_wconf 91' lang='lat' dir='ltr'>2o</span> <span class='ocrx_word' id='word_1_17' title='bbox 1471 375 1519 412; x_wconf 89' lang='lat' dir='ltr'>et</span> <span class='ocrx_word' id='word_1_18' title='bbox 1535 379 1589 424; x_wconf 86' lang='lat'>25</span> <span class='ocrx_word' id='word_1_19' title='bbox 1608 369 1682 413; x_wconf 89' lang='lat' dir='ltr'>del</span> <span class='ocrx_word' id='word_1_20' title='bbox 1698 378 1900 426; x_wconf 88' lang='lat' dir='ltr'>passato.</span> 
     </span>
     <span class='ocr_line' id='line_1_3' title="bbox 269 442 1903 500; baseline 0.002 -13"><span class='ocrx_word' id='word_1_21' title='bbox 269 442 398 487; x_wconf 91' lang='lat' dir='ltr'>Hieri</span> <span class='ocrx_word' id='word_1_22' title='bbox 418 445 580 496; x_wconf 86' lang='lat' dir='ltr'>anche,</span> <span class='ocrx_word' id='word_1_23' title='bbox 605 444 755 500; x_wconf 94' lang='lat' dir='ltr'>doppo</span> <span class='ocrx_word' id='word_1_24' title='bbox 776 444 808 486; x_wconf 89' lang='lat' dir='ltr'>l&#39;</span> <span class='ocrx_word' id='word_1_25' title='bbox 831 444 943 488; x_wconf 89' lang='lat' dir='ltr'>altre</span> <span class='ocrx_word' id='word_1_26' title='bbox 964 444 1184 497; x_wconf 89' lang='lat' dir='ltr'>riceuute,</span> <span class='ocrx_word' id='word_1_27' title='bbox 1204 443 1439 488; x_wconf 89' lang='lat' dir='ltr'>arriuorno</span> <span class='ocrx_word' id='word_1_28' title='bbox 1459 445 1491 488; x_wconf 92' lang='lat' dir='ltr'>li</span> <span class='ocrx_word' id='word_1_29' title='bbox 1512 453 1609 489; x_wconf 93' lang='lat' dir='ltr'>otto</span> <span class='ocrx_word' id='word_1_30' title='bbox 1630 446 1794 490; x_wconf 87' lang='lat' dir='ltr'>fratelli</span> <span class='ocrx_word' id='word_1_31' title='bbox 1816 461 1903 491; x_wconf 88' lang='lat' dir='ltr'>con</span> 
     </span>
     <span class='ocr_line' id='line_1_4' title="bbox 268 520 1906 579; baseline 0.003 -16"><span class='ocrx_word' id='word_1_32' title='bbox 268 521 429 565; x_wconf 91' lang='lat' dir='ltr'>lettere</span> <span class='ocrx_word' id='word_1_33' title='bbox 449 520 496 563; x_wconf 92' lang='lat' dir='ltr'>di</span> <span class='ocrx_word' id='word_1_34' title='bbox 518 533 588 575; x_wconf 88' lang='lat'>14.</span> <span class='ocrx_word' id='word_1_35' title='bbox 614 521 736 564; x_wconf 92' lang='lat' dir='ltr'>Duoi</span> <span class='ocrx_word' id='word_1_36' title='bbox 757 521 803 564; x_wconf 93' lang='lat' dir='ltr'>di</span> <span class='ocrx_word' id='word_1_37' title='bbox 823 522 920 565; x_wconf 92' lang='lat' dir='ltr'>loro</span> <span class='ocrx_word' id='word_1_38' title='bbox 940 536 1052 565; x_wconf 90' lang='lat' dir='ltr'>sono</span> <span class='ocrx_word' id='word_1_39' title='bbox 1074 521 1233 566; x_wconf 90' lang='lat' dir='ltr'>uenuti</span> <span class='ocrx_word' id='word_1_40' title='bbox 1255 522 1470 578; x_wconf 82' lang='lat' dir='ltr'>alquanto</span> <span class='ocrx_word' id='word_1_41' title='bbox 1491 522 1755 579; x_wconf 90' lang='lat' dir='ltr'>indisposti;</span> <span class='ocrx_word' id='word_1_42' title='bbox 1782 539 1855 568; x_wconf 89' lang='lat' dir='ltr'>ma</span> <span class='ocrx_word' id='word_1_43' title='bbox 1876 526 1906 568; x_wconf 78' lang='lat' dir='ltr'>e</span> 
     </span>
     <span class='ocr_line' id='line_1_5' title="bbox 270 597 1905 656; baseline 0.002 -15"><span class='ocrx_word' id='word_1_44' title='bbox 270 611 386 653; x_wconf 92' lang='lat' dir='ltr'>poca</span> <span class='ocrx_word' id='word_1_45' title='bbox 407 612 513 641; x_wconf 88' lang='lat' dir='ltr'>cosa</span> <span class='ocrx_word' id='word_1_46' title='bbox 533 597 564 640; x_wconf 94' lang='lat' dir='ltr'>il</span> <span class='ocrx_word' id='word_1_47' title='bbox 586 598 674 642; x_wconf 90' lang='lat' dir='ltr'>mal</span> <span class='ocrx_word' id='word_1_48' title='bbox 695 598 741 641; x_wconf 92' lang='lat' dir='ltr'>di</span> <span class='ocrx_word' id='word_1_49' title='bbox 758 598 988 642; x_wconf 91' lang='lat' dir='ltr'>Giouanni</span> <span class='ocrx_word' id='word_1_50' title='bbox 1004 613 1189 652; x_wconf 83' lang='lat' dir='ltr'>saxone,</span> <span class='ocrx_word' id='word_1_51' title='bbox 1209 600 1294 642; x_wconf 90' lang='lat' dir='ltr'>che</span> <span class='ocrx_word' id='word_1_52' title='bbox 1309 598 1387 655; x_wconf 83' lang='lat' dir='ltr'>gia</span> <span class='ocrx_word' id='word_1_53' title='bbox 1403 599 1546 656; x_wconf 87' lang='lat' dir='ltr'>hoggi</span> <span class='ocrx_word' id='word_1_54' title='bbox 1563 607 1633 643; x_wconf 88' lang='lat' dir='ltr'>sta</span> <span class='ocrx_word' id='word_1_55' title='bbox 1649 602 1788 644; x_wconf 89' lang='lat' dir='ltr'>molto</span> <span class='ocrx_word' id='word_1_56' title='bbox 1806 616 1905 646; x_wconf 87' lang='lat' dir='ltr'>me-</span> 
     </span>
     <span class='ocr_line' id='line_1_6' title="bbox 269 674 1904 735; baseline 0.003 -18"><span class='ocrx_word' id='word_1_57' title='bbox 269 674 378 731; x_wconf 88' lang='lat' dir='ltr'>glio.</span> <span class='ocrx_word' id='word_1_58' title='bbox 402 676 478 719; x_wconf 91' lang='lat' dir='ltr'>Vn</span> <span class='ocrx_word' id='word_1_59' title='bbox 500 676 614 719; x_wconf 89' lang='lat' dir='ltr'>altro</span> <span class='ocrx_word' id='word_1_60' title='bbox 635 675 680 718; x_wconf 91' lang='lat' dir='ltr'>di</span> <span class='ocrx_word' id='word_1_61' title='bbox 698 676 835 731; x_wconf 91' lang='lat' dir='ltr'>quelli</span> <span class='ocrx_word' id='word_1_62' title='bbox 855 675 902 719; x_wconf 92' lang='lat' dir='ltr'>di</span> <span class='ocrx_word' id='word_1_63' title='bbox 918 675 1160 720; x_wconf 89' lang='lat' dir='ltr'>Monachio</span> <span class='ocrx_word' id='word_1_64' title='bbox 1176 682 1246 719; x_wconf 90' lang='lat' dir='ltr'>sta</span> <span class='ocrx_word' id='word_1_65' title='bbox 1260 675 1447 733; x_wconf 85' lang='lat' dir='ltr'>peggio,</span> <span class='ocrx_word' id='word_1_66' title='bbox 1466 685 1512 720; x_wconf 88' lang='lat' dir='ltr'>et</span> <span class='ocrx_word' id='word_1_67' title='bbox 1528 677 1671 734; x_wconf 83' lang='lat' dir='ltr'>hoggi</span> <span class='ocrx_word' id='word_1_68' title='bbox 1693 679 1731 721; x_wconf 83' lang='lat' dir='ltr'>s’</span> <span class='ocrx_word' id='word_1_69' title='bbox 1751 679 1776 722; x_wconf 79' lang='grc' dir='ltr'>ἑ</span> <span class='ocrx_word' id='word_1_70' title='bbox 1793 693 1904 735; x_wconf 91' lang='lat' dir='ltr'>pur-</span> 
     </span>
     <span class='ocr_line' id='line_1_7' title="bbox 267 752 1901 810; baseline 0.004 -16"><span class='ocrx_word' id='word_1_71' title='bbox 267 758 398 808; x_wconf 86' lang='lat' dir='ltr'>gato,</span> <span class='ocrx_word' id='word_1_72' title='bbox 423 758 470 796; x_wconf 91' lang='lat' dir='ltr'>et</span> <span class='ocrx_word' id='word_1_73' title='bbox 491 766 697 808; x_wconf 88' lang='lat' dir='ltr'>speramo</span> <span class='ocrx_word' id='word_1_74' title='bbox 724 753 768 796; x_wconf 92' lang='lat' dir='ltr'>la</span> <span class='ocrx_word' id='word_1_75' title='bbox 796 753 891 797; x_wconf 76' lang='lat' dir='ltr'>fara</span> <span class='ocrx_word' id='word_1_76' title='bbox 911 753 1078 810; x_wconf 86' lang='lat' dir='ltr'>meglio</span> <span class='ocrx_word' id='word_1_77' title='bbox 1099 752 1397 809; x_wconf 91' lang='lat' dir='ltr'>riposandosi.</span> <span class='ocrx_word' id='word_1_78' title='bbox 1423 753 1611 798; x_wconf 90' lang='lat' dir='ltr'>Nicolao</span> <span class='ocrx_word' id='word_1_79' title='bbox 1634 755 1755 799; x_wconf 87' lang='lat' dir='ltr'>Salio</span> <span class='ocrx_word' id='word_1_80' title='bbox 1775 756 1901 802; x_wconf 87' lang='lat' dir='ltr'>dette</span> 
     </span>
     <span class='ocr_line' id='line_1_8' title="bbox 267 828 1902 887; baseline 0.002 -16"><span class='ocrx_word' id='word_1_81' title='bbox 267 828 344 884; x_wconf 93' lang='lat' dir='ltr'>qui</span> <span class='ocrx_word' id='word_1_82' title='bbox 365 841 424 883; x_wconf 89' lang='lat'>40</span> <span class='ocrx_word' id='word_1_83' title='bbox 445 829 574 872; x_wconf 91' lang='lat' dir='ltr'>scudi</span> <span class='ocrx_word' id='word_1_84' title='bbox 596 831 681 874; x_wconf 91' lang='lat' dir='ltr'>che</span> <span class='ocrx_word' id='word_1_85' title='bbox 708 829 739 872; x_wconf 92' lang='lat' dir='ltr'>li</span> <span class='ocrx_word' id='word_1_86' title='bbox 769 844 1043 883; x_wconf 88' lang='lat' dir='ltr'>auanzorno,</span> <span class='ocrx_word' id='word_1_87' title='bbox 1075 836 1121 872; x_wconf 92' lang='lat' dir='ltr'>et</span> <span class='ocrx_word' id='word_1_88' title='bbox 1149 831 1186 873; x_wconf 95' lang='lat' dir='ltr'>F</span> <span class='ocrx_word' id='word_1_89' title='bbox 1189 829 1439 874; x_wconf 90' lang='lat' dir='ltr'>erdinando</span> <span class='ocrx_word' id='word_1_90' title='bbox 1464 830 1520 885; x_wconf 88' lang='lat'>36</span> <span class='ocrx_word' id='word_1_91' title='bbox 1541 845 1551 884; x_wconf 93' lang='lat'>;</span> <span class='ocrx_word' id='word_1_92' title='bbox 1575 828 1622 874; x_wconf 85' lang='lat' dir='ltr'>et</span> <span class='ocrx_word' id='word_1_93' title='bbox 1650 832 1800 887; x_wconf 83' lang='lat' dir='ltr'><strong>questi</strong></span> <span class='ocrx_word' id='word_1_94' title='bbox 1832 833 1902 875; x_wconf 95' lang='lat' dir='ltr'>col</span> 
     </span>
     <span class='ocr_line' id='line_1_9' title="bbox 264 905 1905 978; baseline 0.003 -29"><span class='ocrx_word' id='word_1_95' title='bbox 264 905 416 961; x_wconf 90' lang='lat' dir='ltr'>precio</span> <span class='ocrx_word' id='word_1_96' title='bbox 437 906 543 949; x_wconf 93' lang='lat' dir='ltr'>delli</span> <span class='ocrx_word' id='word_1_97' title='bbox 565 906 726 950; x_wconf 90' lang='lat' dir='ltr'>caualli</span> <span class='ocrx_word' id='word_1_98' title='bbox 748 907 787 950; x_wconf 89' lang='lat' dir='ltr'>si</span> <span class='ocrx_word' id='word_1_99' title='bbox 807 914 1029 963; x_wconf 90' lang='lat' dir='ltr'>potranno</span> <span class='ocrx_word' id='word_1_100' title='bbox 1047 907 1113 950; x_wconf 87' lang='lat' dir='ltr'>far</span> <span class='ocrx_word' id='word_1_101' title='bbox 1130 906 1269 949; x_wconf 91' lang='lat' dir='ltr'>buoni</span> <span class='ocrx_word' id='word_1_102' title='bbox 1286 907 1372 950; x_wconf 86' lang='lat' dir='ltr'>alle</span> <span class='ocrx_word' id='word_1_103' title='bbox 1388 906 1614 978; x_wconf 62' lang='lat' dir='ltr'>prdpintie</span> <span class='ocrx_word' id='word_1_104' title='bbox 1631 908 1674 951; x_wconf 92' lang='lat' dir='ltr'>di</span> <span class='ocrx_word' id='word_1_105' title='bbox 1693 909 1750 960; x_wconf 79' lang='lat' dir='ltr'>la,</span> <span class='ocrx_word' id='word_1_106' title='bbox 1770 923 1905 954; x_wconf 89' lang='lat' dir='ltr'>corne</span> 
     </span>
     <span class='ocr_line' id='line_1_10' title="bbox 265 983 1901 1043; baseline 0.002 -17"><span class='ocrx_word' id='word_1_107' title='bbox 265 986 500 1028; x_wconf 81' lang='lat' dir='ltr'>conuerra.</span> <span class='ocrx_word' id='word_1_108' title='bbox 529 984 575 1028; x_wconf 85' lang='lat' dir='ltr'>S’</span> <span class='ocrx_word' id='word_1_109' title='bbox 598 985 624 1027; x_wconf 81' lang='lat' dir='ltr'>e</span> <span class='ocrx_word' id='word_1_110' title='bbox 645 983 792 1028; x_wconf 88' lang='lat' dir='ltr'>inteso</span> <span class='ocrx_word' id='word_1_111' title='bbox 814 984 842 1026; x_wconf 93' lang='lat' dir='ltr'>il</span> <span class='ocrx_word' id='word_1_112' title='bbox 871 983 1062 1041; x_wconf 86' lang='lat' dir='ltr'>disegno</span> <span class='ocrx_word' id='word_1_113' title='bbox 1090 985 1176 1028; x_wconf 92' lang='lat' dir='ltr'>che</span> <span class='ocrx_word' id='word_1_114' title='bbox 1203 984 1247 1027; x_wconf 80' lang='lat' dir='ltr'>la</span> <span class='ocrx_word' id='word_1_115' title='bbox 1273 986 1309 1026; x_wconf 88' lang='lat' dir='ltr'>s&#39;</span> <span class='ocrx_word' id='word_1_116' title='bbox 1335 985 1360 1027; x_wconf 82' lang='lat' dir='ltr'>e</span> <span class='ocrx_word' id='word_1_117' title='bbox 1384 984 1497 1027; x_wconf 86' lang='lat' dir='ltr'>fatto</span> <span class='ocrx_word' id='word_1_118' title='bbox 1525 992 1696 1039; x_wconf 89' lang='lat' dir='ltr'>quanto</span> <span class='ocrx_word' id='word_1_119' title='bbox 1724 987 1767 1029; x_wconf 86' lang='lat' dir='ltr'>al</span> <span class='ocrx_word' id='word_1_120' title='bbox 1793 1001 1901 1043; x_wconf 93' lang='lat' dir='ltr'>pro-</span> 
     </span>
     <span class='ocr_line' id='line_1_11' title="bbox 266 1060 1899 1118; baseline 0.001 -14"><span class='ocrx_word' id='word_1_121' title='bbox 266 1075 363 1113; x_wconf 93' lang='lat' dir='ltr'>uar,</span> <span class='ocrx_word' id='word_1_122' title='bbox 388 1068 435 1104; x_wconf 94' lang='lat' dir='ltr'>et</span> <span class='ocrx_word' id='word_1_123' title='bbox 455 1061 529 1118; x_wconf 93' lang='lat' dir='ltr'>poi</span> <span class='ocrx_word' id='word_1_124' title='bbox 552 1061 809 1105; x_wconf 88' lang='lat' dir='ltr'>rimandar</span> <span class='ocrx_word' id='word_1_125' title='bbox 798 1076 844 1104; x_wconf 92' lang='lat' dir='ltr'>1n</span> <span class='ocrx_word' id='word_1_126' title='bbox 861 1060 1106 1105; x_wconf 83' lang='lat' dir='ltr'>Germania</span> <span class='ocrx_word' id='word_1_127' title='bbox 1122 1068 1282 1116; x_wconf 89' lang='lat' dir='ltr'>questa</span> <span class='ocrx_word' id='word_1_128' title='bbox 1300 1067 1455 1117; x_wconf 86' lang='lat' dir='ltr'>gente,</span> <span class='ocrx_word' id='word_1_129' title='bbox 1475 1068 1521 1104; x_wconf 89' lang='lat' dir='ltr'>et</span> <span class='ocrx_word' id='word_1_130' title='bbox 1537 1061 1575 1104; x_wconf 90' lang='lat' dir='ltr'>si</span> <span class='ocrx_word' id='word_1_131' title='bbox 1592 1065 1834 1118; x_wconf 75' lang='lat' dir='ltr'>procurara</span> <span class='ocrx_word' id='word_1_132' title='bbox 1852 1063 1899 1106; x_wconf 86' lang='lat' dir='ltr'>di</span> 
     </span>
     <span class='ocr_line' id='line_1_12' title="bbox 265 1138 1005 1194; baseline 0.001 -14"><span class='ocrx_word' id='word_1_133' title='bbox 265 1139 407 1181; x_wconf 88' lang='lat' dir='ltr'>hauer</span> <span class='ocrx_word' id='word_1_134' title='bbox 428 1138 644 1183; x_wconf 87' lang='lat' dir='ltr'>memoria</span> <span class='ocrx_word' id='word_1_135' title='bbox 665 1139 708 1182; x_wconf 89' lang='lat' dir='ltr'>al</span> <span class='ocrx_word' id='word_1_136' title='bbox 727 1153 813 1182; x_wconf 90' lang='lat' dir='ltr'>suo</span> <span class='ocrx_word' id='word_1_137' title='bbox 837 1146 1005 1194; x_wconf 89' lang='lat' dir='ltr'><strong>tempo.</strong></span> 
     </span>
    </p>

    <p class='ocr_par' dir='ltr' id='par_1_3' title="bbox 0 1177 1970 2742">
     <span class='ocr_line' id='line_1_13' title="bbox 356 1177 1900 1262; baseline 0.001 -4"><span class='ocrx_word' id='word_1_138' title='bbox 356 1228 398 1258; x_wconf 89' lang='lat'>2.</span> <span class='ocrx_word' id='word_1_139' title='bbox 463 1217 606 1260; x_wconf 95' lang='lat' dir='ltr'>Molto</span> <span class='ocrx_word' id='word_1_140' title='bbox 636 1216 678 1259; x_wconf 94' lang='lat' dir='ltr'>ci</span> <span class='ocrx_word' id='word_1_141' title='bbox 705 1216 967 1259; x_wconf 87' lang='lat' dir='ltr'>consolamo</span> <span class='ocrx_word' id='word_1_142' title='bbox 994 1215 1045 1257; x_wconf 84' lang='lat' dir='ltr'>in</span> <span class='ocrx_word' id='word_1_143' title='bbox 1071 1214 1273 1258; x_wconf 85' lang='lat' dir='ltr'>Domino</span> <span class='ocrx_word' id='word_1_144' title='bbox 1301 1177 1579 1258; x_wconf 89' lang='lat' dir='ltr'>intendendo</span> <span class='ocrx_word' id='word_1_145' title='bbox 1606 1216 1646 1258; x_wconf 91' lang='lat' dir='ltr'>la</span> <span class='ocrx_word' id='word_1_146' title='bbox 1676 1215 1821 1259; x_wconf 79' lang='lat' dir='ltr'>sanita</span> <span class='ocrx_word' id='word_1_147' title='bbox 1851 1224 1900 1262; x_wconf 89' lang='lat' dir='ltr'>et</span> 
     </span>
     <span class='ocr_line' id='line_1_14' title="bbox 265 1291 1897 1346; baseline 0.001 -12"><span class='ocrx_word' id='word_1_148' title='bbox 265 1293 388 1337; x_wconf 89' lang='lat' dir='ltr'>forze</span> <span class='ocrx_word' id='word_1_149' title='bbox 410 1294 494 1336; x_wconf 91' lang='lat' dir='ltr'>che</span> <span class='ocrx_word' id='word_1_150' title='bbox 515 1293 604 1336; x_wconf 93' lang='lat' dir='ltr'>Dio</span> <span class='ocrx_word' id='word_1_151' title='bbox 625 1294 683 1336; x_wconf 90' lang='lat' dir='ltr'>N.</span> <span class='ocrx_word' id='word_1_152' title='bbox 709 1293 758 1338; x_wconf 87' lang='lat' dir='ltr'>S.</span> <span class='ocrx_word' id='word_1_153' title='bbox 783 1293 842 1336; x_wconf 91' lang='lat' dir='ltr'>da</span> <span class='ocrx_word' id='word_1_154' title='bbox 861 1307 888 1336; x_wconf 89' lang='lat' dir='ltr'>a</span> <span class='ocrx_word' id='word_1_155' title='bbox 909 1293 968 1336; x_wconf 92' lang='lat' dir='ltr'>V.</span> <span class='ocrx_word' id='word_1_156' title='bbox 993 1293 1048 1335; x_wconf 92' lang='lat' dir='ltr'>R.</span> <span class='ocrx_word' id='word_1_157' title='bbox 1079 1291 1127 1334; x_wconf 89' lang='lat' dir='ltr'>in</span> <span class='ocrx_word' id='word_1_158' title='bbox 1158 1306 1315 1336; x_wconf 87' lang='lat' dir='ltr'>mezzo</span> <span class='ocrx_word' id='word_1_159' title='bbox 1337 1292 1395 1336; x_wconf 90' lang='lat' dir='ltr'>de</span> <span class='ocrx_word' id='word_1_160' title='bbox 1426 1303 1508 1335; x_wconf 91' lang='lat' dir='ltr'>sue</span> <span class='ocrx_word' id='word_1_161' title='bbox 1541 1291 1739 1346; x_wconf 84' lang='lat' dir='ltr'>fatiche3</span> <span class='ocrx_word' id='word_1_162' title='bbox 1774 1300 1820 1336; x_wconf 87' lang='lat' dir='ltr'>et</span> <span class='ocrx_word' id='word_1_163' title='bbox 1851 1293 1897 1336; x_wconf 92' lang='lat' dir='ltr'>di</span> 
     </span>
     <span class='ocr_line' id='line_1_15' title="bbox 264 1368 1896 1427; baseline 0.001 -14"><span class='ocrx_word' id='word_1_164' title='bbox 264 1371 412 1426; x_wconf 89' lang='lat' dir='ltr'>quelle</span> <span class='ocrx_word' id='word_1_165' title='bbox 434 1369 727 1427; x_wconf 83' lang='lat' dir='ltr'>ringratiamo</span> <span class='ocrx_word' id='word_1_166' title='bbox 743 1370 785 1413; x_wconf 91' lang='lat' dir='ltr'>la</span> <span class='ocrx_word' id='word_1_167' title='bbox 800 1370 940 1413; x_wconf 81' lang='lat' dir='ltr'>bonta</span> <span class='ocrx_word' id='word_1_168' title='bbox 956 1383 1053 1412; x_wconf 88' lang='lat' dir='ltr'>sua.</span> <span class='ocrx_word' id='word_1_169' title='bbox 1074 1368 1123 1414; x_wconf 90' lang='lat' dir='ltr'>Si</span> <span class='ocrx_word' id='word_1_170' title='bbox 1140 1368 1198 1426; x_wconf 80' lang='lat' dir='ltr'>[e]</span> <span class='ocrx_word' id='word_1_171' title='bbox 1221 1368 1340 1412; x_wconf 90' lang='lat' dir='ltr'>uisto</span> <span class='ocrx_word' id='word_1_172' title='bbox 1362 1368 1393 1411; x_wconf 94' lang='lat' dir='ltr'>il</span> <span class='ocrx_word' id='word_1_173' title='bbox 1409 1368 1611 1412; x_wconf 87' lang='lat' dir='ltr'>discorso</span> <span class='ocrx_word' id='word_1_174' title='bbox 1629 1370 1746 1413; x_wconf 86' lang='lat' dir='ltr'>della</span> <span class='ocrx_word' id='word_1_175' title='bbox 1763 1384 1896 1426; x_wconf 87' lang='lat' dir='ltr'>pere-</span> 
     </span>
     <span class='ocr_line' id='line_1_16' title="bbox 259 1445 1894 1504; baseline 0.001 -14"><span class='ocrx_word' id='word_1_176' title='bbox 259 1446 515 1504; x_wconf 88' lang='lat' dir='ltr'>grinatione</span> <span class='ocrx_word' id='word_1_177' title='bbox 536 1448 592 1491; x_wconf 90' lang='lat' dir='ltr'>de</span> <span class='ocrx_word' id='word_1_178' title='bbox 614 1446 860 1492; x_wconf 81' lang='lat' dir='ltr'>Germania</span> <span class='ocrx_word' id='word_1_179' title='bbox 881 1446 927 1489; x_wconf 92' lang='lat' dir='ltr'>in</span> <span class='ocrx_word' id='word_1_180' title='bbox 949 1445 1154 1499; x_wconf 89' lang='lat' dir='ltr'>Austria,</span> <span class='ocrx_word' id='word_1_181' title='bbox 1178 1453 1225 1489; x_wconf 89' lang='lat' dir='ltr'>et</span> <span class='ocrx_word' id='word_1_182' title='bbox 1252 1445 1297 1488; x_wconf 89' lang='lat' dir='ltr'>di</span> <span class='ocrx_word' id='word_1_183' title='bbox 1318 1446 1348 1488; x_wconf 93' lang='lat' dir='ltr'>li</span> <span class='ocrx_word' id='word_1_184' title='bbox 1376 1445 1423 1488; x_wconf 89' lang='lat' dir='ltr'>in</span> <span class='ocrx_word' id='word_1_185' title='bbox 1451 1446 1714 1503; x_wconf 86' lang='lat' dir='ltr'>Hungaria,</span> <span class='ocrx_word' id='word_1_186' title='bbox 1742 1449 1894 1491; x_wconf 87' lang='lat' dir='ltr'>Mora-</span> 
     </span>
     <span class='ocr_line' id='line_1_17' title="bbox 260 1522 1893 1576; baseline 0 -9"><span class='ocrx_word' id='word_1_187' title='bbox 260 1523 350 1576; x_wconf 90' lang='lat' dir='ltr'>uia,</span> <span class='ocrx_word' id='word_1_188' title='bbox 372 1524 591 1568; x_wconf 87' lang='lat' dir='ltr'>Bohemia</span> <span class='ocrx_word' id='word_1_189' title='bbox 611 1523 759 1568; x_wconf 92' lang='lat' dir='ltr'>insino</span> <span class='ocrx_word' id='word_1_190' title='bbox 781 1524 867 1567; x_wconf 87' lang='lat' dir='ltr'>alla</span> <span class='ocrx_word' id='word_1_191' title='bbox 888 1530 1065 1567; x_wconf 89' lang='lat' dir='ltr'>tornata</span> <span class='ocrx_word' id='word_1_192' title='bbox 1086 1522 1133 1566; x_wconf 92' lang='lat' dir='ltr'>in</span> <span class='ocrx_word' id='word_1_193' title='bbox 1150 1522 1395 1567; x_wconf 86' lang='lat' dir='ltr'>Germania</span> <span class='ocrx_word' id='word_1_194' title='bbox 1416 1529 1463 1566; x_wconf 89' lang='lat' dir='ltr'>et</span> <span class='ocrx_word' id='word_1_195' title='bbox 1480 1523 1620 1575; x_wconf 87' lang='lat' dir='ltr'>Tirol,</span> <span class='ocrx_word' id='word_1_196' title='bbox 1640 1531 1686 1567; x_wconf 89' lang='lat' dir='ltr'>et</span> <span class='ocrx_word' id='word_1_197' title='bbox 1708 1525 1750 1567; x_wconf 89' lang='grc'>13</span> <span class='ocrx_word' id='word_1_198' title='bbox 1769 1525 1893 1568; x_wconf 91' lang='lat' dir='ltr'>uolta</span> 
     </span>
     <span class='ocr_line' id='line_1_18' title="bbox 260 1599 1891 1656; baseline 0.001 -12"><span class='ocrx_word' id='word_1_199' title='bbox 260 1601 307 1645; x_wconf 91' lang='lat' dir='ltr'>in</span> <span class='ocrx_word' id='word_1_200' title='bbox 328 1601 588 1656; x_wconf 91' lang='lat' dir='ltr'>Monachio,</span> <span class='ocrx_word' id='word_1_201' title='bbox 612 1602 732 1646; x_wconf 91' lang='lat' dir='ltr'>doue</span> <span class='ocrx_word' id='word_1_202' title='bbox 753 1615 864 1644; x_wconf 91' lang='lat' dir='ltr'>sono</span> <span class='ocrx_word' id='word_1_203' title='bbox 887 1601 998 1644; x_wconf 87' lang='lat' dir='ltr'>fatte</span> <span class='ocrx_word' id='word_1_204' title='bbox 1018 1601 1047 1643; x_wconf 93' lang='lat' dir='ltr'>l’</span> <span class='ocrx_word' id='word_1_205' title='bbox 1073 1599 1244 1643; x_wconf 88' lang='lat' dir='ltr'>ultime.</span> <span class='ocrx_word' id='word_1_206' title='bbox 1270 1599 1323 1644; x_wconf 93' lang='lat' dir='ltr'>Li</span> <span class='ocrx_word' id='word_1_207' title='bbox 1345 1599 1488 1643; x_wconf 89' lang='lat' dir='ltr'>scritti</span> <span class='ocrx_word' id='word_1_208' title='bbox 1510 1601 1627 1644; x_wconf 89' lang='lat' dir='ltr'>delle</span> <span class='ocrx_word' id='word_1_209' title='bbox 1649 1615 1755 1646; x_wconf 87' lang='lat' dir='ltr'>cose</span> <span class='ocrx_word' id='word_1_210' title='bbox 1777 1601 1891 1646; x_wconf 87' lang='lat' dir='ltr'>riso-</span> 
     </span>
     <span class='ocr_line' id='line_1_19' title="bbox 0 1677 1895 1744; baseline 0.001 -23"><span class='ocrx_word' id='word_1_211' title='bbox 0 1734 4 1744; x_wconf 33' lang='lat'>,</span> <span class='ocrx_word' id='word_1_212' title='bbox 220 1681 227 1682; x_wconf 64' lang='grc'><em>’</em></span> <span class='ocrx_word' id='word_1_213' title='bbox 260 1680 356 1724; x_wconf 91' lang='lat' dir='ltr'>lute</span> <span class='ocrx_word' id='word_1_214' title='bbox 372 1678 419 1722; x_wconf 90' lang='lat' dir='ltr'>in</span> <span class='ocrx_word' id='word_1_215' title='bbox 434 1679 628 1732; x_wconf 84' lang='lat' dir='ltr'>Vienna,</span> <span class='ocrx_word' id='word_1_216' title='bbox 649 1678 878 1732; x_wconf 87' lang='lat' dir='ltr'>Tirnauia,</span> <span class='ocrx_word' id='word_1_217' title='bbox 900 1677 1132 1722; x_wconf 90' lang='lat' dir='ltr'>Olomutio</span> <span class='ocrx_word' id='word_1_218' title='bbox 1149 1685 1194 1721; x_wconf 90' lang='lat' dir='ltr'>et</span> <span class='ocrx_word' id='word_1_219' title='bbox 1211 1679 1359 1734; x_wconf 86' lang='lat' dir='ltr'>Praga</span> <span class='ocrx_word' id='word_1_220' title='bbox 1377 1678 1571 1721; x_wconf 89' lang='lat' dir='ltr'>hauemo</span> <span class='ocrx_word' id='word_1_221' title='bbox 1588 1677 1799 1732; x_wconf 91' lang='lat' dir='ltr'>riceuuti,</span> <span class='ocrx_word' id='word_1_222' title='bbox 1819 1694 1895 1724; x_wconf 89' lang='lat' dir='ltr'>ma</span> 
     </span>
     <span class='ocr_line' id='line_1_20' title="bbox 0 1750 1970 1820; baseline 0 -20"><span class='ocrx_word' id='word_1_223' title='bbox 0 1750 9 1820; x_wconf 67' lang='grc' dir='ltr'>ξ</span> <span class='ocrx_word' id='word_1_224' title='bbox 261 1771 352 1800; x_wconf 90' lang='lat' dir='ltr'>non</span> <span class='ocrx_word' id='word_1_225' title='bbox 374 1756 471 1800; x_wconf 89' lang='lat' dir='ltr'>letti</span> <span class='ocrx_word' id='word_1_226' title='bbox 493 1771 658 1800; x_wconf 87' lang='lat' dir='ltr'>ancora</span> <span class='ocrx_word' id='word_1_227' title='bbox 673 1757 716 1800; x_wconf 92' lang='lat' dir='ltr'>al</span> <span class='ocrx_word' id='word_1_228' title='bbox 733 1754 1132 1814; x_wconf 29' lang='lat' dir='ltr'>tutto‚,hauendoli</span> <span class='ocrx_word' id='word_1_229' title='bbox 1153 1753 1346 1799; x_wconf 91' lang='lat' dir='ltr'>riceuuti</span> <span class='ocrx_word' id='word_1_230' title='bbox 1362 1754 1491 1798; x_wconf 88' lang='lat' dir='ltr'>hieri:</span> <span class='ocrx_word' id='word_1_231' title='bbox 1511 1769 1643 1811; x_wconf 92' lang='lat' dir='ltr'>spero</span> <span class='ocrx_word' id='word_1_232' title='bbox 1660 1755 1769 1812; x_wconf 85' lang='lat' dir='ltr'>ogni</span> <span class='ocrx_word' id='word_1_233' title='bbox 1786 1771 1894 1800; x_wconf 84' lang='lat' dir='ltr'>cosa</span> <span class='ocrx_word' id='word_1_234' title='bbox 1968 1767 1970 1770; x_wconf 81' lang='grc'>’</span> 
     </span>
     <span class='ocr_line' id='line_1_21' title="bbox 0 1828 1888 1892; baseline -0.001 -14"><span class='ocrx_word' id='word_1_235' title='bbox 0 1828 10 1837; x_wconf 65' lang='grc'>”</span> <span class='ocrx_word' id='word_1_236' title='bbox 262 1836 383 1878; x_wconf 79' lang='lat' dir='ltr'>stara</span> <span class='ocrx_word' id='word_1_237' title='bbox 404 1835 542 1878; x_wconf 89' lang='lat' dir='ltr'>molto</span> <span class='ocrx_word' id='word_1_238' title='bbox 563 1832 728 1892; x_wconf 88' lang='lat' dir='ltr'>[be]ne;</span> <span class='ocrx_word' id='word_1_239' title='bbox 754 1840 799 1878; x_wconf 91' lang='lat' dir='ltr'>et</span> <span class='ocrx_word' id='word_1_240' title='bbox 821 1833 1003 1889; x_wconf 90' lang='lat' dir='ltr'>quando</span> <span class='ocrx_word' id='word_1_241' title='bbox 1025 1831 1065 1875; x_wconf 90' lang='lat' dir='ltr'>ci</span> <span class='ocrx_word' id='word_1_242' title='bbox 1088 1831 1336 1876; x_wconf 84' lang='lat' dir='ltr'>occorressi</span> <span class='ocrx_word' id='word_1_243' title='bbox 1360 1833 1474 1875; x_wconf 87' lang='lat' dir='ltr'>altro</span> <span class='ocrx_word' id='word_1_244' title='bbox 1496 1832 1542 1875; x_wconf 90' lang='lat' dir='ltr'>in</span> <span class='ocrx_word' id='word_1_245' title='bbox 1565 1833 1757 1888; x_wconf 85' lang='lat' dir='ltr'>qualche</span> <span class='ocrx_word' id='word_1_246' title='bbox 1788 1849 1888 1890; x_wconf 87' lang='lat' dir='ltr'>par-</span> 
     </span>
     <span class='ocr_line' id='line_1_22' title="bbox 262 1907 1894 1966; baseline 0.001 -12"><span class='ocrx_word' id='word_1_247' title='bbox 262 1911 433 1965; x_wconf 88' lang='lat' dir='ltr'>ticolar,</span> <span class='ocrx_word' id='word_1_248' title='bbox 458 1911 501 1955; x_wconf 93' lang='lat' dir='ltr'>io</span> <span class='ocrx_word' id='word_1_249' title='bbox 523 1912 632 1955; x_wconf 81' lang='lat' dir='ltr'>daro</span> <span class='ocrx_word' id='word_1_250' title='bbox 651 1911 794 1955; x_wconf 88' lang='lat' dir='ltr'>auiso.</span> <span class='ocrx_word' id='word_1_251' title='bbox 819 1910 948 1954; x_wconf 90' lang='lat' dir='ltr'>Delle</span> <span class='ocrx_word' id='word_1_252' title='bbox 970 1924 1074 1953; x_wconf 88' lang='lat' dir='ltr'>cose</span> <span class='ocrx_word' id='word_1_253' title='bbox 1102 1908 1238 1952; x_wconf 89' lang='lat' dir='ltr'>etiam</span> <span class='ocrx_word' id='word_1_254' title='bbox 1259 1907 1464 1953; x_wconf 91' lang='lat' dir='ltr'>ordinate</span> <span class='ocrx_word' id='word_1_255' title='bbox 1495 1909 1542 1952; x_wconf 93' lang='lat' dir='ltr'>in</span> <span class='ocrx_word' id='word_1_256' title='bbox 1570 1909 1802 1966; x_wconf 90' lang='lat' dir='ltr'>Hispruch</span> <span class='ocrx_word' id='word_1_257' title='bbox 1834 1926 1894 1955; x_wconf 88' lang='lat' dir='ltr'>ne</span> 
     </span>
     <span class='ocr_line' id='line_1_23' title="bbox 257 1985 1891 2044; baseline -0.002 -11"><span class='ocrx_word' id='word_1_258' title='bbox 257 1991 318 2034; x_wconf 95' lang='lat' dir='ltr'>ho</span> <span class='ocrx_word' id='word_1_259' title='bbox 338 1989 665 2034; x_wconf 89' lang='lat' dir='ltr'>sodisfattione.</span> <span class='ocrx_word' id='word_1_260' title='bbox 694 1990 754 2034; x_wconf 89' lang='lat' dir='ltr'>Se</span> <span class='ocrx_word' id='word_1_261' title='bbox 776 2003 861 2044; x_wconf 86' lang='lat' dir='ltr'>pur</span> <span class='ocrx_word' id='word_1_262' title='bbox 889 1988 1127 2030; x_wconf 77' lang='lat' dir='ltr'>occorrera</span> <span class='ocrx_word' id='word_1_263' title='bbox 1158 1985 1397 2042; x_wconf 84' lang='lat' dir='ltr'>particolar</span> <span class='ocrx_word' id='word_1_264' title='bbox 1428 1985 1624 2043; x_wconf 89' lang='lat' dir='ltr'>risposta</span> <span class='ocrx_word' id='word_1_265' title='bbox 1646 1987 1703 2030; x_wconf 89' lang='lat' dir='ltr'>ad</span> <span class='ocrx_word' id='word_1_266' title='bbox 1729 1988 1891 2031; x_wconf 91' lang='lat' dir='ltr'>alcune</span> 
     </span>
     <span class='ocr_line' id='line_1_24' title="bbox 256 2062 1881 2122; baseline -0.004 -8"><span class='ocrx_word' id='word_1_267' title='bbox 256 2084 362 2114; x_wconf 89' lang='lat' dir='ltr'>cose</span> <span class='ocrx_word' id='word_1_268' title='bbox 381 2068 428 2111; x_wconf 94' lang='lat' dir='ltr'>di</span> <span class='ocrx_word' id='word_1_269' title='bbox 450 2075 567 2111; x_wconf 90' lang='lat' dir='ltr'>tutte</span> <span class='ocrx_word' id='word_1_270' title='bbox 589 2073 749 2122; x_wconf 85' lang='lat' dir='ltr'>queste</span> <span class='ocrx_word' id='word_1_271' title='bbox 769 2066 943 2115; x_wconf 88' lang='lat' dir='ltr'>lettere,</span> <span class='ocrx_word' id='word_1_272' title='bbox 969 2063 1007 2106; x_wconf 89' lang='lat' dir='ltr'>si</span> <span class='ocrx_word' id='word_1_273' title='bbox 1035 2064 1131 2106; x_wconf 80' lang='lat' dir='ltr'>fara</span> <span class='ocrx_word' id='word_1_274' title='bbox 1153 2063 1271 2106; x_wconf 87' lang='lat' dir='ltr'>forse</span> <span class='ocrx_word' id='word_1_275' title='bbox 1293 2063 1335 2106; x_wconf 88' lang='lat' dir='ltr'>la</span> <span class='ocrx_word' id='word_1_276' title='bbox 1355 2062 1597 2107; x_wconf 87' lang='lat' dir='ltr'>settimana</span> <span class='ocrx_word' id='word_1_277' title='bbox 1618 2066 1704 2107; x_wconf 90' lang='lat' dir='ltr'>che</span> <span class='ocrx_word' id='word_1_278' title='bbox 1726 2064 1881 2108; x_wconf 89' lang='lat' dir='ltr'>uiene.</span> 
     </span>
     <span class='ocr_line' id='line_1_25' title="bbox 343 2139 1887 2201; baseline -0.003 -12"><span class='ocrx_word' id='word_1_279' title='bbox 343 2146 431 2189; x_wconf 89' lang='lat' dir='ltr'>Del</span> <span class='ocrx_word' id='word_1_280' title='bbox 451 2157 693 2201; x_wconf 88' lang='lat' dir='ltr'>progresso</span> <span class='ocrx_word' id='word_1_281' title='bbox 715 2142 833 2184; x_wconf 89' lang='lat' dir='ltr'>della</span> <span class='ocrx_word' id='word_1_282' title='bbox 854 2140 989 2184; x_wconf 90' lang='lat' dir='ltr'>uisita</span> <span class='ocrx_word' id='word_1_283' title='bbox 1006 2141 1065 2182; x_wconf 92' lang='lat' dir='ltr'>ho</span> <span class='ocrx_word' id='word_1_284' title='bbox 1084 2139 1203 2183; x_wconf 89' lang='lat' dir='ltr'>uisto</span> <span class='ocrx_word' id='word_1_285' title='bbox 1220 2140 1326 2196; x_wconf 90' lang='lat' dir='ltr'>quel</span> <span class='ocrx_word' id='word_1_286' title='bbox 1341 2141 1427 2183; x_wconf 86' lang='lat' dir='ltr'>che</span> <span class='ocrx_word' id='word_1_287' title='bbox 1443 2155 1586 2196; x_wconf 88' lang='lat' dir='ltr'>pensa</span> <span class='ocrx_word' id='word_1_288' title='bbox 1610 2141 1703 2184; x_wconf 87' lang='lat' dir='ltr'>fare</span> <span class='ocrx_word' id='word_1_289' title='bbox 1725 2142 1782 2184; x_wconf 92' lang='lat' dir='ltr'>V.</span> <span class='ocrx_word' id='word_1_290' title='bbox 1809 2143 1887 2195; x_wconf 87' lang='lat' dir='ltr'>R.,</span> 
     </span>
     <span class='ocr_line' id='line_1_26' title="bbox 255 2215 1889 2279; baseline -0.003 -13"><span class='ocrx_word' id='word_1_291' title='bbox 255 2230 302 2267; x_wconf 92' lang='lat' dir='ltr'>et</span> <span class='ocrx_word' id='word_1_292' title='bbox 322 2221 398 2279; x_wconf 79' lang='lat' dir='ltr'>gia</span> <span class='ocrx_word' id='word_1_293' title='bbox 420 2219 567 2277; x_wconf 89' lang='lat' dir='ltr'>questi</span> <span class='ocrx_word' id='word_1_294' title='bbox 588 2220 633 2262; x_wconf 88' lang='lat' dir='ltr'>di</span> <span class='ocrx_word' id='word_1_295' title='bbox 654 2221 714 2262; x_wconf 96' lang='lat' dir='ltr'>ho</span> <span class='ocrx_word' id='word_1_296' title='bbox 746 2218 904 2261; x_wconf 87' lang='lat' dir='ltr'>scritto</span> <span class='ocrx_word' id='word_1_297' title='bbox 937 2215 999 2259; x_wconf 90' lang='lat' dir='ltr'>mi</span> <span class='ocrx_word' id='word_1_298' title='bbox 1030 2216 1273 2261; x_wconf 91' lang='lat' dir='ltr'>rimetteua</span> <span class='ocrx_word' id='word_1_299' title='bbox 1304 2217 1348 2260; x_wconf 89' lang='lat' dir='ltr'>al</span> <span class='ocrx_word' id='word_1_300' title='bbox 1379 2231 1462 2260; x_wconf 93' lang='lat' dir='ltr'>suo</span> <span class='ocrx_word' id='word_1_301' title='bbox 1494 2217 1690 2274; x_wconf 88' lang='lat' dir='ltr'>giuditio</span> <span class='ocrx_word' id='word_1_302' title='bbox 1721 2217 1889 2262; x_wconf 89' lang='lat' dir='ltr'>libera—</span> 
     </span>
     <span class='ocr_line' id='line_1_27' title="bbox 258 2293 1887 2352; baseline -0.004 -8"><span class='ocrx_word' id='word_1_303' title='bbox 258 2306 424 2352; x_wconf 88' lang='lat' dir='ltr'>mente,</span> <span class='ocrx_word' id='word_1_304' title='bbox 458 2305 504 2342; x_wconf 92' lang='lat' dir='ltr'>et</span> <span class='ocrx_word' id='word_1_305' title='bbox 525 2296 585 2340; x_wconf 90' lang='lat' dir='ltr'>mi</span> <span class='ocrx_word' id='word_1_306' title='bbox 618 2298 775 2352; x_wconf 81' lang='lat' dir='ltr'>parera</span> <span class='ocrx_word' id='word_1_307' title='bbox 805 2295 947 2338; x_wconf 88' lang='lat' dir='ltr'>molto</span> <span class='ocrx_word' id='word_1_308' title='bbox 977 2294 1095 2338; x_wconf 89' lang='lat' dir='ltr'>bene</span> <span class='ocrx_word' id='word_1_309' title='bbox 1125 2293 1231 2349; x_wconf 84' lang='lat' dir='ltr'>quel</span> <span class='ocrx_word' id='word_1_310' title='bbox 1262 2295 1347 2338; x_wconf 89' lang='lat' dir='ltr'>che</span> <span class='ocrx_word' id='word_1_311' title='bbox 1378 2295 1490 2348; x_wconf 80' lang='lat' dir='ltr'>fara3</span> <span class='ocrx_word' id='word_1_312' title='bbox 1525 2296 1698 2351; x_wconf 75' lang='lat' dir='ltr'>purche</span> <span class='ocrx_word' id='word_1_313' title='bbox 1729 2295 1887 2352; x_wconf 84' lang='lat' dir='ltr'>tenghi</span> 
     </span>
     <span class='ocr_line' id='line_1_28' title="bbox 257 2369 1888 2428; baseline -0.004 -6"><span class='ocrx_word' id='word_1_314' title='bbox 257 2384 393 2422; x_wconf 90' lang='lat' dir='ltr'>conto</span> <span class='ocrx_word' id='word_1_315' title='bbox 413 2391 500 2420; x_wconf 91' lang='lat' dir='ltr'>con</span> <span class='ocrx_word' id='word_1_316' title='bbox 521 2376 564 2418; x_wconf 89' lang='lat' dir='ltr'>la</span> <span class='ocrx_word' id='word_1_317' title='bbox 585 2373 731 2418; x_wconf 78' lang='lat' dir='ltr'>sanita</span> <span class='ocrx_word' id='word_1_318' title='bbox 752 2387 848 2416; x_wconf 89' lang='lat' dir='ltr'>sua.</span> <span class='ocrx_word' id='word_1_319' title='bbox 881 2373 957 2415; x_wconf 95' lang='lat' dir='ltr'>Ho</span> <span class='ocrx_word' id='word_1_320' title='bbox 984 2369 1256 2415; x_wconf 84' lang='lat' dir='ltr'>similmente</span> <span class='ocrx_word' id='word_1_321' title='bbox 1277 2370 1466 2415; x_wconf 88' lang='lat' dir='ltr'>rimesso</span> <span class='ocrx_word' id='word_1_322' title='bbox 1497 2372 1540 2415; x_wconf 90' lang='lat' dir='ltr'>al</span> <span class='ocrx_word' id='word_1_323' title='bbox 1571 2385 1655 2415; x_wconf 93' lang='lat' dir='ltr'>suo</span> <span class='ocrx_word' id='word_1_324' title='bbox 1684 2386 1815 2428; x_wconf 91' lang='lat' dir='ltr'>parer</span> <span class='ocrx_word' id='word_1_325' title='bbox 1845 2372 1888 2415; x_wconf 93' lang='grc'>13</span> 
     </span>
     <span class='ocr_line' id='line_1_29' title="bbox 258 2447 1890 2506; baseline -0.004 -6"><span class='ocrx_word' id='word_1_326' title='bbox 258 2454 557 2500; x_wconf 88' lang='lat' dir='ltr'>accettatione</span> <span class='ocrx_word' id='word_1_327' title='bbox 579 2452 651 2495; x_wconf 88' lang='lat' dir='ltr'>del</span> <span class='ocrx_word' id='word_1_328' title='bbox 672 2449 864 2506; x_wconf 86' lang='lat' dir='ltr'>collegio</span> <span class='ocrx_word' id='word_1_329' title='bbox 880 2448 926 2491; x_wconf 93' lang='lat' dir='ltr'>di</span> <span class='ocrx_word' id='word_1_330' title='bbox 943 2449 1152 2492; x_wconf 87' lang='lat' dir='ltr'>Trebona</span> <span class='ocrx_word' id='word_1_331' title='bbox 1167 2454 1213 2491; x_wconf 92' lang='lat' dir='ltr'>et</span> <span class='ocrx_word' id='word_1_332' title='bbox 1228 2447 1303 2491; x_wconf 89' lang='lat' dir='ltr'>del</span> <span class='ocrx_word' id='word_1_333' title='bbox 1316 2448 1418 2492; x_wconf 94' lang='lat' dir='ltr'>loco</span> <span class='ocrx_word' id='word_1_334' title='bbox 1436 2448 1482 2492; x_wconf 90' lang='lat' dir='ltr'>di</span> <span class='ocrx_word' id='word_1_335' title='bbox 1505 2450 1745 2493; x_wconf 90' lang='lat' dir='ltr'>Casanoua</span> <span class='ocrx_word' id='word_1_336' title='bbox 1760 2463 1890 2493; x_wconf 88' lang='lat' dir='ltr'>come</span> 
     </span>
     <span class='ocr_line' id='line_1_30' title="bbox 257 2525 1887 2584; baseline -0.006 -6"><span class='ocrx_word' id='word_1_337' title='bbox 257 2533 459 2578; x_wconf 90' lang='lat' dir='ltr'>membro</span> <span class='ocrx_word' id='word_1_338' title='bbox 481 2530 526 2574; x_wconf 91' lang='lat' dir='ltr'>di</span> <span class='ocrx_word' id='word_1_339' title='bbox 548 2543 664 2580; x_wconf 89' lang='lat' dir='ltr'>esso,</span> <span class='ocrx_word' id='word_1_340' title='bbox 690 2526 980 2584; x_wconf 89' lang='lat' dir='ltr'>approbando</span> <span class='ocrx_word' id='word_1_341' title='bbox 1003 2525 1107 2582; x_wconf 90' lang='lat' dir='ltr'>quel</span> <span class='ocrx_word' id='word_1_342' title='bbox 1129 2526 1214 2569; x_wconf 92' lang='lat' dir='ltr'>che</span> <span class='ocrx_word' id='word_1_343' title='bbox 1235 2525 1273 2568; x_wconf 83' lang='lat' dir='ltr'>s’</span> <span class='ocrx_word' id='word_1_344' title='bbox 1297 2540 1374 2570; x_wconf 89' lang='lat' dir='ltr'>era</span> <span class='ocrx_word' id='word_1_345' title='bbox 1404 2527 1518 2569; x_wconf 90' lang='lat' dir='ltr'>fatto</span> <span class='ocrx_word' id='word_1_346' title='bbox 1539 2527 1683 2570; x_wconf 89' lang='lat' dir='ltr'>anche</span> <span class='ocrx_word' id='word_1_347' title='bbox 1704 2525 1751 2567; x_wconf 91' lang='lat' dir='ltr'>in</span> <span class='ocrx_word' id='word_1_348' title='bbox 1773 2526 1887 2569; x_wconf 91' lang='lat' dir='ltr'>Olo-</span> 
     </span>
     <span class='ocr_line' id='line_1_31' title="bbox 255 2600 1887 2663; baseline -0.004 -9"><span class='ocrx_word' id='word_1_349' title='bbox 255 2609 416 2653; x_wconf 90' lang='lat' dir='ltr'>mutio.</span> <span class='ocrx_word' id='word_1_350' title='bbox 438 2609 495 2651; x_wconf 91' lang='lat' dir='ltr'>Et</span> <span class='ocrx_word' id='word_1_351' title='bbox 511 2621 590 2663; x_wconf 91' lang='lat' dir='ltr'>per</span> <span class='ocrx_word' id='word_1_352' title='bbox 607 2605 767 2649; x_wconf 86' lang='lat' dir='ltr'>adesso</span> <span class='ocrx_word' id='word_1_353' title='bbox 784 2603 964 2646; x_wconf 81' lang='lat' dir='ltr'>bastara</span> <span class='ocrx_word' id='word_1_354' title='bbox 980 2609 1143 2657; x_wconf 89' lang='lat' dir='ltr'>questo</span> <span class='ocrx_word' id='word_1_355' title='bbox 1160 2600 1307 2656; x_wconf 88' lang='lat' dir='ltr'>auiso,</span> <span class='ocrx_word' id='word_1_356' title='bbox 1321 2602 1447 2646; x_wconf 81' lang='lat' dir='ltr'>accio</span> <span class='ocrx_word' id='word_1_357' title='bbox 1462 2618 1554 2646; x_wconf 93' lang='lat' dir='ltr'>non</span> <span class='ocrx_word' id='word_1_358' title='bbox 1570 2601 1737 2645; x_wconf 90' lang='lat' dir='ltr'>habbia</span> <span class='ocrx_word' id='word_1_359' title='bbox 1754 2603 1811 2646; x_wconf 93' lang='lat' dir='ltr'>V.</span> <span class='ocrx_word' id='word_1_360' title='bbox 1832 2603 1887 2647; x_wconf 91' lang='lat' dir='ltr'>R.</span> 
     </span>
     <span class='ocr_line' id='line_1_32' title="bbox 252 2668 1889 2742; baseline -0.005 -11"><span class='ocrx_word' id='word_1_361' title='bbox 252 2703 279 2731; x_wconf 92' lang='lat' dir='ltr'>a</span> <span class='ocrx_word' id='word_1_362' title='bbox 301 2685 517 2742; x_wconf 88' lang='lat' dir='ltr'>replicare</span> <span class='ocrx_word' id='word_1_363' title='bbox 537 2685 581 2728; x_wconf 90' lang='lat' dir='ltr'>le</span> <span class='ocrx_word' id='word_1_364' title='bbox 601 2697 707 2727; x_wconf 91' lang='lat' dir='ltr'>cose</span> <span class='ocrx_word' id='word_1_365' title='bbox 727 2680 899 2725; x_wconf 88' lang='lat' dir='ltr'>scritte.</span> <span class='ocrx_word' id='word_1_366' title='bbox 925 2679 1055 2723; x_wconf 86' lang='lat' dir='ltr'>Nelle</span> <span class='ocrx_word' id='word_1_367' title='bbox 1088 2668 1280 2722; x_wconf 91' lang='lat' dir='ltr'>orationi</span> <span class='ocrx_word' id='word_1_368' title='bbox 1311 2685 1358 2724; x_wconf 90' lang='lat' dir='ltr'>et</span> <span class='ocrx_word' id='word_1_369' title='bbox 1389 2679 1595 2735; x_wconf 88' lang='lat' dir='ltr'>sacrificij</span> <span class='ocrx_word' id='word_1_370' title='bbox 1627 2678 1726 2722; x_wconf 88' lang='lat' dir='ltr'>suoi</span> <span class='ocrx_word' id='word_1_371' title='bbox 1749 2679 1889 2723; x_wconf 88' lang='lat' dir='ltr'>molto</span> 
     </span>
    </p>

    <p class='ocr_par' dir='ltr' id='par_1_4' title="bbox 252 2755 1816 2814">
     <span class='ocr_line' id='line_1_33' title="bbox 252 2755 1816 2814; baseline -0.005 -8"><span class='ocrx_word' id='word_1_372' title='bbox 252 2766 302 2807; x_wconf 82' lang='lat' dir='ltr'>in</span> <span class='ocrx_word' id='word_1_373' title='bbox 318 2763 517 2806; x_wconf 84' lang='lat' dir='ltr'>Domino</span> <span class='ocrx_word' id='word_1_374' title='bbox 537 2760 600 2803; x_wconf 92' lang='lat' dir='ltr'>mi</span> <span class='ocrx_word' id='word_1_375' title='bbox 621 2757 937 2803; x_wconf 87' lang='lat' dir='ltr'>raccomando.</span> <span class='ocrx_word' id='word_1_376' title='bbox 963 2755 1022 2799; x_wconf 94' lang='lat' dir='ltr'>Di</span> <span class='ocrx_word' id='word_1_377' title='bbox 1044 2757 1203 2808; x_wconf 86' lang='lat' dir='ltr'>Roma,</span> <span class='ocrx_word' id='word_1_378' title='bbox 1228 2755 1260 2798; x_wconf 90' lang='lat' dir='ltr'>li</span> <span class='ocrx_word' id='word_1_379' title='bbox 1280 2771 1309 2814; x_wconf 91' lang='lat'>9</span> <span class='ocrx_word' id='word_1_380' title='bbox 1330 2756 1375 2800; x_wconf 92' lang='lat' dir='ltr'>di</span> <span class='ocrx_word' id='word_1_381' title='bbox 1396 2757 1658 2801; x_wconf 91' lang='lat' dir='ltr'>Nouembre</span> <span class='ocrx_word' id='word_1_382' title='bbox 1687 2756 1816 2810; x_wconf 86' lang='lat'>1566.</span> 
     </span>
    </p>
   </div>
   <div class='ocr_carea' id='block_1_3' title="bbox 255 2857 535 2864">
    <p class='ocr_par' dir='ltr' id='par_1_5' title="bbox 255 2857 535 2864">
     <span class='ocr_line' id='line_1_34' title="bbox 255 2857 535 2864; baseline 0 684"><span class='ocrx_word' id='word_1_383' title='bbox 255 2857 535 2864; x_wconf 95' lang='lat' dir='ltr'> </span> 
     </span>
    </p>
   </div>
   <div class='ocr_carea' id='block_1_4' title="bbox 0 1847 25 2958">
    <p class='ocr_par' dir='ltr' id='par_1_6' title="bbox 0 1847 25 2958">
     <span class='ocr_line' id='line_1_35' title="bbox 0 1847 25 2958; baseline 0 0"><span class='ocrx_word' id='word_1_384' title='bbox 0 1847 25 2958; x_wconf 95' lang='lat' dir='ltr'> </span> 
     </span>
    </p>
   </div>
   <div class='ocr_carea' id='block_1_5' title="bbox 0 2897 1886 3181">
    <p class='ocr_par' dir='ltr' id='par_1_7' title="bbox 0 2897 1886 3132">
     <span class='ocr_line' id='line_1_36' title="bbox 250 2897 1886 2954; baseline -0.004 -12"><span class='ocrx_word' id='word_1_385' title='bbox 250 2906 332 2954; x_wconf 86' lang='lat' dir='ltr'>pria</span> <span class='ocrx_word' id='word_1_386' title='bbox 350 2916 465 2940; x_wconf 88' lang='lat' dir='ltr'>manu</span> <span class='ocrx_word' id='word_1_387' title='bbox 483 2903 631 2939; x_wconf 88' lang='lat' dir='ltr'>addidit</span> <span class='ocrx_word' id='word_1_388' title='bbox 646 2901 802 2948; x_wconf 87' lang='lat' dir='ltr'>Borgia,</span> <span class='ocrx_word' id='word_1_389' title='bbox 824 2900 863 2936; x_wconf 92' lang='lat' dir='ltr'>in</span> <span class='ocrx_word' id='word_1_390' title='bbox 886 2898 985 2936; x_wconf 85' lang='lat' dir='ltr'>Cod.</span> <span class='ocrx_word' id='word_1_391' title='bbox 1012 2909 1074 2945; x_wconf 81' lang='lat'>34,</span> <span class='ocrx_word' id='word_1_392' title='bbox 1093 2898 1239 2946; x_wconf 88' lang='lat' dir='ltr'>duplici</span> <span class='ocrx_word' id='word_1_393' title='bbox 1255 2897 1348 2943; x_wconf 64' lang='lat' dir='ltr'>fol„</span> <span class='ocrx_word' id='word_1_394' title='bbox 1371 2898 1437 2935; x_wconf 91' lang='lat'>188</span> <span class='ocrx_word' id='word_1_395' title='bbox 1455 2899 1548 2944; x_wconf 87' lang='lat'>(76).</span> <span class='ocrx_word' id='word_1_396' title='bbox 1573 2898 1739 2934; x_wconf 87' lang='lat' dir='ltr'>Corrosa</span> <span class='ocrx_word' id='word_1_397' title='bbox 1755 2903 1816 2934; x_wconf 89' lang='lat' dir='ltr'>est</span> <span class='ocrx_word' id='word_1_398' title='bbox 1834 2900 1886 2935; x_wconf 90' lang='lat' dir='ltr'>ab</span> 
     </span>
     <span class='ocr_line' id='line_1_37' title="bbox 0 2957 1885 3016; baseline -0.005 -13"><span class='ocrx_word' id='word_1_399' title='bbox 0 2959 8 3016; x_wconf 68' lang='grc' dir='ltr'>ζ</span> <span class='ocrx_word' id='word_1_400' title='bbox 251 2970 467 3002; x_wconf 80' lang='lat' dir='ltr'>atramento</span> <span class='ocrx_word' id='word_1_401' title='bbox 484 2964 631 3007; x_wconf 82' lang='lat' dir='ltr'>charta,</span> <span class='ocrx_word' id='word_1_402' title='bbox 651 2962 705 2998; x_wconf 91' lang='lat' dir='ltr'>ita</span> <span class='ocrx_word' id='word_1_403' title='bbox 722 2967 852 2997; x_wconf 86' lang='lat' dir='ltr'>tamen</span> <span class='ocrx_word' id='word_1_404' title='bbox 872 2964 915 2995; x_wconf 90' lang='lat' dir='ltr'>ut</span> <span class='ocrx_word' id='word_1_405' title='bbox 936 2959 1016 3005; x_wconf 85' lang='lat' dir='ltr'>legi</span> <span class='ocrx_word' id='word_1_406' title='bbox 1039 2957 1243 2994; x_wconf 83' lang='lat' dir='ltr'>commode</span> <span class='ocrx_word' id='word_1_407' title='bbox 1265 2959 1423 2994; x_wconf 89' lang='lat' dir='ltr'>valeant</span> <span class='ocrx_word' id='word_1_408' title='bbox 1448 2958 1591 3004; x_wconf 86' lang='lat' dir='ltr'>omnia,</span> <span class='ocrx_word' id='word_1_409' title='bbox 1617 2969 1716 3004; x_wconf 89' lang='lat' dir='ltr'>quae</span> <span class='ocrx_word' id='word_1_410' title='bbox 1740 2958 1885 3005; x_wconf 68' lang='lat' dir='ltr'>scripta</span> 
     </span>
     <span class='ocr_line' id='line_1_38' title="bbox 252 3016 1886 3071; baseline -0.004 -10"><span class='ocrx_word' id='word_1_411' title='bbox 252 3030 356 3062; x_wconf 87' lang='lat' dir='ltr'>sunt.</span> <span class='ocrx_word' id='word_1_412' title='bbox 376 3023 419 3059; x_wconf 89' lang='lat' dir='ltr'>Si</span> <span class='ocrx_word' id='word_1_413' title='bbox 434 3022 539 3071; x_wconf 88' lang='lat' dir='ltr'>quod</span> <span class='ocrx_word' id='word_1_414' title='bbox 557 3027 687 3058; x_wconf 89' lang='lat' dir='ltr'>autem</span> <span class='ocrx_word' id='word_1_415' title='bbox 705 3021 869 3056; x_wconf 82' lang='lat' dir='ltr'>verbum</span> <span class='ocrx_word' id='word_1_416' title='bbox 886 3018 1144 3063; x_wconf 84' lang='lat' dir='ltr'>desideratur,</span> <span class='ocrx_word' id='word_1_417' title='bbox 1159 3017 1255 3053; x_wconf 86' lang='lat' dir='ltr'>illud</span> <span class='ocrx_word' id='word_1_418' title='bbox 1272 3017 1374 3053; x_wconf 88' lang='lat' dir='ltr'>intra</span> <span class='ocrx_word' id='word_1_419' title='bbox 1389 3017 1553 3053; x_wconf 90' lang='lat' dir='ltr'>uncinos</span> <span class='ocrx_word' id='word_1_420' title='bbox 1571 3016 1777 3064; x_wconf 85' lang='lat' dir='ltr'>quadratos</span> <span class='ocrx_word' id='word_1_421' title='bbox 1795 3029 1886 3065; x_wconf 86' lang='lat' dir='ltr'>sup·</span> 
     </span>
     <span class='ocr_line' id='line_1_39' title="bbox 254 3074 1446 3132; baseline -0.008 -11"><span class='ocrx_word' id='word_1_422' title='bbox 254 3084 460 3132; x_wconf 89' lang='lat' dir='ltr'>plevimus.</span> <span class='ocrx_word' id='word_1_423' title='bbox 479 3081 580 3118; x_wconf 90' lang='lat' dir='ltr'>Vide</span> <span class='ocrx_word' id='word_1_424' title='bbox 599 3081 719 3128; x_wconf 89' lang='lat' dir='ltr'>epist.</span> <span class='ocrx_word' id='word_1_425' title='bbox 742 3079 916 3125; x_wconf 86' lang='lat'>435-440,</span> <span class='ocrx_word' id='word_1_426' title='bbox 934 3074 1075 3126; x_wconf 85' lang='lat' dir='ltr'>quibus</span> <span class='ocrx_word' id='word_1_427' title='bbox 1092 3077 1156 3113; x_wconf 91' lang='lat' dir='ltr'>hic</span> <span class='ocrx_word' id='word_1_428' title='bbox 1173 3076 1446 3124; x_wconf 81' lang='lat' dir='ltr'>respondetur.</span> 
     </span>
    </p>

    <p class='ocr_par' dir='ltr' id='par_1_8' title="bbox 0 3140 1699 3181">
     <span class='ocr_line' id='line_1_40' title="bbox 0 3140 1699 3181; baseline -0.009 -1"><span class='ocrx_word' id='word_1_429' title='bbox 0 3149 4 3175; x_wconf 72' lang='grc' dir='ltr'>Ι</span> <span class='ocrx_word' id='word_1_430' title='bbox 81 3155 86 3160; x_wconf 94' lang='grc'>’</span> <span class='ocrx_word' id='word_1_431' title='bbox 426 3148 544 3177; x_wconf 69' lang='lat' dir='ltr'>Ensr.</span> <span class='ocrx_word' id='word_1_432' title='bbox 565 3146 605 3176; x_wconf 91' lang='lat' dir='ltr'>P.</span> <span class='ocrx_word' id='word_1_433' title='bbox 626 3146 757 3181; x_wconf 78' lang='grc' dir='ltr'>ΝΑυΑι,</span> <span class='ocrx_word' id='word_1_434' title='bbox 778 3151 854 3173; x_wconf 73' lang='grc' dir='ltr'>τοι.</span> <span class='ocrx_word' id='word_1_435' title='bbox 874 3142 934 3172; x_wconf 82' lang='lat'>111.</span> <span class='ocrx_word' id='word_1_436' title='bbox 1664 3140 1699 3169; x_wconf 87' lang='lat'>19</span> 
     </span>
    </p>
   </div>
  </div>
 </body>
</html>
