2228 3548
391 283 439 320 90
907 271 1045 306 Eprsr.
1073 268 1117 304 P.
1144 265 1417 313 Nimia—384

427 375 685 426 Caeterum,
713 380 762 416 ut
791 369 1001 416 catholici
1024 376 1170 414 status
1191 367 1239 411 in
1260 370 1350 412 hoc
1370 367 1557 426 negotio
1585 368 1755 413 rectius
1780 368 1979 413 instrua—

337 458 425 503 tur,
450 450 562 493 illud
583 450 719 495 etiam
742 456 879 505 atque
900 448 1037 492 etiam
1059 444 1295 491 catholicis
1322 445 1485 502 ijsdem
1507 438 1826 490 inculcandum
1847 445 1977 492 vide—

340 535 435 580 tur,
477 534 679 570 sanctam
721 526 875 570 sedem
913 523 1204 581 apostolicam
1244 523 1360 568 ferre
1398 522 1582 578 quidem
1618 523 1822 567 dolenter
1857 525 1975 568 hanc

337 603 661 647 catholicorum
693 603 740 646 in
773 600 1019 647 Germania
1056 599 1266 643 iniuriam
1299 606 1346 645 et
1376 599 1709 653 necessitatem,
1745 607 1796 644 ut
1816 600 1893 656 qui
1915 601 1975 644 ob

338 680 548 737 vigentes
569 692 692 723 nunc
713 681 926 723 haereses
943 676 1239 733 exequutioni
1255 676 1367 720 iuris
1387 677 1446 720 ad
1462 683 1642 733 tempus
1658 677 1836 732 cedere,
1856 677 1975 721 mul—

339 764 474 812 taque
495 772 521 800 a
542 756 747 813 sectarijs
769 755 959 812 indigna
977 756 1095 799 ferre
1110 760 1352 811 cogantur,
1377 754 1523 797 donec
1538 752 1749 797 nimirum
1766 753 1977 798 Christus

332 835 468 891 Jesus
489 833 667 876 illorum
688 833 809 876 vires
832 839 1017 889 augeat,
1043 831 1209 887 quibus
1225 830 1298 874 ius
1313 844 1447 874 suum
1464 845 1545 887 pro
1561 829 1784 887 dignitate
1805 830 1978 888 possint

338 910 563 967 persequi3
588 924 673 954 nec
697 917 849 955 tamen
871 909 1043 953 idcirco
1068 909 1126 953 ab
1157 909 1316 953 eadem
1347 922 1534 952 romana
1560 907 1751 952 ecclesia
1778 907 1975 965 probari,

339 987 554 1044 quicquid
586 987 633 1031 in
664 987 735 1031 his
767 987 1023 1032 recessibus
1054 994 1206 1031 actum
1238 993 1328 1039 est,
1354 999 1438 1030 nec
1466 999 1623 1042 pacem
1653 986 1772 1028 hanc
1797 984 1979 1042 publice

338 1063 630 1108 constitutam
653 1066 840 1110 laudari.
869 1065 1097 1111 Permittit
1119 1064 1299 1109 interim
1321 1077 1406 1109 nec
1428 1062 1638 1120 impedit,
1662 1077 1745 1120 pro
1773 1069 1978 1108 materna

337 1155 419 1184 sua
440 1141 487 1184 in
510 1141 625 1186 filios
642 1142 943 1199 indulgentia,
965 1142 1087 1199 quod
1103 1140 1330 1199 principes
1345 1139 1557 1184 catholici
1573 1139 1834 1183 huiusmodi
1851 1139 1978 1196 pacis

336 1217 617 1263 conditiones
659 1219 921 1275 admittant,
966 1219 1262 1272 confirment,
1301 1224 1347 1261 et
1384 1218 1654 1270 obseruent,
1694 1217 1876 1274 quando
1912 1216 1976 1260 illi

340 1296 475 1339 rebus
492 1296 765 1342 Germaniae
782 1304 873 1340 tam
892 1296 1086 1350 afflictis,
1103 1303 1149 1341 et
1165 1295 1393 1353 praesenti
1409 1294 1685 1348 necessitati,
1699 1296 1786 1338 hac
1802 1293 1976 1339 ratione

339 1373 667 1417 consulendum
689 1387 788 1418 esse
809 1374 1100 1418 arbitrantur.

431 1450 683 1503 Postremo,
708 1464 858 1506 neque
879 1464 983 1494 cum
1005 1449 1140 1494 dictis
1160 1448 1457 1507 principibus,
1483 1462 1633 1505 neque
1654 1462 1760 1492 cum
1781 1449 1839 1493 N.
1871 1449 1901 1502 ¹,
1926 1447 1974 1492 in

339 1526 426 1568 hac
447 1539 583 1569 causa
604 1526 762 1571 durius
783 1527 964 1571 videtur
985 1527 1232 1584 agendum,
1256 1527 1402 1570 donec
1423 1525 1736 1570 sanctissimus
1764 1524 1978 1570 dominus

340 1609 493 1646 noster
513 1602 657 1659 primo
679 1618 861 1660 quoque
884 1614 1087 1660 tempore
1108 1605 1388 1657 consulatur;
1414 1617 1560 1659 eoque
1578 1602 1772 1648 maxime
1788 1602 1977 1648 consilia

339 1678 591 1735 dirigenda,
613 1687 663 1723 ut
680 1681 858 1725 interim
890 1682 1038 1725 272v
1065 1680 1296 1724 tridentini
1318 1679 1493 1736 concilij
1512 1679 1789 1725 mentionem
1805 1686 1852 1724 et
1867 1695 1977 1737 pro-

339 1755 578 1801 fessionem
600 1756 646 1800 in
668 1757 765 1814 ipso
789 1771 973 1803 recessu
994 1758 1163 1802 diserte
1183 1757 1247 1800 illi
1274 1757 1582 1814 interponant,
1608 1755 1726 1800 sicut
1747 1763 1818 1801 est
1839 1770 1976 1814 supra

339 1831 525 1887 dictum;
546 1841 640 1884 aut,
660 1834 699 1878 si
714 1835 801 1878 hoc
820 1835 936 1880 forte
959 1842 1157 1891 nequeat
1178 1833 1387 1887 obtineri,
1409 1833 1628 1890 utijdem,
1652 1833 1698 1876 in
1720 1847 1974 1891 congrega·

340 1908 460 1952 tione
482 1910 750 1967 principum,
771 1913 856 1955 hac
878 1911 975 1968 ipsa
996 1913 1054 1957 de
1075 1926 1124 1957 re
1141 1919 1338 1956 mentem
1357 1925 1486 1956 suam
1503 1911 1750 1965 declarent,
1770 1910 1972 1967 publice-

339 1998 425 2040 que
448 1993 684 2032 testentur.
709 1989 847 2044 Quod
868 2003 1025 2033 eorum
1046 1989 1372 2042 testimonium,
1397 1988 1446 2032 in
1467 1995 1570 2032 acta
1591 1987 1764 2041 referri,
1785 1994 1831 2032 et
1853 1988 1972 2046 apud

339 2069 543 2118 posteros
565 2065 718 2109 ualere
739 2065 904 2121 poterit
925 2066 1184 2123 aliquando,
1210 2066 1392 2111 Christo
1414 2065 1674 2109 auxiliante.

426 2140 554 2183 Haec
582 2155 609 2184 a
636 2141 767 2185 nobis
793 2141 913 2185 dicta
940 2143 1052 2196 sint,
1086 2150 1132 2188 et
1169 2142 1374 2188 subiecta
1411 2147 1689 2195 reuerenter,
1725 2142 1776 2187 S.
1805 2141 1975 2185 domini

338 2216 479 2258 nostri
507 2223 552 2259 et
582 2218 631 2262 S,
662 2217 795 2262 Sedis
821 2220 1115 2276 apostolicae,
1147 2219 1442 2276 omniumque
1473 2219 1641 2264 rectius
1662 2217 1971 2272 sentientium,

338 2290 522 2337 iudicio.
793 2296 796 2300 ’

336 2368 666 2415 H1ER0NYMUS
683 2372 916 2416 NATALIS.
955 2375 1153 2419 PETRUS
1189 2375 1440 2438 CAN1sms.
1470 2374 1683 2432 JAcoBUS
1719 2374 1966 2418 LEDESMA.

426 2493 590 2537 zur.
1124 2499 1168 2541 Β

1073 2583 1206 2639 Jhus.

398 2677 757 2710 RESPONSIONES
781 2681 967 2712 BREUES
998 2683 1108 2714 SINE
1136 2683 1450 2715 ARGUMENTIS
1482 2683 1545 2714 AD
1575 2682 1911 2721 QUAESTIONES

848 2758 1060 2797 ALIQUOT
1085 2759 1460 2799 SUBSEQUENTES

967 2842 1095 2870 PRIMA
1122 2842 1334 2877 QUAESTIO

426 2904 517 2958 An,
549 2919 629 2961 per
662 2904 1053 2955 confirmationem
1082 2925 1290 2957 recessus
1332 2909 1439 2955 anni
1482 2921 1610 2967 1555,
1641 2911 1688 2955 in
1726 2910 1972 2956 uniuersali

408 3067 420 3088 ¹
470 3068 553 3104 Hac
571 3069 700 3106 littera
718 3071 793 3118 N.‚
811 3072 873 3108 hie
892 3079 932 3109 et
950 3074 1062 3123 infra,
1080 3087 1279 3113 caesarem
1297 3076 1459 3113 indicari
1476 3076 1764 3113 existimamus.
