2228 3548
913 283 928 310 1
957 276 1072 323 Jmm
1100 275 1190 322 1568
1753 273 1825 311 603

228 378 405 422 altroue
424 375 602 422 sarebb’
624 384 882 434 opportuna
902 378 947 421 la
975 377 1126 432 uisita‚
1156 392 1238 435 per
1258 379 1411 440 quello
1433 377 1506 422 ch'
1529 379 1560 421 il
1581 385 1751 423 rettore
1772 384 1819 421 et
1840 376 1871 420 li

230 454 468 512 principali
488 454 657 498 dottori
678 455 725 498 di
747 455 948 512 teologia
970 455 1012 499 ci
1033 455 1189 500 hanno
1209 455 1435 500 auuisato.

323 544 365 587 3.
430 532 599 588 Quello
619 533 707 576 che
730 532 779 575 fu
806 531 965 576 scritto
995 548 1021 577 a
1042 534 1101 577 V.
1127 534 1182 577 R.
1214 534 1287 578 del
1316 533 1510 578 trouarsi
1538 533 1584 576 in
1616 534 1760 577 Roma
1791 546 1870 589 per

231 616 351 653 tutto
373 610 647 662 Settembre,
672 610 855 665 quando
872 609 948 653 chi
970 609 1008 653 si
1030 624 1407 668 congregaranno
1422 609 1438 653 i
1453 608 1738 668 procuratori
1755 609 1875 653 delle

230 686 474 744 prouintie,
498 689 535 730 s'
555 687 758 741 intende,
782 701 831 731 se
848 688 1154 732 buonamente
1175 687 1214 732 si
1230 695 1411 745 potesse
1427 687 1539 742 fare,
1559 687 1776 732 hauendo
1800 685 1871 729 ui-

230 764 364 809 sitato
384 764 428 810 le
449 763 677 821 prouintie
697 765 741 807 d’
760 764 1010 820 Aquitania
1029 772 1076 809 et
1097 765 1142 809 di
1164 764 1371 809 Francia.
1397 767 1475 810 Ma
1497 764 1535 808 si
1558 771 1721 820 questa
1743 778 1870 807 com-

228 841 399 886 modita
420 856 515 885 non
538 842 655 894 sara,
680 856 772 885 non
794 842 1011 886 accadera
1030 843 1119 885 che
1140 843 1197 886 V.
1220 844 1274 886 R.
1300 856 1394 886 non
1414 841 1453 885 si
1474 841 1586 899 pigli
1607 840 1687 898 piu
1709 847 1871 897 questa

229 918 533 963 solicitudine.
565 919 599 962 Il
633 927 899 976 procurator
930 920 1018 964 che
1044 918 1083 963 si
1110 920 1134 963 ὲ
1163 921 1302 965 eletto
1330 919 1432 976 qui,
1464 920 1488 963 ὲ
1516 919 1547 962 11
1579 921 1632 963 P.
1669 918 1871 962 Ribade-

227 1010 369 1053 neyra
393 996 428 1040 ¹.

317 1085 361 1127 4.
426 1072 561 1116 Circa
583 1073 625 1117 16
641 1086 772 1130 spese
788 1073 835 1117 di
851 1074 909 1118 V.
929 1075 1004 1127 R„
1030 1088 1121 1117 non
1143 1074 1392 1118 solamente
1414 1073 1597 1129 quando
1622 1072 1771 1126 uisita,
1796 1086 1871 1115 ma

229 1151 366 1196 etiam
382 1150 568 1208 quando
583 1149 623 1193 si
640 1150 796 1205 ferma,
816 1165 890 1194 ma
904 1151 1042 1195 etiam
1058 1164 1139 1207 per
1155 1165 1248 1194 non
1270 1158 1399 1207 poter
1420 1164 1577 1207 passar
1599 1150 1731 1202 oltre,
1752 1148 1870 1193 com’

229 1229 255 1271 e
283 1228 505 1272 accaduto
532 1227 639 1271 nell'
678 1226 864 1272 inferior
890 1227 1159 1281 Germania,
1184 1228 1302 1273 deue
1330 1227 1374 1271 la
1402 1226 1653 1284 prouintia‚
1679 1227 1798 1271 doue
1832 1226 1870 1270 si

231 1312 410 1358 truoua,
437 1305 564 1358 farla,
589 1320 638 1349 se
659 1318 752 1348 non
773 1305 1015 1351 accadesse
1036 1306 1124 1350 che
1145 1306 1342 1362 qualche
1361 1305 1552 1362 prelato,
1578 1319 1606 1347 o
1628 1305 1742 1347 altra
1764 1318 1871 1360 per-

228 1397 357 1435 sona,
382 1382 621 1435 ricercata,
645 1397 673 1426 o
696 1396 806 1427 uero
833 1382 891 1427 da
922 1397 973 1428 se
999 1383 1149 1436 stessi,
1180 1382 1430 1427 aiutassino
1457 1397 1537 1439 per
1565 1382 1691 1426 dette
1719 1395 1868 1438 spese,

226 1467 272 1503 et
294 1460 369 1503 all’
395 1460 507 1503 hora
529 1466 656 1502 tanto
678 1473 840 1503 manco
860 1459 899 1503 si
921 1460 1209 1517 grauarebbe
1230 1461 1273 1504 la
1290 1459 1534 1518 prouintia.

316 1546 358 1591 5.
424 1536 585 1582 Scriue
607 1538 666 1583 V.
691 1538 745 1581 R.
772 1537 861 1582 che
882 1536 918 1580 si
942 1537 1114 1580 lascino
1136 1536 1286 1581 insino
1308 1552 1335 1581 a
1357 1544 1563 1582 trecento
1580 1535 1729 1580 fiorini
1750 1536 1870 1580 della

227 1614 370 1657 robba
390 1613 465 1658 del
494 1615 546 1657 Ρ.
573 1613 719 1658 Siluio
741 1614 756 1634 ²
780 1614 825 1656 al
846 1613 1046 1671 collegio
1067 1613 1113 1657 di
1146 1613 1369 1668 Louanio,
1394 1621 1439 1659 et
1468 1613 1512 1658 io
1540 1613 1600 1657 mi
1631 1620 1868 1666 contento,

228 1697 528 1747 quantunque
550 1690 685 1735 etiam
708 1691 754 1733 in
778 1692 922 1735 Roma
943 1690 1104 1735 stiamo
1126 1690 1172 1734 in
1190 1690 1306 1736 assai
1323 1691 1498 1749 grande
1516 1690 1726 1747 bisogno.
1750 1691 1806 1733 Et
1822 1689 1869 1733 di

228 1766 377 1823 questi
398 1767 436 1811 si
458 1775 683 1824 potranno
704 1782 874 1825 pagare
895 1767 1032 1824 quelli
1048 1780 1108 1822 40
1136 1778 1178 1815 Δ
1192 1766 1241 1812 ‚⁶¹
1256 1769 1344 1813 che
1360 1769 1477 1812 deue
1494 1768 1526 1810 l’
1546 1767 1731 1811 inferior
1747 1768 1869 1811 Ger-

229 1843 380 1887 mania
395 1859 422 1888 a
438 1844 589 1902 quella
604 1845 679 1890 del
696 1846 844 1899 Reno;
864 1846 1032 1902 perche
1048 1845 1155 1889 delli
1173 1845 1373 1890 mandati
1389 1861 1479 1902 qua
1496 1860 1588 1889 non
1606 1847 1646 1888 c’
1671 1846 1697 1888 6
1714 1844 1869 1889 niente

227 1920 408 1965 residuo
429 1921 475 1964 di
497 1922 659 1979 poterli
694 1923 819 1968 dare.
851 1923 913 1968 Se
935 1937 1211 1979 passaranno
1239 1923 1299 1967 da
1333 1937 1419 1979 300
1454 1922 1592 1979 quelli
1624 1924 1710 1966 che
1737 1921 1775 1965 si
1806 1920 1867 1964 ri-

225 2003 547 2043 scuotteranno
568 1999 614 2043 di
636 1999 695 2053 la,
720 2000 827 2045 delli
843 2000 950 2045 beni
966 2000 1041 2043 del
1057 2000 1186 2045 detto
1205 2001 1258 2045 P.
1278 2000 1439 2054 Siluio,
1461 2000 1521 2043 mi
1538 2000 1576 2043 si
1593 1999 1668 2043 dia
1685 1991 1870 2051 auuiso,

223 2074 352 2120 accio
374 2075 418 2119 io
443 2060 688 2133 ueda'quel
709 2079 795 2121 che
817 2078 855 2121 si
877 2079 995 2122 deue
1019 2078 1128 2121 fare.

314 2153 358 2196 6.
423 2155 609 2210 Quanto
631 2154 707 2199 all’
722 2155 888 2198 andata
904 2155 979 2198 del
999 2156 1050 2197 Ρ.
1072 2154 1293 2211 Dionysio
1309 2156 1325 2177 ³
1348 2154 1396 2198 in
1414 2154 1617 2206 Prussia,
1639 2153 1758 2198 uedo
1777 2153 1867 2196 che

226 2229 368 2273 molto
389 2230 698 2276 difficilmente
714 2240 919 2289 potremo
937 2232 1156 2275 sodisfare
1173 2231 1216 2275 al
1231 2231 1457 2277 cardinale
1476 2231 1725 2276 Barniense
1739 2237 1760 2258 ²
1775 2230 1808 2282 ⁴,
1835 2229 1866 2272 il

228 2307 335 2363 qual
357 2308 506 2365 allega
525 2323 756 2366 promessa
778 2311 907 2363 satta,
933 2325 982 2354 se
1004 2310 1249 2354 realmente
1270 2323 1363 2355 non
1383 2309 1422 2354 si
1450 2311 1636 2362 manda,
1662 2314 1864 2365 permet-

231 2386 370 2428 tendo
390 2385 434 2428 la
456 2400 539 2431 sua
559 2386 721 2431 sanita.
743 2388 805 2432 Se
826 2388 1039 2444 adunque
1056 2386 1387 2443 giudicaranno
1403 2387 1434 2430 li
1451 2386 1614 2431 medici
1631 2387 1718 2430 che
1734 2386 1864 2442 potra

230 2462 400 2507 andare
421 2477 558 2508 senza
585 2464 860 2509 detrimento
887 2464 1086 2508 notabile
1114 2463 1160 2506 di
1188 2478 1272 2508 sua
1297 2464 1465 2518 sanita,
1492 2463 1687 2508 tuttauia
1715 2461 1863 2505 uorrei

228 2539 302 2581 ch’
325 2539 534 2593 andasse,
558 2554 695 2584 senza
716 2547 844 2586 tener
866 2541 1054 2598 rispetto
1076 2541 1118 2584 al
1141 2541 1281 2585 frutto
1296 2541 1342 2585 di
1358 2541 1483 2598 Lieja
1505 2549 1551 2585 et
1569 2539 1753 2584 Mastric
1769 2546 1857 2583 etc.

296 2653 318 2675 Β
356 2645 437 2692 Sic,
456 2658 526 2695 pro
551 2647 805 2685 warmiense.

242 2793 250 2800 .
295 2737 306 2758 ¹
362 2735 501 2772 Petrus
518 2735 568 2772 de
585 2737 863 2783 Ribadeneira,
880 2737 949 2786 qui
966 2736 1293 2784 superintendens
1309 2744 1394 2774 erat
1416 2738 1669 2784 collegiorum
1689 2736 1862 2772 Societa-

222 2797 273 2829 υς
290 2794 495 2889 ῗοξὲζυε
512 2853 688 2902 Sylvius.
709 2855 811 2911 Vide
829 2855 960 2904 Epist.
976 2856 1134 2902 Natal.,
1154 2818 1205 2903 II,
1225 2863 1306 2903 579,
1323 2855 1408 2902 5803
1429 2863 1470 2893 et
1486 2867 1618 2903 supra,
1637 2855 1752 2902 epist.
1774 2855 1858 2901 518,

220 2924 261 2950 ¹¹·
279 2920 322 2992 7²⁵·
358 2971 556 3008 Henricus
573 2972 804 3021 Dionysius.
820 2974 922 3010 Vide
941 2975 1056 3022 epist.
1077 2973 1160 3021 508,
1177 2986 1216 3010 n.
1235 2973 1272 3020 3;
1291 2983 1372 3031 509,
1393 2987 1433 3011 n.
1448 2983 1485 3020 73
1503 2983 1585 3020 512,
1603 2986 1641 3010 n.
1665 2982 1698 3019 1;
1715 2979 1755 3010 et
1773 2973 1857 3021 518,

223 3041 263 3066 ¹¹·
283 3037 318 3141 7;
362 3089 581 3127 Stanislaus
599 3092 757 3129 Hosius.
773 3093 875 3130 Vide
892 3093 1060 3142 append.
1088 3093 1230 3130 LXIII.
