<?xml version="1.0" encoding="UTF-8"?>
<!DOCTYPE html PUBLIC "-//W3C//DTD XHTML 1.0 Transitional//EN"
    "http://www.w3.org/TR/xhtml1/DTD/xhtml1-transitional.dtd">
<html xmlns="http://www.w3.org/1999/xhtml" xml:lang="en" lang="en">
 <head>
  <title>
</title>
<meta http-equiv="Content-Type" content="text/html;charset=utf-8" />
  <meta name='ocr-system' content='tesseract 3.04.00' />
  <meta name='ocr-capabilities' content='ocr_page ocr_carea ocr_par ocr_line ocrx_word'/>
</head>
<body>
  <div class='ocr_page' id='page_1' title='image "./epistolaephieron03nadauoft_0506.png"; bbox 0 0 2228 3548; ppageno 0'>
   <div class='ocr_carea' id='block_1_1' title="bbox 415 251 1444 319">
    <p class='ocr_par' dir='ltr' id='par_1_1' title="bbox 415 251 1444 319">
     <span class='ocr_line' id='line_1_1' title="bbox 415 251 1444 319; baseline -0.008 -10"><span class='ocrx_word' id='word_1_1' title='bbox 415 272 487 319; x_wconf 88' lang='lat'><strong>468</strong></span> <span class='ocrx_word' id='word_1_2' title='bbox 881 251 885 255; x_wconf 38' lang='lat'><strong>⁴</strong></span> <span class='ocrx_word' id='word_1_3' title='bbox 929 269 1068 304; x_wconf 80' lang='lat' dir='ltr'><strong>EPIST.</strong></span> <span class='ocrx_word' id='word_1_4' title='bbox 1097 266 1143 303; x_wconf 92' lang='lat' dir='ltr'><strong>P.</strong></span> <span class='ocrx_word' id='word_1_5' title='bbox 1170 265 1444 311; x_wconf 48' lang='lat' dir='ltr'><strong>Ninon-482</strong></span> 
     </span>
    </p>
   </div>
   <div class='ocr_carea' id='block_1_2' title="bbox 314 365 2010 2656">
    <p class='ocr_par' dir='ltr' id='par_1_2' title="bbox 314 365 2010 2656">
     <span class='ocr_line' id='line_1_2' title="bbox 364 365 2001 424; baseline -0.004 -7"><span class='ocrx_word' id='word_1_6' title='bbox 364 376 483 418; x_wconf 87' lang='lat' dir='ltr'><strong>bane</strong></span> <span class='ocrx_word' id='word_1_7' title='bbox 504 372 656 416; x_wconf 80' lang='lat' dir='ltr'><strong>chiese</strong></span> <span class='ocrx_word' id='word_1_8' title='bbox 679 377 725 415; x_wconf 93' lang='lat' dir='ltr'><strong>et</strong></span> <span class='ocrx_word' id='word_1_9' title='bbox 747 369 1030 414; x_wconf 85' lang='lat' dir='ltr'><strong>monasterii:</strong></span> <span class='ocrx_word' id='word_1_10' title='bbox 1058 375 1104 413; x_wconf 90' lang='lat' dir='ltr'><strong>et</strong></span> <span class='ocrx_word' id='word_1_11' title='bbox 1124 369 1184 411; x_wconf 95' lang='lat' dir='ltr'><strong>ho</strong></span> <span class='ocrx_word' id='word_1_12' title='bbox 1211 382 1292 424; x_wconf 93' lang='lat' dir='ltr'><strong>per</strong></span> <span class='ocrx_word' id='word_1_13' title='bbox 1319 374 1445 412; x_wconf 91' lang='lat' dir='ltr'><strong>certo</strong></span> <span class='ocrx_word' id='word_1_14' title='bbox 1472 365 1542 411; x_wconf 88' lang='lat' dir='ltr'><strong>ch’</strong></span> <span class='ocrx_word' id='word_1_15' title='bbox 1565 366 1596 410; x_wconf 91' lang='lat' dir='ltr'><strong>il</strong></span> <span class='ocrx_word' id='word_1_16' title='bbox 1625 366 1819 424; x_wconf 85' lang='lat' dir='ltr'><strong>Signore</strong></span> <span class='ocrx_word' id='word_1_17' title='bbox 1846 367 1911 424; x_wconf 87' lang='lat' dir='ltr'><strong>gli</strong></span> <span class='ocrx_word' id='word_1_18' title='bbox 1941 369 2001 411; x_wconf 88' lang='lat' dir='ltr'><strong>ha</strong></span> 
     </span>
     <span class='ocr_line' id='line_1_3' title="bbox 363 443 1998 503; baseline -0.003 -9"><span class='ocrx_word' id='word_1_19' title='bbox 363 451 535 495; x_wconf 89' lang='lat' dir='ltr'><strong>aiutato</strong></span> <span class='ocrx_word' id='word_1_20' title='bbox 563 448 702 491; x_wconf 92' lang='lat' dir='ltr'><strong>molto</strong></span> <span class='ocrx_word' id='word_1_21' title='bbox 730 454 775 490; x_wconf 91' lang='lat' dir='ltr'><strong>et</strong></span> <span class='ocrx_word' id='word_1_22' title='bbox 804 446 868 503; x_wconf 84' lang='lat' dir='ltr'><strong>gli</strong></span> <span class='ocrx_word' id='word_1_23' title='bbox 898 445 1071 489; x_wconf 71' lang='lat' dir='ltr'><strong>aiutara</strong></span> <span class='ocrx_word' id='word_1_24' title='bbox 1104 459 1186 502; x_wconf 89' lang='lat' dir='ltr'><strong>per</strong></span> <span class='ocrx_word' id='word_1_25' title='bbox 1217 443 1541 489; x_wconf 81' lang='lat' dir='ltr'><strong>intercessione</strong></span> <span class='ocrx_word' id='word_1_26' title='bbox 1568 445 1626 488; x_wconf 90' lang='lat' dir='ltr'><strong>de</strong></span> <span class='ocrx_word' id='word_1_27' title='bbox 1652 444 1786 488; x_wconf 87' lang='lat' dir='ltr'><strong>santi.</strong></span> <span class='ocrx_word' id='word_1_28' title='bbox 1812 445 1877 489; x_wconf 91' lang='lat' dir='ltr'><strong>La</strong></span> <span class='ocrx_word' id='word_1_29' title='bbox 1909 444 1998 490; x_wconf 79' lang='lat' dir='ltr'><strong>cita</strong></span> 
     </span>
     <span class='ocr_line' id='line_1_4' title="bbox 363 522 1995 579; baseline -0.003 -9"><span class='ocrx_word' id='word_1_30' title='bbox 363 531 515 570; x_wconf 79' lang='lat' dir='ltr'><strong>tamen</strong></span> <span class='ocrx_word' id='word_1_31' title='bbox 536 539 629 568; x_wconf 92' lang='lat' dir='ltr'><strong>non</strong></span> <span class='ocrx_word' id='word_1_32' title='bbox 650 525 676 568; x_wconf 79' lang='lat' dir='ltr'><strong>e</strong></span> <span class='ocrx_word' id='word_1_33' title='bbox 705 537 871 567; x_wconf 90' lang='lat' dir='ltr'><strong>ancora</strong></span> <span class='ocrx_word' id='word_1_34' title='bbox 898 523 942 565; x_wconf 88' lang='lat' dir='ltr'><strong>d&#39;</strong></span> <span class='ocrx_word' id='word_1_35' title='bbox 967 523 1163 567; x_wconf 86' lang='lat' dir='ltr'><strong>accordo</strong></span> <span class='ocrx_word' id='word_1_36' title='bbox 1185 522 1276 566; x_wconf 89' lang='lat' dir='ltr'><strong>co’l</strong></span> <span class='ocrx_word' id='word_1_37' title='bbox 1296 535 1511 577; x_wconf 90' lang='lat' dir='ltr'><strong>vescouo,</strong></span> <span class='ocrx_word' id='word_1_38' title='bbox 1535 522 1846 579; x_wconf 91' lang='lat' dir='ltr'><strong>pretendendo</strong></span> <span class='ocrx_word' id='word_1_39' title='bbox 1875 536 1995 566; x_wconf 88' lang='lat' dir='ltr'><strong>sem-</strong></span> 
     </span>
     <span class='ocr_line' id='line_1_5' title="bbox 360 598 1993 661; baseline -0.002 -15"><span class='ocrx_word' id='word_1_40' title='bbox 360 619 441 661; x_wconf 93' lang='lat' dir='ltr'><strong>pre</strong></span> <span class='ocrx_word' id='word_1_41' title='bbox 462 600 599 647; x_wconf 85' lang='lat' dir='ltr'><strong>esser’</strong></span> <span class='ocrx_word' id='word_1_42' title='bbox 621 600 779 653; x_wconf 90' lang='lat' dir='ltr'><strong>libera,</strong></span> <span class='ocrx_word' id='word_1_43' title='bbox 804 601 863 643; x_wconf 80' lang='lat' dir='ltr'><strong>ne</strong></span> <span class='ocrx_word' id='word_1_44' title='bbox 886 599 1186 644; x_wconf 91' lang='lat' dir='ltr'><strong>riconoscerlo</strong></span> <span class='ocrx_word' id='word_1_45' title='bbox 1217 614 1298 656; x_wconf 86' lang='lat' dir='ltr'><strong>per</strong></span> <span class='ocrx_word' id='word_1_46' title='bbox 1318 599 1519 656; x_wconf 87' lang='lat' dir='ltr'><strong>signore.</strong></span> <span class='ocrx_word' id='word_1_47' title='bbox 1551 599 1586 642; x_wconf 95' lang='lat' dir='ltr'><strong>Il</strong></span> <span class='ocrx_word' id='word_1_48' title='bbox 1613 598 1907 644; x_wconf 87' lang='lat' dir='ltr'><strong>arciuescouo</strong></span> <span class='ocrx_word' id='word_1_49' title='bbox 1929 599 1993 656; x_wconf 86' lang='lat' dir='ltr'><strong>gli</strong></span> 
     </span>
     <span class='ocr_line' id='line_1_6' title="bbox 358 675 1994 732; baseline -0.002 -9"><span class='ocrx_word' id='word_1_50' title='bbox 358 682 417 723; x_wconf 92' lang='lat' dir='ltr'><strong>ha</strong></span> <span class='ocrx_word' id='word_1_51' title='bbox 438 679 589 723; x_wconf 89' lang='lat' dir='ltr'><strong>leuata</strong></span> <span class='ocrx_word' id='word_1_52' title='bbox 610 678 653 720; x_wconf 87' lang='lat' dir='ltr'><strong>la</strong></span> <span class='ocrx_word' id='word_1_53' title='bbox 676 683 812 720; x_wconf 89' lang='lat' dir='ltr'><strong>tratta</strong></span> <span class='ocrx_word' id='word_1_54' title='bbox 834 683 879 721; x_wconf 91' lang='lat' dir='ltr'><strong>et</strong></span> <span class='ocrx_word' id='word_1_55' title='bbox 900 675 1140 729; x_wconf 92' lang='lat' dir='ltr'><strong>comercio,</strong></span> <span class='ocrx_word' id='word_1_56' title='bbox 1165 682 1210 721; x_wconf 92' lang='lat' dir='ltr'><strong>et</strong></span> <span class='ocrx_word' id='word_1_57' title='bbox 1231 675 1269 720; x_wconf 92' lang='lat' dir='ltr'><strong>si</strong></span> <span class='ocrx_word' id='word_1_58' title='bbox 1285 675 1458 732; x_wconf 92' lang='lat' dir='ltr'><strong>patisce</strong></span> <span class='ocrx_word' id='word_1_59' title='bbox 1479 676 1596 720; x_wconf 90' lang='lat' dir='ltr'><strong>nella</strong></span> <span class='ocrx_word' id='word_1_60' title='bbox 1613 675 1718 720; x_wconf 77' lang='lat' dir='ltr'><strong>cita.</strong></span> <span class='ocrx_word' id='word_1_61' title='bbox 1744 677 1788 719; x_wconf 90' lang='lat' dir='ltr'><strong>A</strong></span> <span class='ocrx_word' id='word_1_62' title='bbox 1809 675 1884 719; x_wconf 94' lang='lat' dir='ltr'><strong>noi</strong></span> <span class='ocrx_word' id='word_1_63' title='bbox 1902 691 1994 720; x_wconf 91' lang='lat' dir='ltr'><strong>non</strong></span> 
     </span>
     <span class='ocr_line' id='line_1_7' title="bbox 358 753 1994 809; baseline -0.002 -10"><span class='ocrx_word' id='word_1_64' title='bbox 358 756 398 800; x_wconf 93' lang='lat' dir='ltr'><strong>ci</strong></span> <span class='ocrx_word' id='word_1_65' title='bbox 427 769 588 799; x_wconf 90' lang='lat' dir='ltr'><strong>manca</strong></span> <span class='ocrx_word' id='word_1_66' title='bbox 616 753 800 798; x_wconf 90' lang='lat' dir='ltr'><strong>niente:</strong></span> <span class='ocrx_word' id='word_1_67' title='bbox 832 753 1088 796; x_wconf 78' lang='lat' dir='ltr'><strong>benedictus</strong></span> <span class='ocrx_word' id='word_1_68' title='bbox 1109 754 1356 809; x_wconf 80' lang='lat' dir='ltr'><strong>Dominus.</strong></span> <span class='ocrx_word' id='word_1_69' title='bbox 1386 753 1519 796; x_wconf 89' lang='lat' dir='ltr'><strong>Della</strong></span> <span class='ocrx_word' id='word_1_70' title='bbox 1554 759 1716 809; x_wconf 75' lang='lat' dir='ltr'><strong>pestea</strong></span> <span class='ocrx_word' id='word_1_71' title='bbox 1745 766 1823 796; x_wconf 90' lang='lat' dir='ltr'><strong>era</strong></span> <span class='ocrx_word' id='word_1_72' title='bbox 1845 753 1994 809; x_wconf 91' lang='lat' dir='ltr'><strong>questi</strong></span> 
     </span>
     <span class='ocr_line' id='line_1_8' title="bbox 356 829 1994 889; baseline -0.001 -14"><span class='ocrx_word' id='word_1_73' title='bbox 356 832 505 889; x_wconf 87' lang='lat' dir='ltr'><strong>giorni</strong></span> <span class='ocrx_word' id='word_1_74' title='bbox 528 831 695 889; x_wconf 87' lang='lat' dir='ltr'><strong>passati</strong></span> <span class='ocrx_word' id='word_1_75' title='bbox 717 831 911 887; x_wconf 83' lang='lat' dir='ltr'><strong>qualche</strong></span> <span class='ocrx_word' id='word_1_76' title='bbox 927 830 1197 887; x_wconf 87' lang='lat' dir='ltr'><strong>suspitione;</strong></span> <span class='ocrx_word' id='word_1_77' title='bbox 1218 831 1380 875; x_wconf 89' lang='lat' dir='ltr'><strong>adesso</strong></span> <span class='ocrx_word' id='word_1_78' title='bbox 1397 844 1489 873; x_wconf 92' lang='lat' dir='ltr'><strong>non</strong></span> <span class='ocrx_word' id='word_1_79' title='bbox 1505 829 1543 873; x_wconf 87' lang='lat' dir='ltr'><strong>si</strong></span> <span class='ocrx_word' id='word_1_80' title='bbox 1559 837 1690 875; x_wconf 89' lang='lat' dir='ltr'><strong>sente</strong></span> <span class='ocrx_word' id='word_1_81' title='bbox 1710 829 1879 876; x_wconf 91' lang='lat' dir='ltr'><strong>niente.</strong></span> <span class='ocrx_word' id='word_1_82' title='bbox 1901 830 1994 875; x_wconf 91' lang='lat' dir='ltr'><strong>Alli</strong></span> 
     </span>
     <span class='ocr_line' id='line_1_9' title="bbox 354 905 1994 966; baseline -0.001 -13"><span class='ocrx_word' id='word_1_83' title='bbox 354 909 486 966; x_wconf 91' lang='lat' dir='ltr'><strong>primi</strong></span> <span class='ocrx_word' id='word_1_84' title='bbox 508 908 658 966; x_wconf 84' lang='lat' dir='ltr'><strong>giorni</strong></span> <span class='ocrx_word' id='word_1_85' title='bbox 679 906 751 952; x_wconf 89' lang='lat' dir='ltr'><strong>ch’</strong></span> <span class='ocrx_word' id='word_1_86' title='bbox 774 907 818 951; x_wconf 92' lang='lat' dir='ltr'><strong>io</strong></span> <span class='ocrx_word' id='word_1_87' title='bbox 840 914 957 952; x_wconf 89' lang='lat' dir='ltr'><strong>stete</strong></span> <span class='ocrx_word' id='word_1_88' title='bbox 981 922 1086 963; x_wconf 90' lang='lat' dir='ltr'><strong>qua,</strong></span> <span class='ocrx_word' id='word_1_89' title='bbox 1113 907 1161 951; x_wconf 88' lang='lat' dir='ltr'><strong>fu</strong></span> <span class='ocrx_word' id='word_1_90' title='bbox 1183 907 1322 951; x_wconf 91' lang='lat' dir='ltr'><strong>eletto</strong></span> <span class='ocrx_word' id='word_1_91' title='bbox 1343 906 1391 950; x_wconf 89' lang='lat' dir='ltr'><strong>in</strong></span> <span class='ocrx_word' id='word_1_92' title='bbox 1407 905 1698 951; x_wconf 89' lang='lat' dir='ltr'><strong>Confluentia</strong></span> <span class='ocrx_word' id='word_1_93' title='bbox 1715 921 1795 963; x_wconf 92' lang='lat' dir='ltr'><strong>per</strong></span> <span class='ocrx_word' id='word_1_94' title='bbox 1817 906 1994 951; x_wconf 88' lang='lat' dir='ltr'><strong>arciue-</strong></span> 
     </span>
     <span class='ocr_line' id='line_1_10' title="bbox 353 983 1992 1042; baseline -0.001 -12"><span class='ocrx_word' id='word_1_95' title='bbox 353 1000 495 1030; x_wconf 89' lang='lat' dir='ltr'><strong>scouo</strong></span> <span class='ocrx_word' id='word_1_96' title='bbox 519 986 673 1042; x_wconf 93' lang='lat' dir='ltr'><strong>quello</strong></span> <span class='ocrx_word' id='word_1_97' title='bbox 696 986 781 1028; x_wconf 90' lang='lat' dir='ltr'><strong>che</strong></span> <span class='ocrx_word' id='word_1_98' title='bbox 802 998 880 1028; x_wconf 88' lang='lat' dir='ltr'><strong>era</strong></span> <span class='ocrx_word' id='word_1_99' title='bbox 901 984 1075 1028; x_wconf 89' lang='lat' dir='ltr'><strong>decano</strong></span> <span class='ocrx_word' id='word_1_100' title='bbox 1096 984 1154 1028; x_wconf 91' lang='lat' dir='ltr'><strong>de</strong></span> <span class='ocrx_word' id='word_1_101' title='bbox 1177 983 1356 1028; x_wconf 89' lang='lat' dir='ltr'><strong>Treuiri</strong></span> <span class='ocrx_word' id='word_1_102' title='bbox 1380 985 1408 1038; x_wconf 87' lang='lat'><strong>¹,</strong></span> <span class='ocrx_word' id='word_1_103' title='bbox 1433 990 1479 1027; x_wconf 93' lang='lat' dir='ltr'><strong>et</strong></span> <span class='ocrx_word' id='word_1_104' title='bbox 1501 983 1545 1026; x_wconf 93' lang='lat' dir='ltr'><strong>io</strong></span> <span class='ocrx_word' id='word_1_105' title='bbox 1566 985 1747 1028; x_wconf 88' lang='lat' dir='ltr'><strong>haueua</strong></span> <span class='ocrx_word' id='word_1_106' title='bbox 1774 983 1923 1028; x_wconf 87' lang='lat' dir='ltr'><strong>animo</strong></span> <span class='ocrx_word' id='word_1_107' title='bbox 1945 985 1992 1028; x_wconf 92' lang='lat' dir='ltr'><strong>d’</strong></span> 
     </span>
     <span class='ocr_line' id='line_1_11' title="bbox 353 1060 1993 1125; baseline 0 -19"><span class='ocrx_word' id='word_1_108' title='bbox 353 1063 522 1108; x_wconf 88' lang='lat' dir='ltr'><strong>andare</strong></span> <span class='ocrx_word' id='word_1_109' title='bbox 544 1077 570 1106; x_wconf 87' lang='lat' dir='ltr'><strong>a</strong></span> <span class='ocrx_word' id='word_1_110' title='bbox 594 1061 811 1115; x_wconf 92' lang='lat' dir='ltr'><strong>visitarlo,</strong></span> <span class='ocrx_word' id='word_1_111' title='bbox 836 1076 910 1105; x_wconf 86' lang='lat' dir='ltr'><strong>ma</strong></span> <span class='ocrx_word' id='word_1_112' title='bbox 945 1075 1038 1104; x_wconf 90' lang='lat' dir='ltr'><strong>non</strong></span> <span class='ocrx_word' id='word_1_113' title='bbox 1075 1061 1116 1104; x_wconf 95' lang='lat' dir='ltr'><strong>ci</strong></span> <span class='ocrx_word' id='word_1_114' title='bbox 1148 1061 1303 1114; x_wconf 89' lang='lat' dir='ltr'><strong>andai,</strong></span> <span class='ocrx_word' id='word_1_115' title='bbox 1339 1061 1507 1125; x_wconf 78' lang='lat' dir='ltr'><strong>perche</strong></span> <span class='ocrx_word' id='word_1_116' title='bbox 1539 1060 1586 1104; x_wconf 93' lang='lat' dir='ltr'><strong>in</strong></span> <span class='ocrx_word' id='word_1_117' title='bbox 1618 1061 1724 1118; x_wconf 93' lang='lat' dir='ltr'><strong>quel</strong></span> <span class='ocrx_word' id='word_1_118' title='bbox 1745 1061 1993 1107; x_wconf 86' lang='lat' dir='ltr'><strong>medesimo</strong></span> 
     </span>
     <span class='ocr_line' id='line_1_12' title="bbox 352 1137 1991 1196; baseline -0.001 -13"><span class='ocrx_word' id='word_1_119' title='bbox 352 1147 504 1196; x_wconf 90' lang='lat' dir='ltr'><strong>tempo</strong></span> <span class='ocrx_word' id='word_1_120' title='bbox 522 1145 760 1196; x_wconf 89' lang='lat' dir='ltr'><strong>aspettaua</strong></span> <span class='ocrx_word' id='word_1_121' title='bbox 775 1138 807 1181; x_wconf 91' lang='lat' dir='ltr'><strong>li</strong></span> <span class='ocrx_word' id='word_1_122' title='bbox 823 1137 1094 1195; x_wconf 85' lang='lat' dir='ltr'><strong>prouinciali</strong></span> <span class='ocrx_word' id='word_1_123' title='bbox 1110 1138 1167 1182; x_wconf 92' lang='lat' dir='ltr'><strong>de</strong></span> <span class='ocrx_word' id='word_1_124' title='bbox 1189 1139 1225 1181; x_wconf 93' lang='lat' dir='ltr'>F</span> <span class='ocrx_word' id='word_1_125' title='bbox 1228 1153 1364 1183; x_wconf 87' lang='lat' dir='ltr'><strong>ranza</strong></span> <span class='ocrx_word' id='word_1_126' title='bbox 1386 1144 1431 1182; x_wconf 91' lang='lat' dir='ltr'><strong>et</strong></span> <span class='ocrx_word' id='word_1_127' title='bbox 1453 1139 1489 1181; x_wconf 97' lang='lat' dir='ltr'><strong>F</strong></span> <span class='ocrx_word' id='word_1_128' title='bbox 1491 1137 1649 1183; x_wconf 88' lang='lat' dir='ltr'><strong>iandra</strong></span> <span class='ocrx_word' id='word_1_129' title='bbox 1669 1139 1685 1159; x_wconf 77' lang='lat'><em>³</em></span> <span class='ocrx_word' id='word_1_130' title='bbox 1710 1138 1901 1196; x_wconf 76' lang='lat' dir='ltr'><strong>(benche</strong></span> <span class='ocrx_word' id='word_1_131' title='bbox 1917 1137 1991 1182; x_wconf 90' lang='lat' dir='ltr'><strong>all’</strong></span> 
     </span>
     <span class='ocr_line' id='line_1_13' title="bbox 350 1203 1987 1272; baseline -0.001 -13"><span class='ocrx_word' id='word_1_132' title='bbox 350 1218 464 1260; x_wconf 91' lang='lat' dir='ltr'><strong>hora</strong></span> <span class='ocrx_word' id='word_1_133' title='bbox 484 1230 580 1260; x_wconf 91' lang='lat' dir='ltr'><strong>non</strong></span> <span class='ocrx_word' id='word_1_134' title='bbox 600 1229 750 1260; x_wconf 88' lang='lat' dir='ltr'><strong>venne</strong></span> <span class='ocrx_word' id='word_1_135' title='bbox 771 1230 821 1260; x_wconf 90' lang='lat' dir='ltr'><strong>se</strong></span> <span class='ocrx_word' id='word_1_136' title='bbox 843 1230 938 1259; x_wconf 89' lang='lat' dir='ltr'><strong>non</strong></span> <span class='ocrx_word' id='word_1_137' title='bbox 959 1203 1110 1270; x_wconf 85' lang='lat' dir='ltr'><strong>quello</strong></span> <span class='ocrx_word' id='word_1_138' title='bbox 1131 1214 1177 1258; x_wconf 91' lang='lat' dir='ltr'><strong>di</strong></span> <span class='ocrx_word' id='word_1_139' title='bbox 1210 1214 1440 1272; x_wconf 85' lang='lat' dir='ltr'><strong>Francia),</strong></span> <span class='ocrx_word' id='word_1_140' title='bbox 1466 1221 1513 1259; x_wconf 93' lang='lat' dir='ltr'><strong>et</strong></span> <span class='ocrx_word' id='word_1_141' title='bbox 1541 1229 1708 1259; x_wconf 88' lang='lat' dir='ltr'><strong>ancora</strong></span> <span class='ocrx_word' id='word_1_142' title='bbox 1728 1215 1895 1272; x_wconf 77' lang='lat' dir='ltr'><strong>perche</strong></span> <span class='ocrx_word' id='word_1_143' title='bbox 1926 1215 1987 1258; x_wconf 88' lang='lat' dir='ltr'><strong>mi</strong></span> 
     </span>
     <span class='ocr_line' id='line_1_14' title="bbox 351 1286 1987 1350; baseline -0.001 -13"><span class='ocrx_word' id='word_1_144' title='bbox 351 1308 519 1350; x_wconf 89' lang='lat' dir='ltr'><strong>pareua</strong></span> <span class='ocrx_word' id='word_1_145' title='bbox 558 1292 730 1350; x_wconf 86' lang='lat' dir='ltr'><strong>meglio</strong></span> <span class='ocrx_word' id='word_1_146' title='bbox 767 1293 853 1336; x_wconf 93' lang='lat' dir='ltr'><strong>che</strong></span> <span class='ocrx_word' id='word_1_147' title='bbox 890 1291 921 1334; x_wconf 92' lang='lat' dir='ltr'><strong>li</strong></span> <span class='ocrx_word' id='word_1_148' title='bbox 960 1292 1095 1335; x_wconf 86' lang='lat' dir='ltr'><strong>Padri</strong></span> <span class='ocrx_word' id='word_1_149' title='bbox 1137 1291 1427 1337; x_wconf 91' lang='lat' dir='ltr'><strong>intendesero</strong></span> <span class='ocrx_word' id='word_1_150' title='bbox 1463 1286 1626 1349; x_wconf 72' lang='lat' dir='ltr'><strong>prima⁴</strong></span> <span class='ocrx_word' id='word_1_151' title='bbox 1643 1290 1672 1335; x_wconf 86' lang='lat' dir='ltr'><strong>l&#39;</strong></span> <span class='ocrx_word' id='word_1_152' title='bbox 1695 1291 1845 1336; x_wconf 89' lang='lat' dir='ltr'><strong>animo</strong></span> <span class='ocrx_word' id='word_1_153' title='bbox 1859 1291 1880 1319; x_wconf 74' lang='lat' dir='ltr'>b</span> <span class='ocrx_word' id='word_1_154' title='bbox 1895 1300 1899 1303; x_wconf 84' lang='grc'><em>“</em></span> <span class='ocrx_word' id='word_1_155' title='bbox 1914 1292 1987 1336; x_wconf 93' lang='lat' dir='ltr'><strong>del</strong></span> 
     </span>
     <span class='ocr_line' id='line_1_15' title="bbox 351 1368 1987 1425; baseline 0.001 -12"><span class='ocrx_word' id='word_1_156' title='bbox 351 1371 480 1414; x_wconf 87' lang='lat' dir='ltr'><strong>Rmo.</strong></span> <span class='ocrx_word' id='word_1_157' title='bbox 508 1383 642 1414; x_wconf 92' lang='lat' dir='ltr'><strong>uerso</strong></span> <span class='ocrx_word' id='word_1_158' title='bbox 663 1369 709 1412; x_wconf 91' lang='lat' dir='ltr'><strong>di</strong></span> <span class='ocrx_word' id='word_1_159' title='bbox 731 1368 823 1422; x_wconf 93' lang='lat' dir='ltr'><strong>noi,</strong></span> <span class='ocrx_word' id='word_1_160' title='bbox 849 1376 894 1414; x_wconf 92' lang='lat' dir='ltr'><strong>et</strong></span> <span class='ocrx_word' id='word_1_161' title='bbox 915 1368 1239 1425; x_wconf 90' lang='lat' dir='ltr'><strong>specialmente</strong></span> <span class='ocrx_word' id='word_1_162' title='bbox 1260 1369 1381 1412; x_wconf 93' lang='lat' dir='ltr'><strong>circa</strong></span> <span class='ocrx_word' id='word_1_163' title='bbox 1401 1369 1445 1413; x_wconf 97' lang='grc'><strong>13</strong></span> <span class='ocrx_word' id='word_1_164' title='bbox 1467 1368 1734 1415; x_wconf 86' lang='lat' dir='ltr'><strong>fundatione</strong></span> <span class='ocrx_word' id='word_1_165' title='bbox 1755 1369 1829 1413; x_wconf 90' lang='lat' dir='ltr'><strong>del</strong></span> <span class='ocrx_word' id='word_1_166' title='bbox 1848 1369 1987 1414; x_wconf 90' lang='lat' dir='ltr'><strong>colle-</strong></span> 
     </span>
     <span class='ocr_line' id='line_1_16' title="bbox 349 1445 1988 1503; baseline 0.001 -14"><span class='ocrx_word' id='word_1_167' title='bbox 349 1446 443 1503; x_wconf 89' lang='lat' dir='ltr'><strong>gio.</strong></span> <span class='ocrx_word' id='word_1_168' title='bbox 466 1448 523 1489; x_wconf 92' lang='lat' dir='ltr'><strong>Et</strong></span> <span class='ocrx_word' id='word_1_169' title='bbox 540 1446 636 1490; x_wconf 70' lang='lat' dir='ltr'><strong>cosi</strong></span> <span class='ocrx_word' id='word_1_170' title='bbox 654 1446 870 1490; x_wconf 90' lang='lat' dir='ltr'><strong>andetero</strong></span> <span class='ocrx_word' id='word_1_171' title='bbox 887 1446 917 1488; x_wconf 92' lang='lat' dir='ltr'><strong>il</strong></span> <span class='ocrx_word' id='word_1_172' title='bbox 935 1446 1083 1490; x_wconf 86' lang='lat' dir='ltr'><strong>Padre</strong></span> <span class='ocrx_word' id='word_1_173' title='bbox 1099 1445 1377 1502; x_wconf 88' lang='lat' dir='ltr'><strong>prouinciale</strong></span> <span class='ocrx_word' id='word_1_174' title='bbox 1392 1452 1439 1491; x_wconf 90' lang='lat' dir='ltr'><strong>et</strong></span> <span class='ocrx_word' id='word_1_175' title='bbox 1454 1445 1485 1489; x_wconf 93' lang='lat' dir='ltr'><strong>il</strong></span> <span class='ocrx_word' id='word_1_176' title='bbox 1502 1452 1686 1499; x_wconf 90' lang='lat' dir='ltr'><strong>rettore,</strong></span> <span class='ocrx_word' id='word_1_177' title='bbox 1705 1461 1732 1490; x_wconf 91' lang='lat' dir='ltr'><strong>a</strong></span> <span class='ocrx_word' id='word_1_178' title='bbox 1747 1446 1870 1502; x_wconf 90' lang='lat' dir='ltr'><strong>quali</strong></span> <span class='ocrx_word' id='word_1_179' title='bbox 1888 1447 1988 1495; x_wconf 85' lang='lat' dir='ltr'><strong>fece</strong></span> 
     </span>
     <span class='ocr_line' id='line_1_17' title="bbox 348 1522 2010 1580; baseline -0.002 -14"><span class='ocrx_word' id='word_1_180' title='bbox 348 1524 488 1567; x_wconf 92' lang='lat' dir='ltr'><strong>molto</strong></span> <span class='ocrx_word' id='word_1_181' title='bbox 508 1524 629 1566; x_wconf 90' lang='lat' dir='ltr'><strong>bona</strong></span> <span class='ocrx_word' id='word_1_182' title='bbox 650 1522 958 1579; x_wconf 85' lang='lat' dir='ltr'><strong>accoglienza,</strong></span> <span class='ocrx_word' id='word_1_183' title='bbox 979 1530 1024 1566; x_wconf 92' lang='lat' dir='ltr'><strong>et</strong></span> <span class='ocrx_word' id='word_1_184' title='bbox 1046 1523 1150 1567; x_wconf 89' lang='lat' dir='ltr'><strong>dete</strong></span> <span class='ocrx_word' id='word_1_185' title='bbox 1166 1522 1500 1580; x_wconf 86' lang='lat' dir='ltr'><strong>significatione</strong></span> <span class='ocrx_word' id='word_1_186' title='bbox 1517 1523 1562 1567; x_wconf 90' lang='lat' dir='ltr'><strong>di</strong></span> <span class='ocrx_word' id='word_1_187' title='bbox 1579 1524 1718 1567; x_wconf 91' lang='lat' dir='ltr'><strong>molto</strong></span> <span class='ocrx_word' id='word_1_188' title='bbox 1734 1524 1889 1568; x_wconf 85' lang='lat' dir='ltr'><strong>buona</strong></span> <span class='ocrx_word' id='word_1_189' title='bbox 1904 1538 1988 1567; x_wconf 87' lang='lat' dir='ltr'><strong>vo·</strong></span> <span class='ocrx_word' id='word_1_190' title='bbox 2008 1560 2010 1563; x_wconf 79' lang='grc'>,</span> 
     </span>
     <span class='ocr_line' id='line_1_18' title="bbox 346 1583 1981 1658; baseline 0.001 -15"><span class='ocrx_word' id='word_1_191' title='bbox 346 1600 492 1655; x_wconf 80' lang='lat' dir='ltr'><strong>loma,</strong></span> <span class='ocrx_word' id='word_1_192' title='bbox 516 1599 687 1644; x_wconf 92' lang='lat' dir='ltr'><strong>sicome</strong></span> <span class='ocrx_word' id='word_1_193' title='bbox 709 1597 975 1656; x_wconf 82' lang='lat' dir='ltr'><strong>sperauamo</strong></span> <span class='ocrx_word' id='word_1_194' title='bbox 996 1599 1042 1642; x_wconf 91' lang='lat' dir='ltr'><strong>di</strong></span> <span class='ocrx_word' id='word_1_195' title='bbox 1057 1599 1137 1642; x_wconf 93' lang='lat' dir='ltr'><strong>lui.</strong></span> <span class='ocrx_word' id='word_1_196' title='bbox 1159 1601 1217 1643; x_wconf 91' lang='lat' dir='ltr'><strong>Et</strong></span> <span class='ocrx_word' id='word_1_197' title='bbox 1228 1583 1404 1655; x_wconf 75' lang='lat' dir='ltr'><strong>quanto</strong></span> <span class='ocrx_word' id='word_1_198' title='bbox 1426 1600 1500 1644; x_wconf 90' lang='lat' dir='ltr'><strong>all’</strong></span> <span class='ocrx_word' id='word_1_199' title='bbox 1521 1614 1658 1657; x_wconf 86' lang='lat' dir='ltr'><strong>opera</strong></span> <span class='ocrx_word' id='word_1_200' title='bbox 1679 1601 1753 1645; x_wconf 93' lang='lat' dir='ltr'><strong>del</strong></span> <span class='ocrx_word' id='word_1_201' title='bbox 1770 1600 1981 1658; x_wconf 87' lang='lat' dir='ltr'><strong>collegio,</strong></span> 
     </span>
     <span class='ocr_line' id='line_1_19' title="bbox 345 1676 1983 1734; baseline 0.001 -14"><span class='ocrx_word' id='word_1_202' title='bbox 345 1676 444 1720; x_wconf 89' lang='lat' dir='ltr'><strong>dise</strong></span> <span class='ocrx_word' id='word_1_203' title='bbox 464 1678 552 1722; x_wconf 90' lang='lat' dir='ltr'><strong>che</strong></span> <span class='ocrx_word' id='word_1_204' title='bbox 572 1676 636 1720; x_wconf 92' lang='lat' dir='ltr'><strong>lui</strong></span> <span class='ocrx_word' id='word_1_205' title='bbox 657 1690 744 1720; x_wconf 92' lang='lat' dir='ltr'><strong>con</strong></span> <span class='ocrx_word' id='word_1_206' title='bbox 764 1676 807 1719; x_wconf 92' lang='lat' dir='ltr'><strong>la</strong></span> <span class='ocrx_word' id='word_1_207' title='bbox 829 1676 974 1732; x_wconf 87' lang='lat' dir='ltr'><strong>gratia</strong></span> <span class='ocrx_word' id='word_1_208' title='bbox 995 1677 1069 1719; x_wconf 92' lang='lat' dir='ltr'><strong>del</strong></span> <span class='ocrx_word' id='word_1_209' title='bbox 1085 1676 1282 1733; x_wconf 86' lang='lat' dir='ltr'><strong>Signore</strong></span> <span class='ocrx_word' id='word_1_210' title='bbox 1304 1676 1489 1722; x_wconf 84' lang='lat' dir='ltr'><strong>sarebbe</strong></span> <span class='ocrx_word' id='word_1_211' title='bbox 1510 1683 1637 1720; x_wconf 89' lang='lat' dir='ltr'><strong>tanto</strong></span> <span class='ocrx_word' id='word_1_212' title='bbox 1657 1683 1703 1721; x_wconf 91' lang='lat' dir='ltr'><strong>et</strong></span> <span class='ocrx_word' id='word_1_213' title='bbox 1719 1676 1797 1734; x_wconf 79' lang='lat' dir='ltr'><strong>piu</strong></span> <span class='ocrx_word' id='word_1_214' title='bbox 1814 1691 1983 1722; x_wconf 86' lang='lat' dir='ltr'><strong>ancora</strong></span> 
     </span>
     <span class='ocr_line' id='line_1_20' title="bbox 314 1752 1980 1810; baseline 0.004 -16"><span class='ocrx_word' id='word_1_215' title='bbox 314 1784 317 1794; x_wconf 66' lang='lat'><strong>.</strong></span> <span class='ocrx_word' id='word_1_216' title='bbox 343 1755 430 1799; x_wconf 91' lang='lat' dir='ltr'><strong>che</strong></span> <span class='ocrx_word' id='word_1_217' title='bbox 466 1754 497 1796; x_wconf 95' lang='lat' dir='ltr'><strong>il</strong></span> <span class='ocrx_word' id='word_1_218' title='bbox 533 1760 715 1810; x_wconf 89' lang='lat' dir='ltr'><strong>passato</strong></span> <span class='ocrx_word' id='word_1_219' title='bbox 756 1752 1064 1797; x_wconf 90' lang='lat' dir='ltr'><strong>arciuescouo.</strong></span> <span class='ocrx_word' id='word_1_220' title='bbox 1111 1754 1298 1810; x_wconf 77' lang='lat' dir='ltr'><strong>Quanto</strong></span> <span class='ocrx_word' id='word_1_221' title='bbox 1329 1754 1417 1797; x_wconf 88' lang='lat' dir='ltr'><strong>alla</strong></span> <span class='ocrx_word' id='word_1_222' title='bbox 1453 1753 1735 1809; x_wconf 87' lang='lat' dir='ltr'><strong>fundatione,</strong></span> <span class='ocrx_word' id='word_1_223' title='bbox 1765 1753 1863 1798; x_wconf 89' lang='lat' dir='ltr'><strong>dise</strong></span> <span class='ocrx_word' id='word_1_224' title='bbox 1894 1756 1980 1800; x_wconf 90' lang='lat' dir='ltr'><strong>che</strong></span> 
     </span>
     <span class='ocr_line' id='line_1_21' title="bbox 344 1829 1977 1884; baseline 0.001 -11"><span class='ocrx_word' id='word_1_225' title='bbox 344 1831 527 1875; x_wconf 88' lang='lat' dir='ltr'><strong>haueua</strong></span> <span class='ocrx_word' id='word_1_226' title='bbox 546 1831 604 1874; x_wconf 90' lang='lat' dir='ltr'><strong>da</strong></span> <span class='ocrx_word' id='word_1_227' title='bbox 624 1829 781 1875; x_wconf 85' lang='lat' dir='ltr'><strong>venire</strong></span> <span class='ocrx_word' id='word_1_228' title='bbox 803 1829 869 1873; x_wconf 87' lang='lat' dir='ltr'><strong>fra</strong></span> <span class='ocrx_word' id='word_1_229' title='bbox 897 1831 1057 1875; x_wconf 87' lang='lat' dir='ltr'><strong>alcune</strong></span> <span class='ocrx_word' id='word_1_230' title='bbox 1086 1829 1326 1876; x_wconf 88' lang='lat' dir='ltr'><strong>settimane</strong></span> <span class='ocrx_word' id='word_1_231' title='bbox 1347 1830 1498 1875; x_wconf 90' lang='lat' dir='ltr'><strong>vicino</strong></span> <span class='ocrx_word' id='word_1_232' title='bbox 1519 1846 1546 1875; x_wconf 88' lang='lat' dir='ltr'><strong>a</strong></span> <span class='ocrx_word' id='word_1_233' title='bbox 1567 1831 1760 1884; x_wconf 91' lang='lat' dir='ltr'><strong>Treuiri,</strong></span> <span class='ocrx_word' id='word_1_234' title='bbox 1786 1838 1832 1875; x_wconf 95' lang='lat' dir='ltr'><strong>et</strong></span> <span class='ocrx_word' id='word_1_235' title='bbox 1858 1831 1977 1875; x_wconf 89' lang='lat' dir='ltr'><strong>inte-</strong></span> 
     </span>
     <span class='ocr_line' id='line_1_22' title="bbox 342 1902 1978 1964; baseline 0.002 -13"><span class='ocrx_word' id='word_1_236' title='bbox 342 1922 446 1952; x_wconf 91' lang='lat' dir='ltr'><strong>sero</strong></span> <span class='ocrx_word' id='word_1_237' title='bbox 469 1907 534 1964; x_wconf 86' lang='lat' dir='ltr'><strong>gli</strong></span> <span class='ocrx_word' id='word_1_238' title='bbox 556 1902 697 1950; x_wconf 83' lang='lat' dir='ltr'><strong>n0stri</strong></span> <span class='ocrx_word' id='word_1_239' title='bbox 725 1908 809 1950; x_wconf 92' lang='lat' dir='ltr'><strong>che</strong></span> <span class='ocrx_word' id='word_1_240' title='bbox 838 1908 1000 1951; x_wconf 91' lang='lat' dir='ltr'><strong>voleua</strong></span> <span class='ocrx_word' id='word_1_241' title='bbox 1027 1907 1171 1964; x_wconf 90' lang='lat' dir='ltr'><strong>prima</strong></span> <span class='ocrx_word' id='word_1_242' title='bbox 1198 1914 1425 1964; x_wconf 85' lang='lat' dir='ltr'><strong>aspettare</strong></span> <span class='ocrx_word' id='word_1_243' title='bbox 1452 1909 1495 1952; x_wconf 89' lang='lat' dir='ltr'><strong>la</strong></span> <span class='ocrx_word' id='word_1_244' title='bbox 1526 1923 1609 1953; x_wconf 88' lang='lat' dir='ltr'><strong>sua</strong></span> <span class='ocrx_word' id='word_1_245' title='bbox 1636 1909 1978 1954; x_wconf 87' lang='lat' dir='ltr'><strong>confirmatione</strong></span> 
     </span>
     <span class='ocr_line' id='line_1_23' title="bbox 341 1984 1976 2040; baseline 0.001 -12"><span class='ocrx_word' id='word_1_246' title='bbox 341 1985 417 2028; x_wconf 91' lang='lat' dir='ltr'><strong>nel</strong></span> <span class='ocrx_word' id='word_1_247' title='bbox 444 1984 798 2029; x_wconf 90' lang='lat' dir='ltr'><strong>arciuescouato.</strong></span> <span class='ocrx_word' id='word_1_248' title='bbox 821 1985 963 2040; x_wconf 87' lang='lat' dir='ltr'><strong>Spero</strong></span> <span class='ocrx_word' id='word_1_249' title='bbox 991 1986 1076 2030; x_wconf 94' lang='lat' dir='ltr'><strong>che</strong></span> <span class='ocrx_word' id='word_1_250' title='bbox 1104 1985 1198 2028; x_wconf 75' lang='lat' dir='ltr'><strong>fara</strong></span> <span class='ocrx_word' id='word_1_251' title='bbox 1227 1986 1379 2029; x_wconf 90' lang='lat' dir='ltr'><strong>buona</strong></span> <span class='ocrx_word' id='word_1_252' title='bbox 1406 1985 1689 2031; x_wconf 88' lang='lat' dir='ltr'><strong>fundatione.</strong></span> <span class='ocrx_word' id='word_1_253' title='bbox 1732 1987 1788 2030; x_wconf 91' lang='lat' dir='ltr'><strong>V.</strong></span> <span class='ocrx_word' id='word_1_254' title='bbox 1824 1988 1878 2030; x_wconf 91' lang='grc' dir='ltr'><strong>Ρ.</strong></span> <span class='ocrx_word' id='word_1_255' title='bbox 1904 1985 1976 2029; x_wconf 88' lang='grc'>111-</span> 
     </span>
     <span class='ocr_line' id='line_1_24' title="bbox 341 2060 1976 2118; baseline 0.001 -14"><span class='ocrx_word' id='word_1_256' title='bbox 341 2060 555 2106; x_wconf 91' lang='lat' dir='ltr'><strong>struischi</strong></span> <span class='ocrx_word' id='word_1_257' title='bbox 573 2061 615 2104; x_wconf 90' lang='lat' dir='ltr'><strong>al</strong></span> <span class='ocrx_word' id='word_1_258' title='bbox 633 2061 781 2104; x_wconf 89' lang='lat' dir='ltr'><strong>Padre</strong></span> <span class='ocrx_word' id='word_1_259' title='bbox 796 2061 1075 2117; x_wconf 86' lang='lat' dir='ltr'><strong>prouinciale</strong></span> <span class='ocrx_word' id='word_1_260' title='bbox 1092 2061 1138 2105; x_wconf 91' lang='lat' dir='ltr'><strong>di</strong></span> <span class='ocrx_word' id='word_1_261' title='bbox 1154 2062 1304 2118; x_wconf 87' lang='lat' dir='ltr'><strong>quello</strong></span> <span class='ocrx_word' id='word_1_262' title='bbox 1326 2063 1412 2107; x_wconf 93' lang='lat' dir='ltr'><strong>che</strong></span> <span class='ocrx_word' id='word_1_263' title='bbox 1432 2063 1603 2107; x_wconf 80' lang='lat' dir='ltr'><strong>hauera</strong></span> <span class='ocrx_word' id='word_1_264' title='bbox 1623 2063 1681 2106; x_wconf 89' lang='lat' dir='ltr'><strong>da</strong></span> <span class='ocrx_word' id='word_1_265' title='bbox 1704 2063 1812 2107; x_wconf 83' lang='lat' dir='ltr'><strong>fare.</strong></span> <span class='ocrx_word' id='word_1_266' title='bbox 1833 2063 1976 2106; x_wconf 88' lang='lat' dir='ltr'><strong>Tutto</strong></span> 
     </span>
     <span class='ocr_line' id='line_1_25' title="bbox 341 2138 1975 2196; baseline 0.001 -15"><span class='ocrx_word' id='word_1_267' title='bbox 341 2138 493 2194; x_wconf 91' lang='lat' dir='ltr'><strong>quello</strong></span> <span class='ocrx_word' id='word_1_268' title='bbox 515 2139 602 2181; x_wconf 91' lang='lat' dir='ltr'><strong>che</strong></span> <span class='ocrx_word' id='word_1_269' title='bbox 623 2138 667 2181; x_wconf 92' lang='lat' dir='ltr'><strong>io</strong></span> <span class='ocrx_word' id='word_1_270' title='bbox 689 2139 748 2180; x_wconf 94' lang='lat' dir='ltr'><strong>ho</strong></span> <span class='ocrx_word' id='word_1_271' title='bbox 770 2138 828 2180; x_wconf 90' lang='lat' dir='ltr'><strong>da</strong></span> <span class='ocrx_word' id='word_1_272' title='bbox 850 2138 907 2181; x_wconf 89' lang='lat' dir='ltr'><strong>V.</strong></span> <span class='ocrx_word' id='word_1_273' title='bbox 936 2140 986 2181; x_wconf 87' lang='lat' dir='ltr'><strong>P.</strong></span> <span class='ocrx_word' id='word_1_274' title='bbox 1015 2138 1134 2182; x_wconf 90' lang='lat' dir='ltr'><strong>circa</strong></span> <span class='ocrx_word' id='word_1_275' title='bbox 1155 2139 1197 2182; x_wconf 91' lang='lat' dir='ltr'><strong>le</strong></span> <span class='ocrx_word' id='word_1_276' title='bbox 1220 2138 1496 2192; x_wconf 86' lang='lat' dir='ltr'><strong>fundationi,</strong></span> <span class='ocrx_word' id='word_1_277' title='bbox 1521 2138 1552 2181; x_wconf 87' lang='lat' dir='ltr'><strong>li</strong></span> <span class='ocrx_word' id='word_1_278' title='bbox 1580 2140 1640 2182; x_wconf 92' lang='lat' dir='ltr'><strong>ho</strong></span> <span class='ocrx_word' id='word_1_279' title='bbox 1661 2139 1738 2196; x_wconf 77' lang='lat' dir='ltr'><strong>gia</strong></span> <span class='ocrx_word' id='word_1_280' title='bbox 1767 2138 1975 2182; x_wconf 92' lang='lat' dir='ltr'><strong>comuni-</strong></span> 
     </span>
     <span class='ocr_line' id='line_1_26' title="bbox 339 2205 1974 2273; baseline 0.002 -15"><span class='ocrx_word' id='word_1_281' title='bbox 339 2222 460 2269; x_wconf 89' lang='lat' dir='ltr'><strong>cato;</strong></span> <span class='ocrx_word' id='word_1_282' title='bbox 486 2230 559 2258; x_wconf 88' lang='lat' dir='ltr'><strong>ma</strong></span> <span class='ocrx_word' id='word_1_283' title='bbox 581 2214 789 2271; x_wconf 80' lang='lat' dir='ltr'><strong>bisognia</strong></span> <span class='ocrx_word' id='word_1_284' title='bbox 810 2214 952 2257; x_wconf 85' lang='lat' dir='ltr'><strong>venir’</strong></span> <span class='ocrx_word' id='word_1_285' title='bbox 978 2216 1020 2258; x_wconf 92' lang='lat' dir='ltr'><strong>al</strong></span> <span class='ocrx_word' id='word_1_286' title='bbox 1043 2205 1324 2271; x_wconf 86' lang='lat' dir='ltr'><strong>particolare.</strong></span> <span class='ocrx_word' id='word_1_287' title='bbox 1350 2215 1470 2261; x_wconf 88' lang='lat' dir='ltr'><strong>Delli</strong></span> <span class='ocrx_word' id='word_1_288' title='bbox 1492 2216 1665 2273; x_wconf 85' lang='lat' dir='ltr'><strong>negotii</strong></span> <span class='ocrx_word' id='word_1_289' title='bbox 1688 2222 1733 2261; x_wconf 92' lang='lat' dir='ltr'><strong>et</strong></span> <span class='ocrx_word' id='word_1_290' title='bbox 1753 2216 1974 2261; x_wconf 56' lang='lat' dir='ltr'><strong>difficolt&amp;</strong></span> 
     </span>
     <span class='ocr_line' id='line_1_27' title="bbox 338 2291 1973 2350; baseline 0.002 -15"><span class='ocrx_word' id='word_1_291' title='bbox 338 2306 472 2349; x_wconf 88' lang='lat' dir='ltr'><strong>sopra</strong></span> <span class='ocrx_word' id='word_1_292' title='bbox 494 2299 618 2337; x_wconf 90' lang='lat' dir='ltr'><strong>certe</strong></span> <span class='ocrx_word' id='word_1_293' title='bbox 638 2291 814 2336; x_wconf 90' lang='lat' dir='ltr'><strong>rendite</strong></span> <span class='ocrx_word' id='word_1_294' title='bbox 834 2291 879 2333; x_wconf 90' lang='lat' dir='ltr'><strong>di</strong></span> <span class='ocrx_word' id='word_1_295' title='bbox 903 2293 1043 2336; x_wconf 88' lang='lat' dir='ltr'><strong>Santa</strong></span> <span class='ocrx_word' id='word_1_296' title='bbox 1072 2292 1272 2336; x_wconf 85' lang='lat' dir='ltr'><strong>Barbara</strong></span> <span class='ocrx_word' id='word_1_297' title='bbox 1288 2294 1321 2346; x_wconf 79' lang='lat'><strong>³,</strong></span> <span class='ocrx_word' id='word_1_298' title='bbox 1346 2293 1377 2336; x_wconf 92' lang='lat' dir='ltr'><strong>li</strong></span> <span class='ocrx_word' id='word_1_299' title='bbox 1405 2293 1659 2350; x_wconf 90' lang='lat' dir='ltr'><strong>parlorono,</strong></span> <span class='ocrx_word' id='word_1_300' title='bbox 1686 2300 1731 2339; x_wconf 92' lang='lat' dir='ltr'><strong>et</strong></span> <span class='ocrx_word' id='word_1_301' title='bbox 1759 2293 1973 2338; x_wconf 77' lang='lat' dir='ltr'><strong>dimando</strong></span> 
     </span>
     <span class='ocr_line' id='line_1_28' title="bbox 336 2367 1970 2427; baseline 0.001 -16"><span class='ocrx_word' id='word_1_302' title='bbox 336 2368 599 2412; x_wconf 87' lang='lat' dir='ltr'><strong>memoriali.</strong></span> <span class='ocrx_word' id='word_1_303' title='bbox 620 2367 852 2425; x_wconf 89' lang='lat' dir='ltr'><strong>Speriamo</strong></span> <span class='ocrx_word' id='word_1_304' title='bbox 874 2370 958 2410; x_wconf 89' lang='lat' dir='ltr'><strong>che</strong></span> <span class='ocrx_word' id='word_1_305' title='bbox 980 2369 1169 2426; x_wconf 72' lang='lat' dir='ltr'><strong>pigliara</strong></span> <span class='ocrx_word' id='word_1_306' title='bbox 1191 2370 1233 2413; x_wconf 90' lang='lat' dir='ltr'><strong>la</strong></span> <span class='ocrx_word' id='word_1_307' title='bbox 1256 2383 1367 2413; x_wconf 89' lang='lat' dir='ltr'><strong>cosa</strong></span> <span class='ocrx_word' id='word_1_308' title='bbox 1387 2384 1521 2426; x_wconf 90' lang='lat' dir='ltr'><strong>sopra</strong></span> <span class='ocrx_word' id='word_1_309' title='bbox 1537 2369 1583 2413; x_wconf 90' lang='lat' dir='ltr'><strong>di</strong></span> <span class='ocrx_word' id='word_1_310' title='bbox 1599 2385 1663 2415; x_wconf 90' lang='lat' dir='ltr'><strong>se.</strong></span> <span class='ocrx_word' id='word_1_311' title='bbox 1691 2371 1749 2414; x_wconf 91' lang='lat' dir='ltr'><strong>Et</strong></span> <span class='ocrx_word' id='word_1_312' title='bbox 1769 2384 1904 2427; x_wconf 88' lang='lat' dir='ltr'><strong>sopra</strong></span> <span class='ocrx_word' id='word_1_313' title='bbox 1924 2369 1970 2413; x_wconf 91' lang='lat' dir='ltr'><strong>di</strong></span> 
     </span>
     <span class='ocr_line' id='line_1_29' title="bbox 336 2444 1969 2503; baseline 0.001 -15"><span class='ocrx_word' id='word_1_314' title='bbox 336 2445 486 2500; x_wconf 90' lang='lat' dir='ltr'><strong>questi</strong></span> <span class='ocrx_word' id='word_1_315' title='bbox 508 2444 681 2502; x_wconf 85' lang='lat' dir='ltr'><strong>negotii</strong></span> <span class='ocrx_word' id='word_1_316' title='bbox 703 2444 943 2488; x_wconf 87' lang='lat' dir='ltr'><strong>habbiamo</strong></span> <span class='ocrx_word' id='word_1_317' title='bbox 968 2445 1041 2487; x_wconf 92' lang='lat' dir='ltr'><strong>noi</strong></span> <span class='ocrx_word' id='word_1_318' title='bbox 1063 2446 1108 2488; x_wconf 92' lang='lat' dir='ltr'><strong>di</strong></span> <span class='ocrx_word' id='word_1_319' title='bbox 1131 2461 1220 2503; x_wconf 90' lang='lat' dir='ltr'><strong>qua</strong></span> <span class='ocrx_word' id='word_1_320' title='bbox 1242 2447 1353 2491; x_wconf 87' lang='lat' dir='ltr'><strong>satta</strong></span> <span class='ocrx_word' id='word_1_321' title='bbox 1374 2447 1417 2490; x_wconf 91' lang='lat' dir='ltr'><strong>la</strong></span> <span class='ocrx_word' id='word_1_322' title='bbox 1444 2446 1669 2503; x_wconf 82' lang='lat' dir='ltr'><strong>diligenza</strong></span> <span class='ocrx_word' id='word_1_323' title='bbox 1690 2448 1775 2490; x_wconf 89' lang='lat' dir='ltr'><strong>che</strong></span> <span class='ocrx_word' id='word_1_324' title='bbox 1799 2460 1969 2503; x_wconf 90' lang='lat' dir='ltr'><strong>pareua</strong></span> 
     </span>
     <span class='ocr_line' id='line_1_30' title="bbox 336 2508 1997 2579; baseline 0.001 -15"><span class='ocrx_word' id='word_1_325' title='bbox 336 2521 601 2574; x_wconf 89' lang='lat' dir='ltr'><strong>conuenire,</strong></span> <span class='ocrx_word' id='word_1_326' title='bbox 628 2527 754 2565; x_wconf 85' lang='lat' dir='ltr'><strong>tanto</strong></span> <span class='ocrx_word' id='word_1_327' title='bbox 775 2521 846 2564; x_wconf 91' lang='lat' dir='ltr'><strong>col</strong></span> <span class='ocrx_word' id='word_1_328' title='bbox 867 2522 984 2564; x_wconf 90' lang='lat' dir='ltr'><strong>duca</strong></span> <span class='ocrx_word' id='word_1_329' title='bbox 1004 2522 1049 2564; x_wconf 87' lang='lat' dir='ltr'><strong>di</strong></span> <span class='ocrx_word' id='word_1_330' title='bbox 1071 2524 1249 2568; x_wconf 91' lang='lat' dir='ltr'><strong>Lorena</strong></span> <span class='ocrx_word' id='word_1_331' title='bbox 1265 2524 1298 2576; x_wconf 84' lang='lat'><strong>⁴,</strong></span> <span class='ocrx_word' id='word_1_332' title='bbox 1324 2529 1493 2579; x_wconf 92' lang='lat' dir='ltr'><strong>quanto</strong></span> <span class='ocrx_word' id='word_1_333' title='bbox 1516 2537 1606 2566; x_wconf 95' lang='grc'>0011</span> <span class='ocrx_word' id='word_1_334' title='bbox 1628 2522 1692 2579; x_wconf 86' lang='lat' dir='ltr'><strong>gli</strong></span> <span class='ocrx_word' id='word_1_335' title='bbox 1709 2508 1967 2567; x_wconf 84' lang='lat' dir='ltr'><strong>luzembur-</strong></span> <span class='ocrx_word' id='word_1_336' title='bbox 1992 2535 1997 2546; x_wconf 67' lang='lat'>¹</span> 
     </span>
     <span class='ocr_line' id='line_1_31' title="bbox 335 2597 1967 2656; baseline 0.001 -15"><span class='ocrx_word' id='word_1_337' title='bbox 335 2598 483 2655; x_wconf 84' lang='lat' dir='ltr'><strong>gensi,</strong></span> <span class='ocrx_word' id='word_1_338' title='bbox 503 2605 548 2642; x_wconf 94' lang='lat' dir='ltr'><strong>et</strong></span> <span class='ocrx_word' id='word_1_339' title='bbox 565 2612 720 2655; x_wconf 88' lang='lat' dir='ltr'><strong>spesso</strong></span> <span class='ocrx_word' id='word_1_340' title='bbox 737 2597 921 2641; x_wconf 90' lang='lat' dir='ltr'><strong>alchuni</strong></span> <span class='ocrx_word' id='word_1_341' title='bbox 940 2598 1082 2642; x_wconf 89' lang='lat' dir='ltr'><strong>talleri</strong></span> <span class='ocrx_word' id='word_1_342' title='bbox 1098 2613 1179 2656; x_wconf 90' lang='lat' dir='ltr'><strong>per</strong></span> <span class='ocrx_word' id='word_1_343' title='bbox 1196 2606 1359 2655; x_wconf 91' lang='lat' dir='ltr'><strong>questo</strong></span> <span class='ocrx_word' id='word_1_344' title='bbox 1375 2606 1527 2652; x_wconf 90' lang='lat' dir='ltr'><strong>conto,</strong></span> <span class='ocrx_word' id='word_1_345' title='bbox 1547 2606 1592 2643; x_wconf 94' lang='lat' dir='ltr'><strong>et</strong></span> <span class='ocrx_word' id='word_1_346' title='bbox 1609 2598 1850 2643; x_wconf 90' lang='lat' dir='ltr'><strong>habbiamo</strong></span> <span class='ocrx_word' id='word_1_347' title='bbox 1865 2613 1967 2656; x_wconf 90' lang='lat' dir='ltr'><strong>pro·</strong></span> 
     </span>
    </p>
   </div>
   <div class='ocr_carea' id='block_1_3' title="bbox 339 2689 619 2700">
    <p class='ocr_par' dir='ltr' id='par_1_3' title="bbox 339 2689 619 2700">
     <span class='ocr_line' id='line_1_32' title="bbox 339 2689 619 2700; baseline 0 0"><span class='ocrx_word' id='word_1_348' title='bbox 339 2689 619 2700; x_wconf 95' lang='lat' dir='ltr'><strong> </strong></span> 
     </span>
    </p>
   </div>
   <div class='ocr_carea' id='block_1_4' title="bbox 330 2732 1969 2840">
    <p class='ocr_par' dir='ltr' id='par_1_4' title="bbox 330 2732 1969 2840">
     <span class='ocr_line' id='line_1_33' title="bbox 403 2732 1969 2784; baseline 0.001 -14"><span class='ocrx_word' id='word_1_349' title='bbox 403 2741 425 2762; x_wconf 84' lang='lat' dir='ltr'><strong>a</strong></span> <span class='ocrx_word' id='word_1_350' title='bbox 463 2734 648 2782; x_wconf 88' lang='lat' dir='ltr'><strong>Sequitur</strong></span> <span class='ocrx_word' id='word_1_351' title='bbox 664 2735 701 2770; x_wconf 89' lang='lat' dir='ltr'><strong>ci</strong></span> <span class='ocrx_word' id='word_1_352' title='bbox 717 2732 1052 2770; x_wconf 64' lang='lat' dir='ltr'><strong>obliteratum-¹³</strong></span> <span class='ocrx_word' id='word_1_353' title='bbox 1069 2744 1090 2770; x_wconf 87' lang='lat'><em>2</em></span> <span class='ocrx_word' id='word_1_354' title='bbox 1108 2736 1228 2772; x_wconf 90' lang='lat' dir='ltr'><strong>verba</strong></span> <span class='ocrx_word' id='word_1_355' title='bbox 1245 2747 1359 2784; x_wconf 86' lang='lat' dir='ltr'><strong>seqq.</strong></span> <span class='ocrx_word' id='word_1_356' title='bbox 1383 2735 1531 2772; x_wconf 84' lang='lat' dir='ltr'><strong>addidit</strong></span> <span class='ocrx_word' id='word_1_357' title='bbox 1549 2735 1598 2771; x_wconf 91' lang='lat' dir='ltr'><strong>N.</strong></span> <span class='ocrx_word' id='word_1_358' title='bbox 1625 2747 1742 2783; x_wconf 89' lang='lat' dir='ltr'><strong>supra</strong></span> <span class='ocrx_word' id='word_1_359' title='bbox 1765 2747 1873 2773; x_wconf 88' lang='lat' dir='ltr'><strong>vers.</strong></span> <span class='ocrx_word' id='word_1_360' title='bbox 1897 2747 1969 2783; x_wconf 91' lang='lat' dir='ltr'><strong>pro</strong></span> 
     </span>
     <span class='ocr_line' id='line_1_34' title="bbox 330 2792 807 2840; baseline 0.002 -13"><span class='ocrx_word' id='word_1_361' title='bbox 330 2804 420 2838; x_wconf 84' lang='lat' dir='ltr'><strong>suo,</strong></span> <span class='ocrx_word' id='word_1_362' title='bbox 440 2793 544 2840; x_wconf 91' lang='lat' dir='ltr'><strong>quod</strong></span> <span class='ocrx_word' id='word_1_363' title='bbox 562 2792 807 2829; x_wconf 87' lang='lat' dir='ltr'><strong>obliteravit.</strong></span> 
     </span>
    </p>
   </div>
   <div class='ocr_carea' id='block_1_5' title="bbox 341 2863 621 2870">
    <p class='ocr_par' dir='ltr' id='par_1_5' title="bbox 341 2863 621 2870">
     <span class='ocr_line' id='line_1_35' title="bbox 341 2863 621 2870; baseline 0 678"><span class='ocrx_word' id='word_1_364' title='bbox 341 2863 621 2870; x_wconf 95' lang='lat' dir='ltr'><strong> </strong></span> 
     </span>
    </p>
   </div>
   <div class='ocr_carea' id='block_1_6' title="bbox 398 2891 1959 3119">
    <p class='ocr_par' dir='ltr' id='par_1_6' title="bbox 405 2891 1421 2940">
     <span class='ocr_line' id='line_1_36' title="bbox 405 2891 1421 2940; baseline 0.001 -11"><span class='ocrx_word' id='word_1_365' title='bbox 405 2894 414 2913; x_wconf 86' lang='lat'>¹</span> <span class='ocrx_word' id='word_1_366' title='bbox 467 2895 637 2940; x_wconf 93' lang='lat' dir='ltr'><strong>Jacobus</strong></span> <span class='ocrx_word' id='word_1_367' title='bbox 655 2894 704 2929; x_wconf 92' lang='lat' dir='ltr'><strong>ab</strong></span> <span class='ocrx_word' id='word_1_368' title='bbox 723 2893 807 2929; x_wconf 91' lang='lat' dir='ltr'><strong>Els.</strong></span> <span class='ocrx_word' id='word_1_369' title='bbox 831 2891 932 2927; x_wconf 82' lang='lat' dir='ltr'><strong>Vide</strong></span> <span class='ocrx_word' id='word_1_370' title='bbox 951 2893 1122 2940; x_wconf 89' lang='lat' dir='ltr'><strong>append.</strong></span> <span class='ocrx_word' id='word_1_371' title='bbox 1153 2894 1256 2939; x_wconf 87' lang='lat' dir='ltr'>XLI,</span> <span class='ocrx_word' id='word_1_372' title='bbox 1276 2894 1421 2930; x_wconf 93' lang='lat' dir='ltr'><strong>XLIV.</strong></span> 
     </span>
    </p>

    <p class='ocr_par' dir='ltr' id='par_1_7' title="bbox 401 2951 1959 3058">
     <span class='ocr_line' id='line_1_37' title="bbox 401 2951 1959 3001; baseline 0.001 -13"><span class='ocrx_word' id='word_1_373' title='bbox 401 2955 415 2974; x_wconf 76' lang='lat'><strong>‘²</strong></span> <span class='ocrx_word' id='word_1_374' title='bbox 466 2951 664 2989; x_wconf 85' lang='lat' dir='ltr'><strong>Oliverius</strong></span> <span class='ocrx_word' id='word_1_375' title='bbox 688 2953 905 2995; x_wconf 86' lang='lat' dir='ltr'><strong>Manareus,</strong></span> <span class='ocrx_word' id='word_1_376' title='bbox 927 2958 967 2986; x_wconf 86' lang='lat' dir='ltr'><strong>et</strong></span> <span class='ocrx_word' id='word_1_377' title='bbox 990 2953 1221 2989; x_wconf 89' lang='lat' dir='ltr'><strong>Franciscus</strong></span> <span class='ocrx_word' id='word_1_378' title='bbox 1245 2953 1451 2990; x_wconf 91' lang='lat' dir='ltr'><strong>Costerus.</strong></span> <span class='ocrx_word' id='word_1_379' title='bbox 1484 2953 1584 2989; x_wconf 90' lang='lat' dir='ltr'><strong>Vide</strong></span> <span class='ocrx_word' id='word_1_380' title='bbox 1604 2953 1723 3001; x_wconf 84' lang='lat' dir='ltr'><strong>epist.</strong></span> <span class='ocrx_word' id='word_1_381' title='bbox 1746 2953 1832 2999; x_wconf 91' lang='lat'><em>480,</em></span> <span class='ocrx_word' id='word_1_382' title='bbox 1851 2965 1896 2990; x_wconf 86' lang='lat' dir='ltr'><strong>n.</strong></span> <span class='ocrx_word' id='word_1_383' title='bbox 1919 2963 1959 2990; x_wconf 87' lang='lat'><strong>2.</strong></span> 
     </span>
     <span class='ocr_line' id='line_1_38' title="bbox 402 3011 1228 3058; baseline 0.004 -12"><span class='ocrx_word' id='word_1_384' title='bbox 402 3012 416 3032; x_wconf 77' lang='lat'>⁵</span> <span class='ocrx_word' id='word_1_385' title='bbox 467 3011 567 3046; x_wconf 92' lang='lat' dir='ltr'><strong>Vide</strong></span> <span class='ocrx_word' id='word_1_386' title='bbox 586 3012 704 3058; x_wconf 88' lang='lat' dir='ltr'><strong>epist.</strong></span> <span class='ocrx_word' id='word_1_387' title='bbox 729 3011 814 3057; x_wconf 88' lang='lat'><strong>466,</strong></span> <span class='ocrx_word' id='word_1_388' title='bbox 833 3022 876 3046; x_wconf 89' lang='lat' dir='ltr'><strong>n.</strong></span> <span class='ocrx_word' id='word_1_389' title='bbox 901 3019 935 3055; x_wconf 80' lang='lat'><strong>53</strong></span> <span class='ocrx_word' id='word_1_390' title='bbox 957 3016 998 3046; x_wconf 89' lang='lat' dir='ltr'><strong>et</strong></span> <span class='ocrx_word' id='word_1_391' title='bbox 1015 3012 1100 3058; x_wconf 86' lang='lat'><strong>469,</strong></span> <span class='ocrx_word' id='word_1_392' title='bbox 1120 3024 1163 3049; x_wconf 88' lang='lat' dir='ltr'><strong>n.</strong></span> <span class='ocrx_word' id='word_1_393' title='bbox 1187 3012 1228 3049; x_wconf 88' lang='lat'><strong>3.</strong></span> 
     </span>
    </p>

    <p class='ocr_par' dir='ltr' id='par_1_8' title="bbox 398 3063 1430 3119">
     <span class='ocr_line' id='line_1_39' title="bbox 398 3063 1430 3119; baseline 0.004 -15"><span class='ocrx_word' id='word_1_394' title='bbox 398 3063 423 3091; x_wconf 46' lang='lat'><strong>⁴¹</strong></span> <span class='ocrx_word' id='word_1_395' title='bbox 465 3070 695 3114; x_wconf 75' lang='lat' dir='ltr'><strong>Franciscus</strong></span> <span class='ocrx_word' id='word_1_396' title='bbox 714 3069 877 3107; x_wconf 81' lang='lat' dir='ltr'><strong>Guisius</strong></span> <span class='ocrx_word' id='word_1_397' title='bbox 895 3070 958 3105; x_wconf 89' lang='lat' dir='ltr'><strong>vel</strong></span> <span class='ocrx_word' id='word_1_398' title='bbox 977 3070 1176 3107; x_wconf 89' lang='lat' dir='ltr'><strong>Guisanus</strong></span> <span class='ocrx_word' id='word_1_399' title='bbox 1193 3071 1258 3116; x_wconf 90' lang='lat' dir='ltr'><strong>(de</strong></span> <span class='ocrx_word' id='word_1_400' title='bbox 1277 3072 1430 3119; x_wconf 87' lang='lat' dir='ltr'><strong>Guise).</strong></span> 
     </span>
    </p>
   </div>
  </div>
 </body>
</html>
