2228 3548
1899 0 1906 11 Ἴ
1932 3 1942 8 ’·
1951 0 2017 30 origg:
2030 0 2228 63 ωμψῌιᾛ

2107 40 2110 47 Α
2131 34 2134 38 ,

383 306 452 352 334
893 302 1033 337 prsr.
1060 300 1105 336 P.
1136 299 1410 346 NADAL—-456

332 408 547 453 scrittura
569 404 613 448 di
635 418 718 448 sua
740 417 892 456 mano,
911 410 957 446 et
976 401 1117 445 molto
1137 400 1291 445 auanti
1307 403 1392 448 che
1412 402 1444 445 li
1465 403 1750 449 arciuescoui
1772 400 1965 456 elettori,
2023 391 2024 394 ¹

335 482 532 542 procuro
558 489 604 527 et
631 481 759 524 uolse
789 479 970 523 fundar'
993 478 1025 521 il
1052 477 1264 534 collegio,
1289 484 1335 523 et
1366 492 1544 536 sempre
1565 481 1614 523 fu
1645 479 1893 537 impedito3
1922 485 1967 523 et

331 566 487 605 tamen
514 558 822 603 chiaramonte
854 555 955 600 dice
983 556 1069 599 che
1096 569 1146 599 se
1175 569 1233 599 ne
1255 562 1391 612 pente
1421 564 1751 603 summamente
1782 558 1840 602 de
1870 572 1965 601 non

336 638 525 682 hauerlo
547 638 658 679 fatto
680 634 838 691 prima:
858 634 884 677 e
907 634 1059 676 buono
1078 638 1100 660 ⁸
1118 665 1128 686 ,
1155 631 1285 676 facile
1305 638 1352 676 et
1373 639 1577 690 potente,
1602 634 1776 679 benche
1797 635 1837 679 al
1859 648 1964 690 pre-

335 722 464 761 sente
478 716 538 757 ha
558 712 796 764 difficolta‚
821 725 951 754 come
973 709 1160 753 diremo.
1188 709 1329 754 Tiene
1357 724 1532 755 summa
1553 710 1769 755 difficolta
1795 711 1842 756 in
1874 726 1964 768 gu·-

335 794 526 837 bernare
543 790 573 833 il
590 805 672 834 suo
685 795 932 834 vescouato
949 794 995 832 et
1012 787 1177 831 ducato
1194 800 1331 832 senza
1345 787 1388 832 13
1399 788 1696 845 Compagnia.
1713 790 1788 833 Ha
1803 795 1964 845 questo

336 871 461 913 buon
482 867 685 926 principe
706 881 885 909 merum
902 869 943 908 et
959 866 1157 908 mixtum
1174 866 1419 922 imperium
1441 865 1489 908 in
1510 871 1629 909 tutto
1651 865 1683 908 il
1704 880 1786 910 suo
1807 881 1968 911 vesco-

339 953 446 991 uato
467 953 512 990 et
533 946 699 988 ducato
720 943 765 986 di
788 942 980 987 Francia
1002 942 1222 987 orientale
1235 977 1245 996 ,
1270 942 1302 985 il
1330 943 1464 999 quale
1493 944 1553 987 ha
1581 949 1729 988 trenta
1750 957 1842 988 una
1862 943 1968 996 cita,

335 1031 386 1068 et
407 1022 513 1080 pagi
533 1037 625 1065 una
643 1036 758 1079 gran
781 1019 1087 1064 multitudine.
1111 1020 1181 1063 Ne
1198 1019 1245 1063 in
1261 1020 1304 1064 la
1321 1019 1410 1063 cita
1426 1019 1688 1077 principale,
1709 1021 1795 1064 che
1810 1021 1837 1063 ὁ
1853 1020 1972 1064 Her-

339 1099 494 1157 bipoli,
518 1100 576 1143 ne
598 1100 742 1151 fuora,
767 1103 1001 1154 comporta
1029 1096 1311 1154 predicatore
1332 1097 1497 1141 nisuno
1528 1097 1768 1141 lutherano
1789 1111 1816 1141 o
1838 1098 1973 1142 here-

338 1177 444 1222 tic0.
478 1178 602 1222 Sono
629 1176 676 1219 in
707 1174 946 1232 Herbipoli
978 1189 1146 1218 ancora
1183 1181 1344 1231 quatro
1381 1173 1597 1220 conuenti
1634 1174 1739 1218 delli
1773 1186 1802 1229 4
1829 1173 1972 1219 ordini

342 1253 632 1307 mendicanti,
658 1253 749 1297 due
770 1251 952 1296 abbatie
973 1253 1030 1295 de
1059 1251 1268 1295 monachi
1291 1258 1336 1296 et
1357 1267 1418 1294 vn
1440 1251 1714 1296 monasterio
1735 1252 1793 1296 de
1813 1265 1971 1309 mona—

336 1333 427 1375 che
453 1333 481 1374 ¹.
507 1331 542 1374 Il
563 1330 773 1387 capitolo,
804 1330 980 1373 benche
1008 1330 1034 1372 e
1060 1335 1267 1385 potente,
1292 1329 1330 1372 si
1353 1328 1472 1372 tiene
1495 1335 1618 1372 certa
1646 1342 1864 1386 speranza
1884 1329 1968 1372 che

336 1407 601 1452 -consentira
617 1407 663 1450 in
685 1406 791 1450 tutti
809 1405 957 1461 questi
975 1405 1163 1462 negotii,
1183 1405 1221 1449 si
1238 1420 1366 1450 come
1382 1405 1423 1449 ci
1440 1407 1500 1449 ha
1516 1405 1772 1463 significato
1789 1405 1820 1448 il
1835 1403 1970 1449 scho-

338 1485 515 1538 lastico,
540 1486 624 1528 che
652 1484 678 1528 e
699 1498 790 1526 una
818 1484 934 1527 delle
961 1482 1195 1539 principali
1223 1482 1412 1540 dignita.
1439 1483 1474 1527 Il
1505 1484 1668 1540 popolo
1694 1481 1971 1526 intendiamo

336 1563 428 1606 che
454 1561 658 1606 desidera
685 1562 823 1604 molto
852 1561 895 1603 13
923 1560 1228 1617 Compagnia‚
1261 1568 1307 1605 et
1338 1567 1408 1604 sta
1440 1560 1706 1617 aspettando
1727 1574 1814 1604 con
1835 1560 1974 1603 molta

340 1639 527 1684 auidita.
554 1640 611 1682 Et
631 1638 702 1681 c'e
724 1653 814 1681 una
842 1652 970 1691 cosa,
995 1639 1080 1681 che
1101 1637 1132 1680 il
1154 1651 1350 1682 vescouo
1372 1644 1419 1681 et
1449 1636 1555 1681 tutti
1577 1638 1638 1694 gl'
1662 1636 1762 1680 altri
1791 1638 1973 1682 confer-

341 1730 494 1769 mano,
519 1717 603 1759 che
624 1715 667 1758 la
688 1714 873 1757 materia
895 1715 920 1757 e
943 1714 1149 1771 grandeb
1170 1714 1215 1757 di
1237 1715 1318 1758 far’
1338 1715 1477 1758 molto
1496 1715 1636 1757 frutto
1659 1728 1745 1758 con
1762 1714 1805 1758 la
1821 1712 1974 1757 diuina

344 1792 507 1850 gratia;
533 1799 578 1837 et
599 1806 691 1835 non
712 1792 807 1834 solo
829 1792 947 1836 nelle
969 1792 1081 1835 altre
1101 1806 1224 1846 cose,
1248 1806 1322 1835 ma
1342 1791 1477 1835 etiam
1500 1807 1526 1836 a
1547 1791 1723 1848 pigliar'
1744 1790 1871 1834 molti
1892 1805 1974 1847 per

339 1869 386 1913 la
407 1868 690 1926 Compagnia
711 1875 756 1912 et
778 1868 918 1911 buoni
940 1868 1112 1925 sugetti
1134 1883 1142 1922 ;
1174 1875 1219 1913 et
1247 1870 1272 1912 e
1300 1869 1329 1911 l’
1354 1868 1531 1912 intento
1561 1868 1634 1911 del
1663 1882 1860 1912 vescouo
1890 1881 1972 1924 per

336 1947 557 2005 generale
576 1945 717 1991 editto
738 1947 940 1989 reuocar’
965 1945 1071 1989 tutti
1091 1946 1123 1988 11
1145 1945 1346 1990 franconi
1368 1947 1453 1989 che
1474 1959 1585 1988 sono
1606 1944 1653 1987 in
1671 1951 1788 1989 tutte
1809 1945 1852 1989 le
1869 1943 1970 1987 vni-

344 2023 529 2077 uersita,
554 2023 688 2068 etiam
705 2022 916 2067 heretice.
939 2023 971 2066 Il
988 2023 1165 2067 edificio
1182 2023 1271 2079 pe’l
1292 2022 1500 2080 collegio,
1520 2023 1696 2067 benche
1712 2036 1804 2065 non
1825 2022 1850 2065 e
1867 2020 1970 2064 fini-

338 2107 410 2154 to,
429 2100 468 2144 si
485 2101 600 2145 uede
620 2101 705 2143 che
726 2101 826 2143 sara
847 2101 1054 2153 comodo,
1075 2106 1121 2143 et
1143 2101 1229 2144 che
1245 2099 1283 2143 si
1299 2100 1390 2156 puo
1407 2105 1718 2156 augmentare3
1739 2099 1783 2142 la
1800 2097 1968 2151 chiesa,

342 2178 522 2222 benche
543 2179 569 2221 e
591 2177 750 2234 picola,
775 2177 800 2220 ὲ
823 2176 938 2220 assai
961 2178 1152 2221 comoda
1179 2184 1224 2221 et
1252 2177 1412 2234 gintile
1433 2191 1441 2231 ;
1474 2183 1519 2222 et
1544 2176 1785 2220 habbiamo
1806 2175 1837 2218 il
1859 2189 1972 2219 can·-

340 2254 526 2298 cellario
548 2254 686 2298 molto
707 2254 764 2297 da
785 2254 924 2307 bene,
949 2255 1074 2297 buon
1095 2254 1332 2307 catholico,
1358 2261 1404 2299 et
1431 2254 1570 2298 molto
1597 2267 1764 2310 capace
1791 2252 1837 2296 di
1866 2266 1973 2309 rag-

346 2330 482 2392 gione
504 2338 549 2376 et
571 2331 711 2374 molto
734 2337 903 2384 nostro,
929 2337 973 2374 et
994 2331 1020 2374 e
1041 2332 1190 2387 quello
1207 2333 1291 2375 che
1308 2345 1512 2388 gouerna
1533 2330 1564 2373 il
1581 2337 1715 2385 tutto3
1738 2337 1784 2374 et
1801 2329 1877 2387 gia
1891 2343 1971 2386 per

339 2409 486 2453 breue
502 2407 746 2465 apostolico
764 2408 789 2450 e
806 2407 1026 2463 applicata
1042 2408 1084 2451 la
1102 2409 1276 2453 rendita
1293 2408 1366 2452 del
1387 2407 1674 2461 monasterio,
1696 2409 1780 2452 che
1797 2407 1970 2450 alman-

338 2499 414 2539 co,
439 2487 516 2528 un'
541 2499 659 2528 anno
681 2485 748 2547 cof
773 2484 804 2526 l'
829 2484 956 2538 altro,
981 2499 1174 2528 saranno
1191 2484 1312 2530 mille
1328 2484 1502 2530 fioreni.
1523 2485 1588 2529 Le
1604 2484 1818 2527 difficolta
1834 2496 1964 2526 sono:

339 2562 502 2619 prima,
527 2563 613 2606 che
634 2561 665 2604 il
685 2575 882 2604 vescouo
904 2568 972 2604 sta
999 2561 1047 2605 in
1074 2562 1290 2605 continua
1311 2575 1476 2619 guerra
1499 2576 1526 2604 o
1548 2561 1595 2604 in
1616 2560 1765 2604 recelo
1788 2559 1862 2603 del
1883 2572 1967 2602 suo

339 2639 536 2692 nemico,
562 2640 647 2683 che
668 2637 831 2681 dicono
848 2652 971 2681 esser
988 2639 1138 2694 quello
1154 2641 1239 2683 che
1255 2640 1448 2695 procuro
1471 2651 1701 2682 amazzare
1718 2636 1749 2679 il
1770 2649 1969 2680 vescouo

344 2717 616 2771 precedente
637 2730 646 2770 3
677 2721 722 2758 et
750 2721 908 2770 quatro
941 2715 1045 2758 anni
1077 2716 1142 2768 fa,
1169 2717 1343 2772 occupo
1371 2717 1415 2760 la
1442 2715 1551 2759 citta
1572 2715 1615 2758 d’
1642 2712 1900 2769 Herbipoli,
1925 2718 1971 2756 et

339 2792 624 2849 sacqueggio
645 2792 687 2835 le
710 2806 812 2835 case
835 2792 890 2835 de
912 2792 1117 2836 canonici
1138 2809 1147 2836 :
1174 2799 1244 2836 sta
1265 2799 1436 2836 serrato
1457 2791 1488 2834 il
1511 2805 1710 2835 vescouo
1731 2789 1973 2834 continua-

337 2875 495 2912 mente
517 2869 592 2913 nel
612 2883 697 2912 suo
719 2868 903 2912 castello
927 2869 1062 2922 forte,
1088 2883 1222 2927 sopra
1244 2884 1333 2913 vna
1361 2875 1607 2926 montagna
1628 2867 1876 2924 congionta
1897 2872 1916 2894 ⁰
1946 2880 1973 2909 3

413 2975 435 2997 a
472 2979 493 3004 2
511 2970 633 3004 verba
651 2979 762 3015 seqq.
787 2979 902 3015 supra
919 2979 1021 3005 vers.
1042 2969 1190 3006 addidit
1207 2969 1377 3006 libr.-b
1389 2968 1647 3006 Emendatum
1664 2979 1686 3004 a
1704 2967 1796 3004 libr.
1827 2978 1876 3003 ex
1903 2966 1970 3004 che

333 3025 359 3060 se*
379 3027 421 3062 la
439 3028 614 3063 materia
626 3027 877 3075 grande.-c
898 3027 983 3062 Hoc
1001 3028 1116 3065 verb.
1139 3040 1254 3076 supra
1271 3040 1379 3065 vers.
1403 3027 1550 3064 addidit
1568 3027 1659 3064 libr.

416 3116 427 3137 ¹
477 3114 541 3152 Cf.
566 3116 923 3162 BRAUNSBERGER‚
941 3116 1019 3153 loc.
1043 3116 1132 3162 cit„
1155 3117 1228 3163 111,
1250 3116 1329 3162 137,
1349 3116 1434 3163 365,
1449 3125 1537 3162 422.
