2228 3548
413 280 487 316 608
942 279 1083 315 Eius-r.
1109 278 1154 314 P.
1183 278 1382 316 NADAL—
1387 279 1458 326 526

1128 379 1256 419 528

816 464 870 507 P.
899 464 1317 508 HIERONYMUS
1345 430 1567 508 NADAL

705 539 948 578 SANCTO
983 538 1334 578 FRANCISCO
1369 541 1446 576 DE
1479 539 1675 587 BORJA

913 614 1106 652 PARJSHS,
1129 614 1175 641 22
1189 614 1298 649 JtJNn
1318 605 1410 651 1568
1429 605 1461 642 ¹.

362 694 395 720 1.
409 684 588 720 Lovanio
605 683 808 720 Lutetiam
823 683 1086 719 Parisiorum
1098 695 1190 719 cum
1204 683 1339 731 legato
1356 682 1521 720 Galliae
1534 683 1745 720 venit.-2.
1763 683 1821 721 Ob
1829 685 2012 732 publicas

416 744 745 791 perturbationes
771 743 887 780 illius
912 744 1047 791 regni,
1066 743 1231 780 comitia
1245 743 1558 791 provinciarum
1576 744 1798 780 omittenda
1823 748 2013 782 censet.-

411 814 446 851 3.
467 805 677 852 Augerius
695 804 874 839 Parisiis
892 803 1142 850 retinendus,
1160 805 1197 839 et
1214 803 1259 839 in
1277 802 1407 850 officio
1426 803 1695 849 provincialis
1717 806 2014 841 conservandus

409 864 587 905 videtur,
607 863 652 899 ob
665 863 752 910 ejus
770 863 812 899 in
829 863 974 899 bonum
991 863 1201 899 Societatis
1214 866 1250 899 et
1264 863 1326 899 rei
1335 863 1522 910 publicae
1528 863 1750 910 praeclara
1759 866 1892 911 gesta:
1904 867 2013 912 spem

408 925 595 971 aliquam
605 923 721 971 fovet
740 923 1104 972 congregationum
1122 924 1415 970 cogendarum,
1429 925 1474 958 ut
1487 926 1774 971 procuratores
1787 924 2011 972 eligantur.

459 1016 496 1047 1.
556 1003 689 1060 Jhus.
715 1002 859 1046 Molto
897 1002 1014 1045 Rdo.
1058 1003 1110 1044 Ρ.
1152 1002 1211 1045 Ν.
1238 1000 1285 1044 in
1323 1000 1526 1046 Christo.
1571 1003 1666 1045 Pax
1704 1001 1894 1055 Christi,
1915 1010 2006 1048 etc.

364 1081 594 1125 Partendo
615 1080 662 1123 di
683 1079 889 1124 Louanio
908 1078 982 1122 alli
1006 1090 1031 1133 7
1055 1078 1100 1122 di
1122 1085 1300 1134 questo,
1333 1078 1463 1122 scrisi
1492 1079 1580 1123 alla
1612 1081 1666 1123 P.
1698 1081 1755 1124 V.
1782 1081 1818 1123 Il
1846 1080 2010 1137 giorno

359 1165 585 1216 seguente
606 1156 726 1214 parti
749 1156 793 1200 di
817 1156 1048 1200 Brussella
1070 1158 1141 1200 co'
1167 1155 1194 1199 l’
1217 1157 1546 1202 ambasciatore
1567 1157 1614 1200 di
1635 1164 1798 1213 questo
1816 1172 1864 1202 te
1881 1158 2007 1202 chri-

358 1236 653 1289 stianissimo,
678 1236 721 1279 al
741 1235 875 1290 quale
897 1235 1126 1279 sucedeua
1147 1234 1194 1277 in
1212 1235 1363 1290 quella
1385 1241 1511 1279 corte
1531 1234 1577 1278 di
1600 1236 1636 1279 F
1638 1235 1796 1279 iandra
1826 1238 1900 1280 vn'
1935 1237 2003 1280 31-

358 1322 444 1357 tro.
472 1312 755 1357 Arriuasimo
777 1326 868 1368 qua
890 1311 964 1355 alli
993 1322 1041 1366 15
1066 1326 1153 1355 con
1170 1311 1317 1356 sanita
1334 1326 1414 1369 per
1431 1311 1578 1370 gratia
1594 1313 1668 1358 del
1690 1312 1903 1370 Signore.
1924 1314 2000 1358 Ho

357 1390 679 1435 incominciato
701 1396 747 1433 et
769 1389 950 1446 seguito
987 1389 1031 1431 in
1071 1396 1234 1445 questo
1269 1389 1464 1447 collegio
1501 1405 1528 1434 a
1565 1391 1659 1435 fare
1680 1391 1723 1434 la
1758 1389 1907 1434 visita.
1935 1392 2001 1436 Le

358 1482 466 1513 cose
488 1468 534 1511 di
556 1466 747 1511 Francia
764 1474 895 1510 stano
916 1466 961 1508 di
984 1467 1133 1519 modo,
1155 1467 1356 1511 secondo
1379 1468 1467 1511 che
1483 1466 1545 1510 mi
1562 1467 1727 1511 dicono
1744 1468 1892 1525 questi
1913 1470 2003 1512 Pa-

357 1546 444 1600 dri,
469 1547 555 1590 che
576 1559 668 1588 non
691 1545 714 1588 ὲ
732 1544 883 1588 sicuro
907 1543 1060 1587 andar'
1083 1543 1282 1598 intorno,
1308 1543 1442 1588 insin'
1464 1546 1552 1589 che
1573 1545 1612 1588 si
1635 1545 1748 1602 pigli
1765 1560 1855 1589 vna
1871 1546 2002 1602 qual-

357 1625 443 1668 che
465 1624 619 1666 buona
639 1621 919 1665 risolutione.
942 1622 974 1664 Il
998 1621 1246 1666 medesimo
1264 1621 1325 1665 mi
1342 1621 1439 1666 dise
1456 1637 1536 1679 per
1552 1623 1594 1666 13
1610 1622 1727 1666 vial'
1747 1622 2002 1667 ambascia-

356 1708 469 1745 tore.
495 1700 555 1745 Di
576 1700 711 1744 modo
734 1701 820 1743 che
842 1699 884 1741 io
908 1714 1048 1755 penso
1071 1705 1298 1755 aspettare
1315 1699 1392 1755 qui
1414 1699 1456 1743 13
1485 1700 1676 1757 risposta
1704 1701 1821 1744 della
1852 1702 1900 1744 P.
1927 1701 1988 1744 V.

357 1794 384 1822 3
406 1786 568 1834 questa
588 1778 766 1830 lettera,
791 1791 818 1820 o
846 1792 871 1819 a
901 1777 1050 1832 quella
1078 1775 1154 1819 ch'
1187 1777 1502 1822 ultimamente
1528 1777 1658 1822 scrisi
1685 1779 1743 1822 da
1771 1778 1993 1832 Louanio,

355 1870 436 1913 per
463 1855 700 1900 intendere
727 1869 777 1898 se
799 1856 858 1897 ho
886 1855 943 1897 da
971 1861 1196 1910 aspettare
1224 1869 1305 1912 per
1332 1856 1488 1899 andar’
1512 1857 1599 1899 alla
1625 1855 1759 1899 visita
1785 1856 1817 1899 il
1839 1863 2013 1913 tempo

353 1933 431 1990 piu
461 1932 630 1989 quieto,
656 1933 826 1988 perche
855 1931 1043 1975 intendo
1072 1933 1161 1975 che
1197 1947 1290 1976 non
1318 1934 1378 1976 ho
1406 1933 1464 1976 da
1489 1932 1696 1985 lasciarla
1723 1942 1768 1979 et
1790 1932 1945 1977 andar'
1967 1949 1994 1978 a

353 2012 514 2054 Roma.
540 2011 602 2055 Se
621 2009 804 2054 visitato
827 2017 988 2065 questo
1016 2010 1227 2067 collegio,
1255 2023 1343 2054 con
1371 2011 1567 2066 qualche
1589 2011 1785 2055 securita
1813 2011 1851 2055 si
1879 2026 1995 2068 puo-

356 2089 424 2132 tra
447 2088 603 2146 andar’
627 2087 675 2130 in
712 2088 947 2139 Verduno,
980 2087 1022 2130 ci
1051 2087 1222 2131 andaro
1259 2101 1346 2131 con
1369 2088 1412 2131 13
1443 2088 1599 2132 diuina
1631 2088 1795 2146 gratia3
1821 2088 1858 2132 si
1881 2103 1990 2143 non,

351 2168 581 2223 aspettaro
604 2164 865 2220 quaquello
887 2167 971 2208 che
994 2166 1036 2209 13
1059 2167 1113 2208 Ρ.
1140 2166 1192 2209 V.
1219 2165 1280 2208 mi
1303 2164 1529 2219 ordinerd,
1556 2180 1685 2210 come
1707 2168 1766 2209 ho
1788 2167 1931 2211 detto.

440 2256 482 2286 2.
550 2244 639 2286 Per
660 2242 703 2285 la
725 2242 970 2285 medesima
993 2256 1130 2286 causa
1151 2241 1191 2286 ci
1215 2243 1239 2286 ὲ
1257 2257 1389 2299 parso
1411 2258 1438 2286 a
1460 2244 1583 2296 tutti,
1604 2245 1692 2288 che
1709 2258 1799 2287 non
1820 2244 1857 2287 si
1879 2245 1994 2289 deb-

352 2322 474 2364 bono
496 2321 589 2363 fare
611 2318 958 2375 congregationi
981 2319 1028 2363 in
1057 2326 1218 2375 queste
1245 2321 1335 2364 due
1363 2320 1600 2376 prouincie
1628 2335 1709 2377 per
1737 2320 1904 2378 eleger'
1926 2322 1991 2379 gli

351 2398 425 2441 doi
454 2395 735 2454 procuratori
763 2397 848 2438 che
876 2398 1030 2440 hanno
1057 2412 1084 2440 a
1111 2398 1280 2441 andare
1312 2412 1338 2441 a
1375 2399 1528 2441 Roma.
1566 2386 1603 2442 E
1635 2399 1722 2442 ben
1763 2413 1872 2442 vero
1900 2400 1990 2444 che

347 2474 591 2518 habbiamo
619 2472 777 2517 scritto
815 2488 840 2515 a
870 2475 983 2516 Mro.
1015 2475 1200 2518 Andrea
1233 2475 1495 2518 Auantiano
1528 2475 1561 2529 ²,
1593 2477 1629 2518 s’
1660 2475 1692 2518 il
1718 2490 1919 2519 vescouo
1941 2476 1986 2519 di

348 2553 568 2596 Verduno
585 2553 599 2572 ³
625 2549 783 2594 hauesi
807 2565 833 2593 a
849 2550 989 2594 venir’
1012 2566 1117 2607 qua,
1143 2565 1273 2596 come
1294 2551 1331 2594 si
1349 2566 1505 2608 pensa,
1526 2552 1697 2609 venghi
1719 2567 1805 2596 con
1827 2552 1890 2595 lui
1907 2567 1988 2609 per

350 2629 630 2682 consultare3
662 2626 905 2671 altrimenti
935 2630 1020 2671 che
1049 2643 1141 2671 non
1164 2628 1354 2685 venghi.
1387 2630 1491 2673 Non
1520 2629 1545 2672 e
1573 2633 1724 2672 tamen
1746 2636 1871 2674 certo
1900 2631 1987 2674 che

356 2705 527 2762 venghi
548 2705 580 2747 il
600 2718 813 2748 vescouo.

419 2806 427 2826 ¹
481 2807 540 2841 Ex
554 2806 780 2852 archetypo,
799 2816 820 2839 3
835 2805 1013 2850 Jimenez
1028 2812 1203 2854 exarato,
1218 2812 1258 2843 et
1273 2807 1424 2843 Natalis
1438 2819 1554 2844 manu
1569 2809 1790 2856 subscripto
1804 2814 1844 2845 et
1858 2815 1987 2858 aucto,

347 2865 387 2900 in
406 2865 535 2911 Epist.
556 2865 697 2910 Natal,
716 2865 768 2908 ΙΙ,
787 2863 933 2910 duplici
951 2865 1031 2910 fol„
1059 2876 1127 2911 205
1154 2866 1254 2913 (336,
1279 2868 1354 2912 20).
1381 2867 1530 2904 Ultima
1554 2869 1675 2904 verba
1705 2869 1854 2917 Padre,
1881 2881 1987 2906 vere-

346 2936 476 2959 mos...
497 2931 573 2959 etc.
595 2929 686 2959 sunt
704 2922 855 2958 Natalis
875 2936 990 2959 manu
1010 2931 1180 2961 exarata.

413 2987 426 3004 ²*
478 2984 622 3018 Rector
646 2982 804 3028 collegii
829 2982 1092 3031 virdunensis,
1121 2990 1164 3021 ut
1189 2985 1273 3032 ipse
1292 2986 1331 3021 in
1350 2986 1531 3022 examine
1550 2987 1719 3034 scripsit,
1746 2988 1873 3035 Epist.
1903 2990 1985 3026 Na·

339 3042 430 3085 tal„
450 3043 502 3084 II,
523 3041 604 3086 535,
627 3042 709 3087 536.

415 3102 430 3122 ⁵
480 3101 665 3137 Nicolaus
684 3101 911 3136 Psalmaeus
930 3103 1141 3148 (Psaume).
1162 3103 1263 3140 Vide
1282 3105 1398 3151 epist.
1418 3105 1503 3152 482,
1521 3117 1560 3141 n.
1580 3116 1617 3151 43
1637 3111 1677 3142 et
1694 3117 1776 3153 494,
1798 3119 1836 3142 n.
1856 3118 1892 3152 4.
