2228 3548
919 272 966 308 24
991 262 1146 301 Maru
1173 261 1263 308 1567
1793 259 1864 308 423

273 366 333 410 de
353 371 513 422 queste
534 363 652 410 furie
672 364 778 410 delli
800 366 910 408 viua
930 365 994 408 les
1009 377 1172 423 gueux
1195 365 1226 419 ¹,
1250 364 1307 409 ne
1329 378 1529 422 possono
1558 364 1705 409 hauet
1733 363 1906 416 schole,

276 443 333 488 ne
353 442 604 500 predicare,
627 442 685 487 ne
706 442 803 488 dire
823 457 987 495 messa,
1011 441 1049 486 si
1072 456 1163 486 non
1182 448 1545 487 nascostamente
1566 441 1612 484 in
1637 455 1726 484 vna
1755 453 1911 484 came-

278 534 348 563 ra.
379 519 477 565 Delt
487 526 606 564 tutto
627 520 736 563 dare
759 518 981 577 raggione
1007 519 1093 563 alla
1114 520 1168 563 P.
1193 519 1252 563 V.
1275 525 1436 575 questa
1457 517 1707 563 settimana.

370 609 413 643 2.
477 598 654 653 Questa
674 596 803 654 quasi
819 596 849 641 ”e
871 597 968 640 solo
989 610 1071 653 per
1089 596 1306 639 mandare
1332 595 1398 652 gli
1417 594 1562 639 scritti
1583 596 1671 639 che
1690 595 1735 638 la
1763 596 1816 638 P.
1848 595 1906 638 V.

279 674 342 718 mi
362 675 423 718 ha
452 674 658 718 ordinato
685 673 838 719 mandi
865 674 982 718 delle
1012 687 1118 718 cose
1151 673 1226 717 del
1257 674 1310 716 P.
1346 675 1466 717 Mro.
1501 671 1696 729 Ignatio,
1731 670 1912 716 benehe

277 765 419 808 penso
439 753 527 795 che
548 751 677 807 quasi
699 758 720 779 ²
745 751 789 795 le
816 751 1048 794 hauerano
1069 749 1145 807 gia
1165 749 1226 805 la,
1249 749 1418 806 perche
1439 763 1552 793 sono
1573 749 1771 792 alchune
1803 762 1913 793 cose

276 827 349 872 ch’
371 828 416 872 io
438 829 534 872 fece
555 828 737 885 copiare
756 827 862 872 delli
883 826 1026 871 scritti
1047 827 1136 872 che
1156 841 1296 870 erano
1323 826 1346 854 ¹³
1371 827 1444 870 del
1475 828 1528 870 P.
1561 827 1677 870 Mro.
1711 823 1909 882 Ignatio‚

273 906 304 949 li
325 906 447 962 quali
468 905 621 950 laseiai
643 906 690 949 in
710 919 846 949 mano
866 905 941 950 del
964 906 1017 948 Ρ.
1049 905 1249 960 Laynez,
1274 910 1320 949 et
1341 904 1478 948 credo
1500 917 1670 948 venero
1697 902 1744 945 in
1773 915 1913 946 mano

273 983 348 1029 del
370 985 423 1027 P.
458 986 567 1028 Mro.
597 984 875 1035 Salmerone,
901 981 1094 1027 essendo
1115 979 1178 1024 lui
1208 980 1393 1024 vicario.
1428 981 1533 1024 Non
1571 994 1713 1036 penso
1746 977 1904 1024 hauer’

275 1061 389 1104 altra
409 1075 531 1114 cosa,
555 1075 603 1104 se
624 1074 718 1104 non
740 1059 890 1115 quello
910 1059 1028 1104 della
1049 1056 1144 1101 vita
1159 1058 1234 1101 del
1251 1059 1305 1101 P.
1325 1059 1442 1102 Mro.
1467 1055 1645 1114 Ignatio
1661 1057 1749 1101 che
1765 1054 1911 1099 scrise-
1976 1093 1979 1095 ,

275 1137 308 1180 il
331 1139 384 1182 P.
410 1137 546 1194 Luigi
567 1137 798 1182 Gonzalez
821 1136 854 1189 ¹,
877 1136 966 1180 che
986 1135 1030 1178 la
1051 1136 1104 1179 P.
1131 1135 1188 1179 V.
1220 1133 1322 1179 dice
1343 1135 1564 1187 hauerne,
1589 1140 1635 1177 et
1657 1139 1780 1177 certe
1801 1146 1913 1176 cose

277 1216 365 1260 che
387 1216 448 1258 ha
468 1221 623 1259 notate
642 1213 674 1257 il
694 1212 940 1259 medesimo
959 1212 1122 1265 Padre‚
1141 1211 1336 1257 essendo
1353 1210 1560 1254 ministro
1579 1210 1625 1253 in
1647 1211 1792 1253 Roma
1815 1210 1848 1263 8;
1874 1208 1909 1252 il

277 1294 365 1336 che
386 1307 439 1336 so
461 1293 548 1336 che
569 1293 630 1335 ha
649 1291 681 1334 il
702 1294 756 1336 P.
781 1289 1047 1336 Sebastiano
1070 1289 1103 1342 ⁴,
1129 1296 1175 1334 et
1195 1303 1286 1332 vna
1301 1288 1462 1334 lettera
1479 1287 1553 1331 del
1572 1289 1624 1331 P.
1647 1288 1762 1330 Mro.
1784 1287 1905 1342 Lay-

276 1385 362 1415 nez
380 1371 412 1422 ⁵,
431 1370 519 1413 che
535 1369 559 1413 ὲ
575 1382 770 1412 comune
786 1382 813 1412 a
833 1366 954 1411 tutti.
976 1368 1052 1410 Ma
1066 1380 1116 1411 se
1132 1366 1245 1409 altra
1261 1379 1366 1409 cosa
1383 1364 1444 1408 mi
1466 1363 1718 1416 occorrera,
1738 1363 1769 1406 il
1786 1369 1913 1406 tutto

273 1447 490 1490 mandari)
513 1430 599 1490 alla
622 1447 680 1490 P.
712 1446 769 1490 V.

363 1537 408 1579 3.
480 1523 541 1567 Mi
580 1522 756 1566 ricordo
792 1522 879 1566 che
915 1521 946 1564 il
981 1519 1203 1577 originale
1239 1517 1345 1564 delli
1387 1517 1606 1563 essercitii
1642 1515 1908 1574 spagnuoli,

240 1616 244 1617 ⁷
273 1600 501 1646 emendati
522 1600 580 1644 de
601 1614 736 1643 mano
757 1599 830 1644 del
851 1600 904 1643 P.
930 1599 1046 1642 Mro.
1072 1596 1251 1653 Ignatio
1273 1595 1319 1640 in
1336 1595 1489 1640 alcuni
1511 1602 1529 1623 0
1557 1593 1736 1652 luoghi,
1756 1608 1849 1638 non
1866 1592 1903 1636 si

273 1677 566 1722 ritrouauano
587 1676 633 1720 in
655 1676 676 1705 ‘²
704 1678 847 1720 Roma
866 1674 1020 1719 auanti
1043 1672 1116 1717 ch’
1139 1673 1183 1716 io
1203 1672 1359 1730 partisi
1380 1687 1460 1729 per
1476 1673 1709 1729 Augusta,
1729 1677 1774 1714 et
1797 1672 1908 1727 pero

274 1754 333 1798 m’
354 1755 379 1799 ὲ
401 1769 532 1812 parso
553 1754 650 1798 dire
672 1768 762 1810 qua
783 1753 936 1809 quello
958 1752 1046 1795 che
1066 1750 1127 1794 mi
1149 1763 1350 1802 occorre,
1369 1749 1495 1793 accio
1512 1748 1550 1792 si
1571 1747 1686 1792 faeci
1708 1747 1904 1804 diligen-

274 1848 343 1885 za,
367 1833 567 1888 parendo
589 1847 615 1876 a
636 1832 694 1875 V.
722 1833 794 1883 Ρ.,
819 1844 899 1887 per
922 1826 1162 1872 ritrouarli.
1188 1825 1239 1871 L’
1262 1825 1563 1874 ultimawolta
1584 1824 1686 1870 che’
1703 1825 1748 1868 io
1770 1823 1904 1867 andai

273 1908 319 1952 in
341 1908 559 1966 Spagnia,
585 1909 682 1952 fece
703 1908 796 1952 fare
819 1921 907 1950 vna
927 1905 1071 1962 copia,
1095 1905 1138 1948 la
1160 1905 1293 1960 quale
1313 1902 1351 1948 si
1378 1906 1494 1947 cauo
1522 1902 1568 1945 di
1595 1900 1731 1958 quell’
1762 1900 1906 1958 origi-

272 1986 374 2029 nale
400 1985 506 2030 delli
538 1984 757 2030 essercitii
784 1984 858 2029 del
887 1985 941 2027 P.
974 1984 1091 2026 Mro.
1116 1979 1295 2038 Ignatio
1318 1982 1353 2035 ⁶,
1384 1986 1545 2036 questa
1566 1978 1705 2023 scrise
1728 1977 1908 2036 Ignatio

269 2062 420 2116 Nieto,
445 2077 473 2106 o
491 2077 600 2107 uero
621 2061 799 2120 Ignatio
820 2061 878 2105 de
900 2058 1096 2112 Gandia3
1117 2065 1163 2103 et
1185 2056 1406 2103 Ximenez
1427 2058 1471 2101 la
1488 2058 1548 2100 ha
1569 2063 1588 2084 θ
1618 2055 1908 2099 collationata

336 2171 358 2193 ⁸
395 2165 480 2200 Hoc
499 2164 615 2199 verb.
638 2163 687 2198 N.
709 2161 863 2209 scripsit
882 2171 998 2207 supra
1016 2170 1125 2195 vers.
1138 2159 1201 2187 -b
1215 2157 1473 2195 Emendatum
1487 2170 1509 2193 a
1527 2158 1618 2194 libr.
1639 2169 1688 2193 ex
1703 2156 1902 2192 tremi.—

268 2230 285 2251 c
303 2223 561 2259 Emendatum
579 2234 602 2257 a
624 2222 680 2257 N.
709 2232 759 2257 ex
784 2218 993 2256 molti.-d
1008 2217 1267 2255 Emendatum
1285 2229 1308 2254 a
1324 2217 1374 2254 N.
1393 2229 1443 2254 ex
1462 2218 1681 2253 ritrouaua
1695 2215 1770 2263 gia
1788 2215 1906 2250 in.—

268 2290 286 2311 e
307 2283 392 2318 Hoc
410 2283 523 2318 verb.
548 2280 698 2317 addidit
717 2291 833 2327 supra
851 2290 954 2315 vers.
974 2278 1063 2315 libr.

342 2367 352 2387 ¹
403 2367 463 2402 Ita
480 2366 630 2412 seipsos
647 2364 895 2411 appellabant
913 2362 1220 2409 perturbatores,
1244 2359 1311 2407 qui
1333 2360 1407 2396 hoc
1430 2364 1605 2406 tempore
1631 2369 1699 2404 per
1721 2356 1901 2403 Belgium

271 2433 312 2464 et
330 2425 576 2462 Hollandiam
591 2424 882 2471 grassabantur.
908 2421 975 2458 Cf.
999 2422 1202 2468 JANSSEN,
1220 2420 1299 2456 loc.
1321 2419 1413 2462 cit„
1433 2425 1465 2455 t.
1489 2419 1560 2465 IV,
1574 2418 1647 2454 lib.
1671 2418 1722 2462 ΙΙ,
1738 2428 1828 2464 cap.
1847 2416 1900 2460 113

272 2492 313 2523 et
330 2486 426 2522 alios
441 2479 620 2521 auctores
638 2493 766 2530 supra,
785 2493 873 2529 pag.
893 2489 977 2527 251,
997 2481 1204 2526 allegatos.

340 2548 355 2567 ⁹
405 2544 542 2580 Sermo
560 2547 622 2579 est
638 2542 687 2578 de
710 2542 821 2577 Actis
845 2541 886 2577 S.
912 2539 1070 2588 Ignatii
1091 2538 1208 2574 editis
1231 2537 1334 2586 apud
1356 2539 1458 2575 Acta
1481 2540 1713 2574 sanctorum
1738 2534 1781 2571 31
1808 2535 1892 2581 Jul.

268 2609 297 2640 t.
318 2604 407 2639 VII.
426 2603 494 2640 Cf.
517 2603 646 2651 Epist.
666 2601 823 2646 Natat„
841 2601 874 2645 I,
892 2610 946 2636 XL
964 2605 1004 2636 et
1022 2608 1104 2635 XLI.

334 2663 349 2684 ³
398 2663 507 2698 Haec
524 2660 702 2706 intellige
719 2659 768 2695 de
787 2658 1024 2695 Memoriale
1043 2657 1184 2693 Patris
1210 2656 1402 2693 Ludovici
1423 2656 1646 2708 Gonqalves
1670 2655 1724 2690 da
1751 2652 1901 2689 Cama—

264 2733 328 2763 ra‚
347 2733 370 2757 a
386 2721 499 2757 nobis
517 2721 557 2756 in
571 2719 699 2767 Epist.
719 2719 875 2761 Natat„
894 2719 924 2762 I,
946 2725 1127 2761 Lvm-Lx,
1145 2715 1360 2764 descripto.

333 2779 350 2800 ⁴
395 2780 547 2816 Romei.
598 2819 607 2822 ,

331 2840 346 2861 ⁵
394 2839 568 2886 Epistola
584 2838 634 2875 de
651 2839 732 2874 vita
749 2838 795 2874 S.
824 2835 967 2883 Ignatii
989 2835 1038 2871 ad
1059 2835 1109 2871 P.
1138 2835 1351 2871 Polancum
1374 2834 1519 2882 scripta
1544 2845 1566 2868 a
1590 2830 1741 2878 Laynio
1765 2831 1894 2865 Bono-

261 2898 365 2942 niae,
387 2898 429 2933 16
447 2899 539 2944 Jun.
558 2898 649 2933 anni
670 2905 780 2943 1547.

333 2959 348 2979 ⁶
398 2957 575 2993 Alterum
588 2958 662 2992 hoc
676 2956 897 3003 exemplum
910 2953 1118 3001 reperitur,
1129 2952 1169 2988 ni
1182 2952 1364 2999 fallimur,
1379 2953 1419 2988 in
1432 2951 1581 2996 codice,
1591 2950 1654 2986 cui
1669 2949 1805 2985 titulus
1816 2953 1890 2983 est:

266 3015 440 3052 collecta
452 3018 528 3062 per
550 3016 599 3051 P.
625 3015 828 3057 Natalem,
853 3014 983 3050 littera
1007 3012 1043 3047 A
1063 3011 1103 3048 in
1127 3011 1286 3060 antiquo
1310 3011 1517 3048 Societatis
1542 3009 1699 3045 archivo
1721 3008 1897 3054 signato,

267 3075 310 3110 ff.
326 3073 448 3120 3·114.
467 3075 591 3111 Multa
607 3074 756 3111 Natalis
774 3085 890 3109 manu
907 3072 946 3108 in
966 3083 1012 3108 eo
1030 3076 1163 3107 notata
1180 3071 1441 3119 reperiuntur.
