2228 3548
936 299 951 326 1
984 290 1154 327 Apmms
1184 291 1275 337 1567
1799 303 1871 340 4²9

280 395 343 438 ha
362 399 673 451 augmentato.
700 381 737 437 E
759 394 849 436 ben
873 407 1000 447 uero,
1025 394 1114 437 che
1134 393 1257 451 dipoi
1284 395 1371 438 che
1393 409 1506 438 sono
1526 394 1627 451 qui,
1652 410 1744 439 non
1765 397 1920 440 hanno

278 477 445 528 pagato
466 485 515 515 se
535 485 625 513 non
651 482 707 526 50
728 471 890 515 talleri.
911 472 1091 516 Adesso
1113 475 1264 514 tamen
1279 471 1325 514 di
1342 485 1497 516 nuouo
1519 472 1794 517 dimandano
1810 456 1919 517 delli

279 547 386 592 anni
407 547 599 592 decorsi.
627 549 752 597 Sono
774 552 925 592 tamen
947 548 1022 606 piu
1047 550 1136 593 che
1156 549 1373 593 soleuano
1389 550 1465 595 nel
1492 558 1652 595 senato
1675 551 1764 594 che
1785 552 1918 595 fauo—

280 625 499 668 rischino.
520 624 574 669 Li
596 625 698 668 altri
720 625 1007 670 arciuescoui
1024 627 1178 669 hanno
1194 639 1311 682 poco
1328 626 1538 670 fauorito:
1558 634 1719 683 questo
1736 627 1760 671 ὲ
1777 628 1918 672 molto

280 702 507 747 contrario
529 703 557 755 ¹,
583 711 629 747 et
650 702 880 759 sappiamo
902 704 989 746 che
1007 703 1128 748 tiene
1149 718 1230 760 per
1251 710 1378 748 certo
1400 703 1537 750 cheli
1554 705 1698 747 nostri
1714 704 1744 747 l'
1761 706 1918 749 hanno

281 786 496 823 accusato
518 794 733 836 appresso
754 779 785 822 il
806 795 938 837 papa.
966 781 1133 824 Mando
1155 781 1242 824 alla
1264 783 1317 825 P.
1338 782 1395 825 V.
1421 781 1466 825 la
1486 773 1812 838 supplicatione
1828 784 1917 827 che

280 857 319 901 si
341 858 442 900 fece
471 858 514 900 al
541 857 778 914 principio,
810 872 889 914 per
916 858 1086 903 hauere
1118 864 1279 914 questo
1308 858 1518 915 collegio,
1542 859 1719 904 benche
1742 859 1788 903 in
1811 861 1916 905 the-

277 934 417 979 desco
435 941 457 963 ²¹
474 968 484 987 ,
510 941 555 978 et
577 935 689 979 altre
706 933 934 988 scritture,
953 935 1071 978 doue
1090 935 1254 979 uedera
1271 935 1469 980 alchune
1485 935 1739 992 gentilezze
1755 945 1916 981 contro

276 1011 352 1055 alli
375 1011 517 1055 nostri
539 1012 658 1056 della
678 1010 927 1055 vniuersitaei
956 1018 1003 1056 et
1030 1011 1195 1055 facolta
1224 1011 1438 1055 artistica.
1466 1013 1512 1056 Io
1541 1013 1603 1056 ho
1624 1014 1796 1067 voluto,
1822 1016 1914 1058 Pa-

278 1089 375 1143 dre,
395 1088 618 1134 attender'
635 1103 661 1132 a
678 1088 813 1133 cheli
831 1088 972 1132 nostri
990 1087 1191 1132 habbino
1208 1089 1251 1132 la
1267 1088 1442 1142 liberta,
1463 1089 1501 1133 si
1525 1103 1653 1134 come
1670 1090 1794 1147 negli
1812 1091 1913 1134 altri

278 1166 459 1223 collegii
487 1167 606 1211 della
635 1165 938 1223 Compagnia.
971 1167 1029 1210 Et
1060 1166 1324 1211 finalmente
1345 1165 1406 1210 mi
1442 1166 1466 1210 ὲ
1504 1181 1636 1223 parso
1667 1167 1715 1210 in
1747 1176 1913 1224 questo

280 1249 432 1300 tempo
459 1258 552 1286 non
582 1257 740 1287 mouer
766 1242 932 1286 nisuna
959 1256 1088 1296 cosa,
1113 1257 1164 1288 se
1191 1257 1284 1286 non
1313 1243 1421 1287 dare
1444 1251 1570 1288 certa
1598 1244 1909 1299 instruttione,

281 1320 414 1376 quale
435 1320 602 1365 vedera
624 1321 668 1364 la
691 1321 743 1364 P.
770 1321 828 1364 V.
854 1318 979 1376 negli
1001 1318 1162 1363 scritti.
1189 1321 1247 1363 Et
1268 1321 1329 1363 ha
1350 1320 1547 1377 piaciuto
1573 1329 1733 1377 questa
1760 1323 1913 1367 deter-

281 1397 528 1441 minatione
550 1397 639 1441 mia
659 1412 686 1440 a
707 1396 855 1453 questi
878 1395 1030 1450 Padri,
1055 1397 1224 1454 perche
1252 1404 1418 1442 stanno
1438 1398 1579 1441 molto
1607 1413 1740 1455 sopra
1769 1398 1814 1442 di
1843 1414 1910 1452 se,

278 1481 326 1518 et
347 1475 504 1518 hanno
525 1473 760 1531 raggione.
783 1475 841 1516 Et
862 1477 1013 1517 tamen
1030 1488 1110 1531 per
1130 1474 1271 1517 molto
1293 1475 1380 1518 che
1401 1475 1557 1518 hanno
1574 1476 1734 1519 voluto
1749 1476 1911 1520 debili-

282 1559 378 1595 tare
394 1552 437 1597 le
459 1551 615 1596 schole
637 1557 791 1594 nostre
813 1550 961 1606 questi
983 1550 1188 1594 huomini
1210 1551 1268 1595 da
1288 1552 1422 1606 bene,
1447 1567 1560 1596 sono
1583 1553 1697 1596 tanti
1714 1554 1912 1598 scholari

278 1629 325 1672 in
347 1635 508 1685 questo
530 1635 698 1685 tempo,
723 1642 851 1672 come
873 1627 961 1671 mai
985 1627 1162 1672 furono.
1184 1616 1222 1672 E
1238 1629 1328 1672 ben
1347 1642 1456 1674 uero
1471 1630 1558 1674 che
1574 1630 1773 1687 legendo
1788 1631 1911 1675 ethi-

275 1721 345 1761 ca,
370 1705 667 1763 metaphisica
689 1712 735 1750 et
756 1704 1060 1757 matematica,
1081 1705 1367 1750 haueresimo
1382 1705 1459 1763 piu
1481 1707 1539 1751 de
1557 1708 1707 1763 quella
1727 1715 1849 1752 sorte
1866 1716 1915 1753 et

277 1782 491 1828 sciencie.
517 1783 551 1826 Il
582 1785 633 1826 P.
660 1783 896 1827 Leonardo
914 1782 929 1802 ²
962 1788 1033 1825 sta
1059 1781 1105 1824 di
1133 1781 1272 1826 molto
1299 1783 1424 1826 buon
1452 1783 1604 1828 animo
1631 1799 1830 1841 sempre,
1865 1792 1912 1828 et

278 1875 410 1918 spera
429 1860 475 1903 di
498 1861 592 1905 fare
613 1859 689 1916 qui
712 1874 774 1902 vn
793 1873 908 1915 gran
930 1858 1124 1916 collegio
1145 1865 1191 1903 et
1211 1859 1400 1904 dotarlo.
1425 1861 1662 1906 Concorre
1689 1862 1763 1905 nel
1785 1863 1909 1906 buon

279 1937 429 1982 animo
450 1937 482 1980 il
504 1939 557 1981 P.
582 1937 730 1991 Retio,
754 1943 800 1980 et
822 1936 865 1979 io
887 1937 948 1979 ho
970 1950 1187 1992 speranza
1203 1937 1276 1979 ch'
1294 1937 1326 1980 il
1342 1937 1539 1995 Signore
1555 1938 1681 1982 Iddio
1704 1939 1908 1996 risguar-

279 2015 387 2060 dara
409 2014 474 2072 gli
495 2014 688 2071 trauagli
712 2014 800 2058 che
827 2019 988 2070 questo
1015 2012 1207 2069 collegio
1234 2013 1295 2057 ha
1321 2013 1464 2071 patito
1494 2022 1540 2059 et
1569 2015 1738 2072 patisce
1769 2030 1906 2072 pura-

277 2098 429 2136 mente
450 2107 530 2149 per
549 2107 634 2134 suo
654 2090 855 2147 seruigio
871 2097 917 2133 et
933 2090 1078 2133 salute
1094 2089 1210 2134 delle
1225 2090 1389 2146 anime,
1409 2099 1455 2137 et
1471 2093 1578 2136 darii
1595 2093 1690 2136 loro
1708 2093 1906 2136 alchuna

281 2171 435 2213 buona
466 2168 745 2212 fundatione.
771 2169 876 2211 Non
904 2168 1059 2211 hanno
1084 2166 1272 2224 pigliato
1294 2168 1442 2224 questi
1468 2170 1579 2214 mesi
1607 2170 1774 2226 passati
1802 2185 1907 2226 per-

278 2248 390 2290 sone
411 2261 491 2304 per
512 2246 555 2289 la
571 2245 870 2302 Compagnia,
889 2244 1082 2288 essendo
1096 2245 1181 2288 che
1197 2250 1387 2289 stauano
1405 2247 1662 2304 trauagliati
1685 2248 1742 2290 da
1758 2247 1907 2303 questi

280 2323 450 2367 rumori
479 2321 646 2379 passati
677 2328 723 2365 et
760 2328 900 2377 peste.
927 2320 1106 2364 Adesso
1136 2319 1416 2366 ritornarano
1447 2323 1533 2367 alla
1570 2323 1818 2380 piscatione
1849 2325 1908 2367 da

279 2416 406 2454 ver0‚
431 2407 478 2445 et
499 2400 573 2457 gia
595 2402 632 2443 s'
657 2399 680 2443 ὲ
697 2399 803 2442 dato
823 2398 982 2441 ordine
999 2398 1084 2442 che
1100 2395 1138 2440 si
1155 2397 1325 2454 piglino
1341 2399 1415 2443 doi
1431 2400 1653 2444 sacerdoti
1675 2400 1791 2444 assai
1808 2401 1906 2444 suf-

280 2477 473 2531 ficienti,
502 2476 658 2520 mastri
686 2477 737 2519 in
764 2476 959 2527 artibus,
987 2482 1034 2518 et
1060 2489 1122 2517 vn
1149 2475 1341 2531 physico
1367 2478 1493 2521 buon
1521 2478 1748 2530 scholare,
1779 2483 1826 2521 et
1846 2492 1906 2520 vn

279 2557 404 2598 buon
425 2554 686 2599 coadiutore
708 2553 952 2609 temporale
980 2558 1167 2596 sartore.
1193 2551 1286 2608 Qui
1308 2554 1368 2597 ho
1390 2560 1569 2598 trouato
1590 2561 1686 2598 otto
1707 2569 1734 2597 o
1755 2554 1871 2598 dieci
1886 2555 1908 2582 b

280 2632 328 2675 di
349 2633 571 2684 TornacO,
596 2629 725 2686 quasi
747 2629 851 2673 tutti
873 2628 1033 2672 nouiti:
1053 2628 1221 2673 vedero
1241 2629 1288 2672 di
1308 2631 1608 2675 accomodarli
1630 2631 1675 2674 in
1693 2631 1793 2674 altri
1811 2632 1907 2674 col-

279 2708 388 2765 legii
409 2708 454 2751 di
476 2707 687 2768 Fiandra,
714 2706 834 2764 dipoi
857 2707 944 2750 che
966 2704 1026 2747 mi
1048 2704 1205 2748 ritroui
1225 2705 1413 2752 insieme
1439 2708 1527 2751 co'l
1552 2709 1820 2757 P..Costero
1842 2708 1871 2750 il
1889 2715 1907 2736 e

279 2787 366 2829 che
386 2785 486 2828 sara
508 2785 554 2827 in
576 2783 770 2828 Treuiri.

349 2905 370 2925 a
407 2896 430 2932 3
448 2897 568 2932 verba
585 2908 699 2944 seqq.
723 2895 871 2932 addidit
889 2894 980 2930 libr.
1005 2894 1044 2930 in
1063 2905 1185 2940 marg.
1202 2915 1221 2920 -
1236 2895 1257 2923 b
1277 2895 1462 2944 Sequitur
1477 2897 1626 2944 nouitij
1642 2898 1910 2945 obliteratum,

278 2962 322 2993 ut
343 2956 499 2992 videtur
515 2967 538 2992 a
555 2955 720 2993 libr.-c
737 2956 823 2991 Hoc
842 2955 951 2990 verb.
971 2953 1120 2989 addidit
1137 2953 1229 2990 libr.
1249 2966 1364 3003 supra
1382 2968 1489 2993 vers.

355 3046 364 3066 ¹
417 3044 744 3092 Archiepiseopus
762 3042 998 3080 coloniensis
1016 3046 1099 3077 erat
1117 3042 1338 3080 Fridericus
1355 3045 1410 3080 IV
1430 3045 1555 3080 Weda
1572 3052 1665 3089 (von
1683 3045 1832 3092 Wied).

353 3107 368 3128 ²
419 3103 643 3140 Leonardus
662 3104 817 3149 Kessel,
836 3107 962 3138 rector
979 3100 1135 3147 collegii
1153 3102 1401 3140 coloniensis.
