2228 3548
401 287 469 335 578
917 285 1056 320 EPJST.
1084 283 1129 319 Ρ.
1158 282 1431 329 NADAL—516

348 390 537 435 charico
560 395 606 432 et
634 388 680 430 in
709 386 880 430 diuersi
910 385 1092 442 luoghi,
1125 392 1170 428 et
1199 384 1414 430 massime
1441 400 1524 442 per
1553 399 1644 431 non
1671 388 1842 432 hauere
1874 394 2002 431 tanta

349 466 542 525 prattica
564 467 651 508 che
674 464 712 507 si
735 463 944 508 desidera
967 464 1017 505 in
1040 462 1305 519 agibilibus.
1333 463 1433 506 Hor
1450 463 1508 506 da
1531 463 1607 506 un’
1630 479 1750 508 anno
1771 464 1819 508 in
1841 479 1932 521 qua
1955 471 2001 509 et

349 541 664 598 dauantaggio
691 555 741 584 so
766 541 840 583 dal
866 542 918 583 P.
949 539 1156 583 Emondo
1190 540 1219 592 ¹,
1254 538 1545 596 prouincial’,
1571 539 1749 595 istesso,
1774 543 1861 586 che
1894 557 1999 599 pre-

351 621 487 666 tende
510 626 687 662 mutare
711 619 826 662 Mr0.
850 616 1045 661 Claudio
1063 616 1109 659 di
1126 617 1305 660 Lorena
1321 617 1356 671 ²,
1382 618 1493 661 hora
1511 624 1680 663 rettore
1696 618 1742 661 di
1764 620 1994 673 Tornone,

349 706 395 742 et
418 697 519 741 dice
542 698 744 739 hauerne
766 695 941 740 licenza
962 695 1036 737 dal
1058 695 1117 738 N.
1145 695 1218 747 P.,
1245 701 1291 739 et
1313 709 1371 739 ne
1393 694 1542 739 scriue
1575 709 1703 739 come
1736 711 1878 752 penso
1911 698 1997 741 alla

352 777 408 819 V.
435 776 488 818 R.
511 772 612 817 anzi
636 788 709 817 me
732 773 762 815 1’
787 774 846 816 ha
868 773 1010 817 detto.
1039 773 1085 815 Io
1108 780 1253 829 prego
1271 772 1421 828 quella
1440 772 1554 816 sacci
1573 780 1700 816 tanto
1717 773 1764 816 di
1780 774 1897 818 bene
1913 776 1998 819 che

349 853 454 896 dell’
479 851 747 895 abondanza
769 850 876 894 dell'
902 850 1016 894 altra
1045 848 1286 907 prouincia
1321 865 1379 895 ne
1413 850 1660 895 riceuiamo
1694 858 1857 907 questo
1889 866 2003 909 sug-

349 937 478 987 getto
496 943 577 985 per
595 936 757 984 questo
781 927 993 984 collegio,
1019 928 1189 984 perche
1212 927 1327 972 oltre
1345 929 1430 971 che
1447 928 1722 985 gouernara‚
1742 931 1844 972 sara
1860 931 2006 974 anche

351 1007 515 1050 idoneo
539 1021 619 1062 per
642 1005 897 1062 comparire
920 1006 995 1049 nel
1017 1006 1224 1062 pergolo,
1251 1012 1297 1050 et
1320 1019 1400 1062 per
1422 1019 1698 1051 conuersare
1720 1021 1807 1050 con
1830 1007 1872 1051 le
1902 1021 1983 1063 per
2002 1031 2009 1037 ·

351 1099 479 1141 sone,
525 1084 572 1127 di
615 1085 701 1127 che
745 1082 989 1126 habbiamo
1031 1082 1110 1138 qui
1153 1082 1468 1140 grandissimo
1510 1083 1722 1141 bisogno,
1768 1086 1936 1141 perche
1978 1083 2010 1128 il

352 1165 409 1206 D.
438 1162 663 1216 Emondo,
689 1175 781 1204 non
805 1160 1019 1204 hauendo
1042 1160 1084 1203 la
1108 1160 1268 1217 lingua
1295 1166 1332 1213 ²¹,
1366 1175 1458 1204 non
1485 1163 1578 1218 pub
1608 1161 1870 1218 pratticare:
1903 1162 2006 1206 altri

353 1254 466 1287 sono
499 1238 685 1296 giouani
714 1245 759 1282 et
787 1237 1007 1290 studenti,
1040 1252 1067 1280 o
1097 1237 1251 1282 niente
1283 1237 1451 1291 idonei,
1487 1245 1533 1282 et
1560 1239 1635 1283 nel
1656 1238 1889 1295 predicare
1910 1254 2004 1284 non

354 1317 599 1361 habbiamo
621 1330 816 1373 persona
838 1322 931 1358 atta
953 1329 1034 1372 per
1059 1322 1213 1360 tenere
1236 1316 1429 1371 qualche
1455 1317 1655 1373 pergola
1677 1316 1722 1360 di
1754 1324 2000 1379 momen-to,

354 1396 483 1439 saluo
508 1397 623 1438 Mro.
652 1393 807 1437 Pietro
830 1392 1080 1447 Chrisfino,
1107 1392 1139 1435 il
1162 1393 1294 1449 quale
1316 1407 1431 1450 pure
1446 1394 1572 1450 parla
1587 1394 1607 1421 ¹³
1625 1395 1766 1438 molto
1782 1395 1899 1440 male
1916 1403 1962 1440 et
1978 1396 2004 1440 ἑ

357 1473 499 1516 molto
521 1472 718 1514 mancho
742 1470 1007 1515 essercitato
1029 1469 1075 1513 di
1099 1471 1214 1514 Mro.
1251 1470 1445 1515 Claudio
1471 1471 1612 1515 detto.
1648 1473 1725 1516 Ma
1756 1486 1849 1516 non
1880 1472 2007 1516 biso-

355 1549 517 1607 gnaria
540 1563 702 1594 sonare
725 1548 867 1591 molto
898 1548 940 1591 al
968 1547 1242 1606 prouincial,
1275 1563 1357 1605 per
1384 1548 1462 1606 pifi
1492 1548 1683 1606 rispetti,
1719 1550 1777 1593 ne
1813 1552 2008 1594 mancho

355 1629 477 1672 forse
500 1642 558 1671 ne
582 1626 785 1670 scriuert')
809 1626 851 1669 al
874 1627 931 1670 N.
961 1627 1034 1680 P.‚
1062 1625 1189 1669 accii)
1213 1625 1257 1670 io
1279 1641 1458 1684 sempre
1488 1641 1623 1684 possa
1643 1627 1906 1671 escusarmi.
1933 1630 2010 1673 Ma

356 1704 485 1749 vorei
509 1705 594 1747 che
617 1705 675 1748 V.
702 1704 757 1747 R.
785 1703 822 1746 si
846 1704 1089 1759 degnasse,
1113 1718 1196 1760 per
1218 1703 1249 1746 il
1271 1703 1363 1748 ben
1386 1704 1431 1747 di
1453 1712 1616 1762 questo
1636 1704 1846 1762 collegio,
1865 1707 2008 1750 sendo

355 1799 382 1827 a
399 1797 516 1839 gran
535 1780 771 1842 seruiggio
794 1781 839 1823 di
862 1782 950 1824 Dio
975 1783 1034 1826 N.
1062 1783 1111 1827 S.
1140 1788 1187 1826 et
1210 1782 1329 1825 della
1352 1782 1651 1839 Compagnia,
1675 1782 1908 1827 scriuerne
1929 1782 2003 1838 lei,

354 1867 400 1904 et
417 1862 503 1903 che
527 1874 605 1916 per
623 1872 778 1902 mezzo
801 1873 885 1902 suo
908 1861 965 1903 N.
996 1861 1070 1914 P„
1097 1873 1226 1904 come
1249 1860 1306 1903 da
1330 1874 1397 1914 se,
1417 1859 1579 1917 poiche
1596 1860 1654 1903 da
1670 1860 1779 1904 duoi
1795 1867 1841 1905 et
1858 1862 2004 1905 anche

354 1949 382 1991 4
404 1936 511 1981 anni
534 1936 564 1979 li
587 1936 800 1980 dimando
823 1942 840 1963 c
870 1936 979 1980 duoi
1002 1936 1176 1990 rettori,
1202 1944 1248 1981 et
1271 1951 1470 1982 conosce
1492 1937 1535 1981 13
1556 1938 1731 1994 grande
1747 1945 1903 1982 nostra
1920 1953 2004 1984 ne-

353 2014 535 2066 cessita,
557 2013 599 2057 ci
615 2013 768 2056 mandi
786 2013 816 2056 il
833 2014 959 2057 detto
980 2014 1000 2042 ‘¹
1016 2016 1071 2059 P.
1096 2013 1306 2058 Claudio.
1333 2015 1521 2071 Quanto
1537 2015 1611 2059 all’
1631 2014 1891 2069 attitudine,
1912 2030 2005 2060 non

354 2091 519 2135 dubito
543 2098 590 2136 et
612 2105 664 2134 so
687 2091 837 2134 donde
855 2091 987 2136 viene
1004 2091 1036 2135 il
1052 2092 1187 2146 male,
1207 2108 1235 2137 a
1251 2094 1335 2136 che
1357 2099 1598 2149 puotremo
1619 2094 1871 2150 prouedere
1893 2108 2007 2150 age-

357 2169 608 2213 uolmente.
637 2170 726 2212 Per
750 2168 779 2210 l'
805 2182 958 2213 amore
979 2169 1025 2212 di
1046 2168 1133 2213 X.⁰
1156 2169 1195 2213 si
1219 2169 1330 2213 aiuti
1352 2169 1398 2213 in
1422 2170 1574 2226 quello
1597 2171 1655 2215 V.
1682 2171 1737 2214 R.
1763 2185 1844 2227 per
1870 2177 2007 2215 conto

357 2245 404 2290 di
427 2245 589 2290 rettori
610 2252 656 2289 et
684 2244 957 2302 predicatori
990 2253 1036 2291 et
1065 2246 1331 2292 confessori.
1365 2249 1480 2292 Mro.
1514 2247 1669 2292 Guido
1700 2248 1715 2269 ³
1743 2247 1906 2293 istesso
1928 2263 2009 2305 per

354 2338 446 2367 vno
465 2325 539 2366 ch'
564 2322 823 2375 habbiamo,
851 2338 923 2366 me
946 2338 1003 2367 ne
1025 2330 1162 2368 conta
1190 2337 1232 2378 4.
1438 2334 1441 2335 ’

444 2402 485 2443 Α
518 2406 660 2458 tergo,
684 2400 779 2442 alia
811 2415 985 2443 manu:
1015 2403 1103 2445 Per
1132 2402 1190 2445 N.
1229 2403 1282 2445 Ρ.
1317 2402 1456 2446 Alia:
1480 2404 1534 2446 P.
1568 2403 1708 2446 Alia:
1737 2403 1792 2447 C.
1829 2403 1999 2460 Parigi.

359 2480 412 2522 P.
435 2477 642 2522 Oliuerio
660 2476 957 2534 prouinciale.

429 2598 449 2619 a
489 2590 750 2627 Emendatum
768 2589 843 2625 alia
863 2601 978 2626 manu
996 2602 1045 2626 ex
1061 2591 1278 2639 zanga.-b
1293 2591 1554 2628 Emendatum
1573 2592 1648 2629 alia
1666 2603 1783 2628 manu
1801 2603 1851 2628 ex
1862 2593 1999 2639 palla.

357 2657 423 2679 —c
448 2650 709 2687 Emendatum
727 2649 803 2685 alia
821 2661 937 2685 manu
955 2662 1005 2686 ex
1019 2651 1308 2687 domanda-<1
1323 2650 1582 2687 Emendatum
1597 2651 1671 2688 alia
1688 2663 1805 2688 manu
1819 2663 1868 2688 ex
1883 2653 2006 2688 dotto.

438 2752 447 2771 ¹
503 2752 715 2799 Augerius,
735 2750 959 2798 provinciae
979 2751 1216 2800 Aquitaniae
1234 2753 1501 2800 praepositus.

437 2814 451 2834 ³
502 2811 691 2848 Claudius
710 2811 944 2847 Matthaeus.
964 2811 1060 2859 Ejus
1077 2824 1245 2848 examen
1262 2817 1324 2849 est
1342 2812 1381 2849 in
1400 2812 1533 2860 Epist.
1559 2812 1725 2861 NataL,
1744 2813 1796 2859 11,
1815 2814 1900 2859 546.

433 2872 449 2892 ³
500 2871 632 2907 Guido
651 2870 847 2908 Roiletus.
