2228 3548
389 319 411 356 *I

418 319 462 346 10
910 311 1050 346 EP18T.
1077 309 1123 344 P.
1150 309 1422 357 NADAL—592

1104 464 1231 506 592

778 549 832 592 P.
874 548 1288 594 HIERONYMUS
1319 550 1540 594 NADAL

657 636 841 672 PATRI
883 637 1214 676 EVERARDO
1256 638 1665 677 MERCURIANO

843 723 1002 758 HALAE,
1023 724 1069 762 29
1093 725 1321 753 FEBRUARH
1349 717 1439 762 1576
1461 719 1487 754 ¹.

578 791 640 827 De
656 803 732 827 sua
749 793 996 835 valetudine,
1015 796 1052 829 et
1069 792 1117 829 de
1134 793 1286 829 duobus
1302 793 1558 841 adjutoribus
1575 795 1613 830 ei
1629 795 1750 830 datis.

432 874 461 931 †
491 875 632 918 Molto
671 876 784 920 Rd0.
815 878 868 920 P.
901 878 959 920 N.
994 875 1042 919 in
1078 876 1163 920 X.⁰
1194 878 1291 920 Pax
1328 876 1415 921 X.i
1448 878 1524 921 Ho
1552 885 1793 923 resceuuta
1833 878 1993 934 quella

341 951 459 995 della
482 953 535 995 P.
562 953 619 996 V.
645 953 692 995 di
715 965 772 1011 29
793 953 839 996 di
861 955 1078 998 Gennaro
1100 963 1263 1010 questa
1283 954 1548 1008 settimana‚
1573 956 1662 998 alla
1684 955 1790 1011 qual
1823 969 1918 999 non
1940 957 1994 999 c*

343 1030 369 1072 e
391 1043 417 1072 3
439 1030 524 1074 0113
552 1029 804 1086 risponder,
837 1045 977 1074 senon
1007 1030 1252 1087 ringratiar
1273 1031 1575 1077 humilmente
1605 1047 1631 1075 a
1653 1033 1711 1076 V.
1738 1034 1785 1076 P.
1813 1034 1864 1075 in
1891 1034 1995 1076 Do·-

344 1107 482 1159 mino,
501 1121 581 1163 per
601 1108 644 1150 13
666 1108 883 1151 memoria
905 1110 990 1152 che
1013 1109 1073 1151 ha
1094 1107 1140 1151 di
1162 1123 1252 1163 me,
1273 1123 1453 1166 sempre
1469 1110 1604 1152 bona.
1626 1109 1714 1154 Del
1729 1109 1986 1154 extraordi-

344 1183 470 1227 nario
492 1191 669 1228 catarro
691 1185 765 1228 del
786 1199 909 1229 mese
932 1192 1113 1241 passato
1136 1185 1199 1228 mi
1223 1186 1246 1229 ὲ
1264 1192 1433 1230 restata
1454 1201 1545 1229 vna
1561 1187 1679 1230 mala
1696 1185 1990 1243 disposition,.

345 1260 481 1304 etiam
504 1269 666 1317 questo
687 1277 826 1307 mese.
853 1263 997 1318 Spero
1018 1265 1140 1307 staro
1163 1263 1332 1320 meglio
1354 1277 1443 1307 con
1466 1264 1508 1306 13
1530 1263 1678 1320 gratia
1699 1264 1772 1307 del
1795 1263 1982 1320 Signor,

345 1352 426 1394 per
448 1339 489 1382 le
510 1338 715 1384 oratione
735 1339 782 1382 di
804 1340 852 1384 S.
881 1342 932 1384 P.
960 1339 1007 1384 Si
1032 1347 1151 1385 teme
1173 1341 1391 1397 podagra.
1417 1341 1495 1385 Gli
1518 1340 1681 1385 medici
1711 1341 1994 1387 consultano-

346 1430 396 1459 se
418 1414 535 1459 seria
556 1415 678 1459 bono
699 1415 865 1473 pigliar
892 1417 934 1461 la
963 1418 1109 1460 docha
1141 1432 1167 1461 a
1196 1418 1376 1471 Padua,
1402 1432 1429 1461 o
1458 1419 1526 1461 far
1549 1417 1676 1462 venir
1708 1418 1737 1460 l’
1763 1432 1908 1474 acqua
1939 1417 1995 1462 111λ

347 1506 452 1548 qua.
478 1494 525 1536 Io
547 1499 618 1536 sto
640 1499 760 1536 tutto
782 1507 867 1537 con
889 1495 931 1537 13
953 1494 1101 1551 gratia
1123 1495 1198 1538 del
1215 1494 1384 1552 Signor
1405 1494 1452 1538 in
1473 1509 1567 1538 non
1584 1494 1645 1538 mi
1663 1501 1825 1539 metter
1841 1494 1887 1538 in
1905 1509 1987 1552 pe—

348 1569 543 1615 riculose
579 1570 818 1624 medicine,
851 1587 900 1617 se
932 1587 1024 1615 non
1057 1588 1115 1617 en
1146 1572 1321 1629 piccole
1352 1579 1398 1617 et
1426 1572 1572 1616 vsuali
1604 1578 1649 1616 et
1671 1586 1788 1628 quae
1808 1573 1997 1628 possint*

342 1648 578 1703 prodesse,
606 1662 698 1691 non
726 1664 903 1702 nocere,
927 1657 972 1694 et
1001 1650 1278 1706 prepararmi
1306 1651 1364 1693 da
1391 1664 1500 1694 vero
1528 1665 1612 1693 con
1645 1651 1677 1692 l’
1701 1649 1914 1707 aggiutto
1941 1649 1986 1692 di

351 1724 439 1769 Dio
455 1739 482 1768 a
499 1723 616 1782 patir
631 1725 741 1782 ogni
759 1740 865 1769 cosa
882 1741 983 1769 cum
1001 1727 1237 1770 alacritate
1254 1727 1404 1770 cordis
1421 1727 1472 1770 in
1492 1727 1688 1780 Christo.
1710 1727 1744 1769 Il
1763 1728 1814 1770 P.
1837 1727 1986 1770 Geor-

350 1802 427 1859 gio
449 1802 703 1856 Rottario²‚
729 1804 935 1859 cominco
956 1804 1199 1861 agiutarmi
1226 1811 1389 1860 quatro
1417 1818 1444 1847 o
1472 1804 1637 1861 cinque
1665 1803 1838 1861 giorni,
1871 1810 1917 1848 et
1947 1804 1986 1847 si

352 1879 507 1923 risenti
529 1880 603 1924 del
625 1881 714 1923 mal
735 1895 819 1923 suo
841 1889 1038 1937 passato,
1063 1881 1109 1924 di
1131 1882 1267 1925 modo
1287 1883 1371 1925 che
1393 1896 1486 1925 non
1507 1883 1632 1938 potte
1654 1880 1730 1938 piu
1760 1880 1987 1938 agiuttar-

350 1957 475 1999 mia.
502 1958 546 2000 A
575 1972 647 2002 me
673 1957 734 2000 mi
762 1958 951 2014 piaceua
979 1959 1010 2002 il
1038 1973 1122 2002 suo
1150 1958 1344 2016 agiutto‚
1369 1959 1547 2002 benche
1575 1973 1667 2002 non
1697 1973 1890 2015 speraua
1919 1958 1981 2000 mi

350 2041 532 2090 potesse
548 2034 809 2091 agiuttarmi
825 2036 930 2078 nelli
949 2035 1102 2079 studii.
1121 2038 1177 2080 Et
1195 2043 1315 2081 temo
1332 2037 1417 2079 che
1433 2050 1524 2079 non
1541 2035 1605 2093 gli
1623 2035 1689 2079 sia
1703 2050 1846 2092 graue
1862 2049 1992 2079 esser

351 2112 449 2155 cusi
472 2126 727 2168 compagno
751 2112 856 2155 mio.
883 2114 977 2158 Son
1000 2121 1178 2157 tornato
1205 2114 1248 2157 al
1281 2114 1493 2156 Eduardo
1516 2114 1668 2169 anglo.
1695 2112 1744 2158 Si
1766 2113 1882 2156 vede
1903 2114 1991 2157 che

351 2188 397 2231 in
427 2196 587 2244 questa
614 2188 848 2246 prouincia
877 2205 966 2233 non
999 2191 1058 2233 mi
1090 2205 1289 2247 possono
1320 2190 1428 2234 dare
1457 2189 1530 2232 chi
1559 2203 1801 2246 conuenga
1830 2190 1871 2232 al
1898 2188 1995 2232 mio

423 2321 443 2342 a
481 2314 567 2350 Hoc
585 2315 695 2350 verb.
715 2325 832 2361 supra
850 2326 953 2351 vers.
973 2314 1121 2351 addidit
1139 2315 1188 2352 N.

426 2418 435 2437 ¹
486 2417 544 2451 Ex
563 2416 815 2462 autographo,
834 2415 874 2451 111
893 2416 1022 2463 Epist.
1043 2416 1199 2461 Natal.,
1218 2416 1270 2461 11,
1289 2415 1436 2463 duplici
1454 2415 1538 2461 fol„
1558 2424 1628 2461 240
1645 2415 1759 2461 (167).

423 2478 436 2497 2
489 2474 590 2511 Vide
608 2475 727 2522 epist.
752 2474 835 2519 5853
855 2475 937 2520 587;
958 2482 998 2512 et
1017 2476 1100 2521 589.
1121 2477 1241 2512 Paulo
1258 2481 1465 2523 postquam
1483 2476 1580 2510 haec
1598 2474 1748 2510 Natalis
1767 2473 1923 2521 scripsit
1936 2473 1991 2509 de

351 2534 394 2569 P.
415 2534 590 2581 Rotario,
609 2546 630 2570 e
649 2533 751 2570 vivis
768 2534 830 2569 1110
849 2535 1033 2572 excessit.
1050 2537 1110 2571 De
1129 2534 1213 2582 ejus
1232 2535 1343 2571 obitu
1359 2535 1456 2570 haec
1473 2533 1618 2581 scripta
1634 2533 1792 2581 reliquit
1806 2533 1988 2569 AGRlco-

353 2602 422 2640 LA,
442 2594 520 2629 100.
543 2594 627 2639 cit.,
646 2593 732 2629 dec.
752 2594 821 2638 IV,
843 2606 879 2629 n.
900 2603 982 2639 214:
1001 2596 1189 2641 «Jacebat
1202 2594 1348 2631 ibidem
1361 2594 1474 2641 gravi
1486 2598 1700 2640 prostratus
1715 2594 1850 2628 morbo
1865 2592 1993 2629 Geor*

353 2652 442 2698 gius
460 2654 656 2699 Rotarius,
676 2653 749 2689 tria
766 2652 975 2689 Societatis
994 2661 1086 2690 vota
1103 2654 1318 2702 professus.
1336 2654 1389 2700 Is,
1409 2652 1511 2700 quod
1529 2652 1640 2689 annis
1657 2652 1849 2699 prioribus
1868 2651 1989 2690 Oeni-

355 2712 515 2759 pontani
534 2712 703 2759 Collegii
720 2713 950 2760 Templique
973 2713 1120 2750 fabrica
1143 2719 1355 2760 occupatus
1379 2714 1543 2748 multum
1567 2711 1814 2757 desudasset,
1839 2711 1994 2748 licitum

356 2783 444 2807 esse
462 2778 568 2808 ratus
593 2778 654 2808 est
676 2772 867 2818 flagitare,
894 2778 935 2808 ut
960 2773 999 2808 in
1023 2772 1257 2820 sepulchrali
1281 2778 1430 2820 crypta,
1457 2783 1572 2819 quam
1597 2771 1705 2818 ipsus
1729 2770 1998 2816 aedificassetz

355 2830 510 2877 requies
529 2831 605 2866 sibi
622 2830 917 2867 concederetur.
939 2830 1138 2877 Obtinuit,
1156 2831 1261 2880 quod
1278 2831 1458 2879 petierat3
1478 2831 1578 2866 Hala
1596 2829 1863 2877 Oenipontum
1886 2829 1992 2865 dela-

356 2895 435 2935 tus,
454 2901 499 2925 ac
515 2891 630 2937 paulo
647 2894 736 2937 post
752 2889 927 2937 piissime
946 2891 1052 2927 obita
1077 2897 1216 2934 morte,
1241 2902 1358 2938 novo,
1382 2890 1486 2938 quod
1509 2895 1718 2931 struxerat,
1745 2889 2000 2936 sepulchreto

356 2948 487 2984 illatus
506 2949 618 2984 fuit.»
637 2949 710 2985 His
727 2948 840 2994 adde,
858 2961 957 2996 quae
975 2951 1168 2987 habentur
1185 2950 1225 2986 in
1248 2950 1426 2998 catalogo
1443 2959 1615 2996 romam,
1633 2949 1697 2985 cui
1715 2949 1870 2984 titulus:
1892 2948 1993 2983 Pro-

346 3006 451 3054 fessi
468 3018 494 3051 4
514 3011 698 3044 votorum
720 3008 966 3045 Germaniae
984 3013 1020 3045 et
1043 3009 1205 3046 Galliae
1219 3010 1268 3046 ab
1280 3020 1389 3046 anno
1406 3018 1451 3054 15
1469 3029 1514 3035 —
1533 3029 1577 3035 -
1592 3010 1646 3044 ad
1663 3017 1768 3053 1573,
1789 3007 1856 3043 ubi
1874 3006 1998 3044 etiam

356 3067 548 3102 habentur
572 3067 754 3115 Professi
777 3067 904 3103 trium
927 3071 1126 3111 votorum,
1147 3068 1249 3105 inter
1271 3079 1368 3117 quos
1392 3073 1454 3104 est
1478 3068 1545 3103 «P.
1575 3067 1770 3113 Georgius
1793 3065 1995 3110 Rotarius,

356 3124 585 3174 leodiensis,
602 3127 763 3168 Romae,
782 3135 827 3172 25
845 3127 974 3163 Martii
996 3128 1085 3173 1569
1111 3128 1165 3176 [in
1188 3128 1384 3175 manibus]
1407 3128 1452 3164 P.
1477 3126 1664 3164 Everardi
1688 3124 1996 3173 [Mereuriani].»
