2228 3548
0 2595 20 2902 1

116 0 994 53 WWW”5W-{ffew'{'²»J'm'jzwfflf'f-‘fff{⁴³7
1039 0 1098 18 ‘-
1222 0 1233 16 ⁴
1294 9 1299 12 -
1324 4 1326 10 ν
1351 0 1359 12 ³
1487 0 1490 8 ¹

871 291 919 318 20
946 282 1180 320 FssBnuARn
1208 280 1297 327 1567
1785 280 1861 329 389

264 386 400 439 bene,
431 384 708 430 hauendomi
737 382 992 428 confirmati
1015 382 1080 441 gli
1102 382 1249 427 ordini
1277 384 1362 427 che
1391 384 1453 427 ho
1483 383 1594 436 dati,
1619 382 1695 440 gia
1716 397 1799 440 per
1819 385 1912 429 due

267 463 446 508 lettere:
472 462 550 519 qui
570 476 662 506 non
684 462 714 504 l'
738 463 798 504 ho
821 462 979 505 uoluto
999 467 1178 506 mutare
1198 474 1280 517 per
1300 461 1344 504 13
1365 474 1502 504 causa
1523 460 1663 505 detta.

361 539 403 583 2.
467 541 558 583 Tre
579 554 607 583 o
635 545 796 596 quatro
825 537 974 596 giorni
1001 539 1152 595 doppo
1181 539 1266 581 che
1288 537 1525 595 gionsemo
1551 552 1641 594 qua
1669 539 1728 582 da
1754 538 1906 595 Spita,

274 617 455 661 mandai
475 631 502 660 a
524 616 702 662 Treuiri
722 616 753 659 il
777 619 830 660 P.
856 618 969 660 Mro.
992 614 1196 660 Antonio
1217 629 1297 672 per
1318 629 1478 672 sapere
1493 628 1625 660 come
1642 616 1685 660 le
1701 629 1808 660 cose
1825 630 1909 659 an-

273 695 452 738 dauano
473 709 552 751 per
573 693 618 737 di
640 695 698 747 13,
723 701 769 738 et
795 693 1031 738 consolare
1058 691 1196 750 quelli
1223 690 1444 749 pouereti‚
1469 692 1588 748 dopo
1611 699 1737 736 tanta
1760 692 1908 736 tribu—

271 770 453 825 latione,
478 777 523 815 et
545 771 670 815 300ἱὸ
691 770 738 813 111
761 785 843 814 sua
864 769 1093 827 presentia
1108 769 1372 813 rinouasero
1393 767 1424 811 11
1447 768 1560 822 uoti,
1580 783 1672 812 non
1694 768 1909 815 hauendo

263 849 314 892 d'
337 850 492 893 andar'
516 848 559 892 io
582 855 708 892 tanto
727 855 883 905 presto
905 848 964 900 13,
989 853 1034 892 et
1055 847 1243 889 interim
1272 846 1316 889 io
1344 861 1437 889 non
1470 847 1651 891 haueuo
1680 847 1724 890 d'
1750 853 1904 892 atten-

266 926 375 971 dere
401 942 428 970 a
454 926 549 969 dar’
576 925 734 970 ordine
764 925 978 978 alchano,
1010 937 1084 967 ma
1115 922 1199 966 alli·
1222 922 1457 975 essamini,
1489 922 1788 977 confessioni,
1811 930 1900 967 ete.

267 1003 457 1047 Ritorno
477 1004 521 1047 13
541 1002 696 1060 vigilia
711 1002 828 1046 della
844 1000 1112 1058 Epiphania,
1132 1006 1178 1045 et
1200 1000 1248 1042 fu
1270 1006 1483 1056 presente
1499 1000 1586 1043 alla
1608 1000 1905 1045 renouatione

267 1088 420 1125 nostra
442 1080 514 1124 dei
536 1079 648 1124 voti.
669 1081 821 1123 Trouo
849 1079 892 1122 la
913 1077 1003 1121 cita
1025 1091 1162 1122 senza
1178 1083 1322 1133 peste,
1344 1090 1417 1119 ma
1434 1083 1525 1119 non
1542 1077 1568 1120 e
1585 1077 1798 1122 acordata
1819 1092 1878 1120 an
1896 1103 1904 1109 ·

264 1171 372 1201 cora
392 1172 479 1201 con
495 1158 524 1200 l’
548 1156 855 1200 arciuescouo.
883 1154 1044 1199 Lascio
1066 1154 1262 1197 alchune
1283 1154 1427 1209 poche
1446 1166 1552 1197 cose
1568 1154 1614 1196 d'
1634 1153 1792 1198 ordine
1810 1153 1904 1197 mio

269 1235 328 1288 13,
353 1234 399 1277 111
422 1241 547 1278 tanto
573 1232 644 1277 ch’
675 1233 718 1276 io
740 1233 873 1284 vado,
897 1238 943 1276 et
974 1229 1194 1274 consolati
1229 1229 1260 1272 il
1293 1230 1346 1273 P.
1373 1230 1607 1273 Hermano
1644 1237 1691 1273 et
1728 1230 1835 1273 tutti
1872 1230 1904 1273 11

272 1311 407 1356 Padri
423 1318 469 1356 et
491 1310 667 1364 fratelli3
687 1317 732 1355 et
748 1309 867 1354 nella
883 1306 1128 1352 medesima
1143 1306 1437 1364 dispositione
1453 1306 1653 1363 sapiamo
1670 1308 1756 1352 che
1773 1316 1905 1351 stano

268 1390 444 1434 adesso.

356 1479 396 1522 3.
462 1466 506 1510 A
529 1464 659 1522 Spira
680 1463 717 1508 si
739 1463 977 1508 recordata
997 1463 1037 1506 13
1063 1463 1116 1505 Ρ.
1138 1462 1196 1505 V.
1217 1462 1302 1504 che
1318 1460 1470 1505 lasciai
1492 1461 1581 1504 co'l
1600 1462 1650 1504 P.
1671 1461 1865 1506 Hermes
1890 1462 1900 1482 ¹

264 1543 341 1588 doi
364 1542 540 1587 fratelli:
566 1557 629 1585 un
655 1540 917 1585 coadiutore
946 1530 1209 1596 temporale,
1242 1546 1288 1581 et
1315 1552 1378 1580 vn
1409 1544 1605 1582 maestro
1634 1538 1683 1580 in
1711 1537 1903 1591 artibus,

262 1621 483 1665 scholare:
509 1619 629 1677 dipoi
649 1618 681 1662 li
702 1617 879 1662 mandai
904 1631 964 1660 un
996 1616 1249 1668 sacerdote,
1274 1617 1359 1659 che
1380 1629 1455 1659 era
1478 1614 1736 1659 necessario
1757 1629 1839 1671 per
1861 1614 1903 1659 10

262 1712 347 1743 sue
367 1696 658 1750 confessioni,
684 1703 865 1741 et-anco
887 1709 966 1751 per
988 1693 1180 1737 aiutarlo
1202 1692 1319 1737 nelle
1349 1705 1455 1736 cose
1476 1691 1522 1735 di
1545 1705 1665 1735 casa.
1691 1692 1898 1736 Succede

265 1776 404 1819 molto
427 1776 543 1820 bene
565 1776 680 1818 Mro.
706 1773 899 1816 Hermes
921 1771 994 1814 nel
1023 1771 1232 1827 guberno
1253 1768 1299 1812 di
1321 1783 1425 1813 casa
1444 1776 1491 1812 et
1522 1768 1640 1813 nelle
1663 1767 1893 1825 prediche‚

263 1859 311 1896 et
331 1852 376 1896 io
396 1859 468 1896 sto
491 1852 630 1895 molto
651 1857 866 1894 contento
886 1847 931 1891 di
954 1847 1034 1901 lui,
1058 1853 1103 1891 et
1126 1845 1247 1890 tutti:
1272 1845 1303 1888 il
1325 1845 1519 1902 Signore
1535 1846 1566 1887 l’
1586 1844 1712 1887 aiuti.
1740 1846 1896 1889 Inten-

263 1929 414 1973 diamo
429 1930 515 1973 che
531 1929 556 1972 0
573 1927 710 1971 molto
733 1934 883 1983 grato,
903 1933 948 1969 et
964 1925 1023 1967 ha
1039 1923 1179 1966 molto
1193 1910 1411 1966 concorso
1428 1922 1546 1966 nelle
1563 1936 1646 1966 sue
1663 1921 1893 1978 prediche,

263 2013 311 2051 et
330 2006 362 2049 11
384 2006 488 2050 fano
507 2006 647 2049 molto
662 2006 837 2047 honore
854 2000 992 2058 quelli
1008 1998 1196 2056 signori.
1216 1999 1251 2042 Il
1268 1998 1461 2055 capitolo
1483 2005 1529 2043 et
1552 1998 1582 2040 li
1604 1997 1811 2042 canonici
1835 1997 1899 2040 mi

263 2083 539 2127 mandarono
561 2081 638 2138 qui
659 2096 738 2138 per
759 2079 939 2136 proprio
962 2076 1129 2121 nuncio
1161 2090 1187 2119 a
1222 2075 1472 2119 dimandar’
1502 2074 1898 2132 particolarmente

260 2173 390 2204 come
411 2162 448 2204 s’
478 2161 657 2203 haueua
678 2174 704 2202 a
727 2159 809 2201 far'
829 2158 858 2199 l’
879 2153 1156 2212 obligatione
1173 2160 1217 2199 et
1235 2152 1499 2197 fundatione
1515 2152 1561 2196 di
1577 2152 1682 2208 quel
1704 2150 1899 2208 collegio

261 2237 307 2280 di
329 2236 481 2294 Spirat
513 2237 556 2280 io
577 2237 621 2280 13
647 2234 843 2286 mandai‚
878 2232 1075 2277 secondo
1097 2232 1246 2287 quella
1270 2233 1355 2276 che
1376 2231 1415 2275 si
1436 2231 1540 2274 dete
1568 2230 1610 2273 al
1631 2242 1829 2272 vescouo
1851 2229 1898 2271 di

263 2313 517 2371 Herbipoli.
557 2312 692 2369 Dipoi
728 2314 787 2355 ho
815 2316 981 2367 saputo
1010 2310 1085 2352 dal
1114 2311 1168 2352 Ρ.
1199 2310 1313 2353 Mro.
1346 2309 1540 2352 Hermes
1572 2308 1657 2350 0110
1684 2308 1742 2349 113
1768 2306 1896 2349 detto

260 2391 294 2433 il
315 2391 487 2435 decano
508 2396 555 2432 et
580 2389 611 2432 il
638 2387 908 2432 scholastico
930 2387 945 2408 ²
969 2388 1054 2430 che
1082 2386 1124 2430 10
1153 2399 1259 2431 cose
1287 2400 1427 2431 erano
1456 2385 1670 2428 concluse
1698 2383 1895 2428 secondo

262 2469 349 2512 che
370 2468 413 2511 13
434 2474 588 2511 nostra
614 2465 827 2509 scrittura
854 2463 1102 2508 mandata⁸
1126 2462 1309 2516 diceua,
1341 2470 1387 2507 et
1413 2464 1499 2506 che
1526 2476 1618 2504 non
1653 2462 1894 2504 haueuano

260 2544 340 2601 gia
359 2543 573 2587 difficolta
590 2543 798 2595 alchuna‚
818 2556 868 2586 se
884 2555 975 2584 non
992 2539 1038 2583 in
1055 2546 1236 2582 trouare
1255 2539 1366 2584 certi
1382 2537 1540 2595 luoghi
1558 2552 1638 2594 per
1658 2535 1892 2592 assignare

264 2622 308 2664 la
329 2621 505 2665 rendita
525 2622 667 2665 ferma
688 2626 734 2663 et
754 2619 925 2670 sicura,
957 2624 1003 2660 et
1033 2618 1117 2660 che
1144 2616 1514 2661 mandarebbono
1542 2630 1568 2657 a
1595 2629 1667 2658 me
1694 2613 1725 2656 il
1752 2620 1888 2666 tutto,

260 2697 418 2741 auanti
438 2697 484 2740 di
503 2696 731 2740 mandarsi
752 2710 779 2739 a
800 2697 960 2738 Roma.
993 2694 1027 2736 Il
1048 2678 1243 2750 Signore
1269 2692 1396 2749 guidi
1424 2691 1455 2735 il
1482 2698 1600 2735 tutto
1627 2705 1653 2733 a
1680 2688 1890 2747 maggior

258 2773 404 2830 gloria
423 2774 480 2817 de
501 2788 584 2817 sua
605 2773 760 2816 diuina
782 2775 891 2816 Mta.
1867 2827 1872 2831 μ

347 2863 391 2905 4.
454 2850 591 2906 Dipoi
611 2850 668 2893 de
690 2847 895 2892 renouati
917 2847 948 2890 li
969 2846 1064 2890 voti
1085 2859 1190 2902 qua,
1209 2852 1255 2891 et
1276 2846 1431 2890 hauer’
1450 2844 1544 2888 dati
1561 2841 1743 2887 alchuni
1760 2841 1888 2899 gior-

326 2994 347 3015 2
364 2977 377 2988 ³
385 2986 569 3034 Sequitur
585 2986 620 3021 si
638 2986 887 3022 obliteratum
906 2996 928 3020 a
946 2983 1038 3020 libr.

335 3099 346 3119 ¹
396 3097 624 3144 Halpawer.
1007 3098 1021 3116 ²
1072 3091 1172 3128 Vide
1189 3103 1318 3140 supra,
1342 3103 1436 3140 pag.
1459 3090 1543 3136 368,
1561 3093 1697 3126 annot.
1720 3087 1760 3124 3.
