2228 3548
403 268 480 304 616
926 270 1066 306 EP1sr.
1094 269 1139 304 P.
1169 267 1441 313 NADAL—528

447 384 486 425 3.
555 369 686 413 Circa
716 371 823 425 quel
850 369 967 414 libro
997 370 1071 414 del
1098 370 1254 413 dottor
1282 371 1500 423 Torres.¹,
1526 370 1790 415 finalmente
1817 370 1841 414 ὲ
1870 384 2004 426 parso

354 446 537 502 meglio,
559 448 642 490 che
660 460 746 490 con
765 453 882 492 tutte
900 448 942 491 le
959 461 1169 500 censure,
1186 453 1313 490 tanto
1330 446 1388 491 de
1405 446 1564 499 nostri,
1584 453 1755 502 quanto
1772 446 1878 492 delli
1896 447 2001 491 dot-

353 523 439 566 tori
463 522 734 576 louaniensi,
760 523 798 566 si
821 523 974 567 mandi
996 524 1039 567 la
1069 524 1195 567 uolta
1216 523 1334 567 della
1362 522 1569 580 superior
1590 523 1859 578 Germania,
1885 531 1931 569 et
1954 524 1999 567 di

352 600 393 643 la
418 616 443 644 a
466 602 624 653 Roma,
650 601 769 644 doue
791 600 829 644 si
851 607 1077 657 potranno
1105 607 1326 645 mostrare
1354 601 1398 645 16
1426 590 1727 645 osseruationi
1750 615 1777 644 0
1804 615 1997 646 censure

351 678 428 721 all’
452 684 627 720 auctor.
655 678 712 721 Et
734 692 784 722 se
807 678 940 722 uorra
964 679 1053 722 che
1075 693 1163 722 6011
1185 678 1333 734 quelle
1350 677 1389 721 si
1405 677 1574 734 stampi
1595 677 1627 720 il
1642 677 1775 731 libro,
1796 677 1834 722 si
1855 684 1998 722 stam-

353 756 477 811 para3
505 756 688 810 quando
710 770 819 808 non,
846 755 882 799 si
913 755 1102 799 lasciara
1125 763 1261 800 stare.
1889 812 1891 814 v

441 845 484 886 4.
552 833 594 876 A
618 833 762 876 Roma
785 833 808 876 ὲ
833 839 1006 876 uenuto
1023 832 1054 875 11
1073 834 1126 876 P.
1149 832 1335 877 Canisio
1352 833 1386 887 ²,
1407 833 1546 877 616110
1567 838 1834 890 procurator
1855 830 1902 875 di
1918 846 2003 877 sua

350 909 589 966 prouincia
611 909 808 967 (perche,
830 909 868 954 si
890 910 979 955 ben
1004 911 1041 954 s’
1060 911 1086 954 e
1103 909 1262 954 scritto
1284 910 1373 954 che
1395 916 1557 965 questo
1574 923 1666 953 non
1690 915 1858 966 poteua
1875 908 1999 962 farsi,

351 987 428 1043 gia
449 986 477 1029 l’
501 987 630 1031 auiso
652 988 695 1030 10
717 987 862 1045 piglic')
886 987 931 1030 in
956 988 1108 1044 Italia).
1135 989 1238 1032 Vna
1267 988 1384 1031 delle
1413 1001 1520 1030 cose
1549 988 1634 1032 che
1656 986 1734 1043 qui
1763 988 1945 1031 haueua
1977 1001 2003 1030 a

353 1071 514 1109 trattar
535 1079 617 1109 era·
633 1065 707 1109 del
730 1080 814 1109 suo
836 1065 995 1109 scritto
1018 1072 1177 1109 contra
1197 1066 1240 1108 16
1262 1064 1487 1118 centurie,
1508 1071 1553 1108 et
1576 1078 1658 1121 per
1679 1065 1786 1120 quel
1807 1066 1894 1108 che
1916 1066 1952 1108 s'
1978 1065 2002 1109 ὲ

353 1141 472 1186 uisto
495 1143 558 1185 fin
582 1142 676 1200 qui,
703 1142 741 1186 si
764 1157 907 1200 pensa
933 1143 1122 1186 riuscira
1144 1144 1262 1187 bene
1291 1157 1373 1200 per
1394 1143 1501 1198 quel
1521 1143 1607 1186 che
1634 1141 1673 1186 si
1701 1142 2001 1199 prettendeua

350 1220 397 1263 di
419 1221 547 1265 leuar
568 1220 785 1264 auttorita
810 1235 836 1264 a
858 1222 963 1276 quel
985 1220 1100 1263 libro
1114 1228 1134 1248 a
1154 1254 1163 1274 ,
1189 1221 1451 1264 mostrando
1473 1219 1600 1263 molti
1622 1219 1764 1264 errori
1786 1219 1832 1263 di
1848 1220 2000 1277 quello

350 1297 659 1342 chiaramente
676 1299 708 1342 ³.

443 1386 484 1430 5.
550 1376 684 1420 Della
707 1382 879 1420 uenuta
900 1375 947 1418 di
970 1377 1027 1419 V.
1054 1377 1108 1419 R.
1136 1390 1162 1419 a
1185 1377 1345 1428 Roma,
1366 1390 1458 1418 non
1481 1375 1683 1432 potendo
1699 1388 1851 1419 essere
1873 1358 1954 1431 per
1970 1373 2003 1417 11

352 1459 505 1508 tempo
527 1453 645 1496 della
667 1453 1004 1510 congregacion
1028 1452 1073 1496 di
1091 1452 1395 1509 procuratori,
1416 1454 1460 1495 la
1477 1453 1584 1508 qual
1600 1451 1638 1495 si
1655 1451 1786 1495 finita
1803 1466 1830 1496 a
1845 1466 2003 1496 mezzo

351 1529 565 1582 Ottobre‚
591 1530 778 1574 hauerei
800 1532 940 1573 charo
963 1545 1055 1573 non
1077 1530 1114 1574 si
1137 1530 1330 1573 tardassi
1352 1529 1431 1586 piu
1453 1531 1539 1574 che
1556 1529 1706 1573 insino
1723 1530 1765 1573 al
1783 1527 2004 1586 principio

350 1621 379 1650 o
401 1621 508 1650 uero
528 1608 572 1650 al
590 1622 746 1652 mezzo
762 1607 808 1650 di
826 1608 1107 1660 Nouembre,
1123 1606 1249 1651 36610
1267 1607 1298 1649 11
1316 1607 1463 1652 freddi
1480 1607 1643 1664 grandi
1660 1621 1752 1650 non
1769 1607 1813 1651 lo
1830 1606 2004 1663 piglino

351 1685 472 1728 nelle
494 1684 646 1728 strade
667 1682 695 1726 l'
718 1684 958 1729 inuernata
980 1686 1069 1728 che
1091 1684 1241 1729 uiene.
1264 1686 1321 1728 Et
1338 1699 1419 1741 per
1441 1691 1604 1741 questo
1621 1684 1829 1741 rispetto‚
1849 1690 1896 1728 et
1918 1698 2002 1727 an-

350 1763 437 1805 che
459 1761 564 1807 delli
586 1761 771 1818 pericoli
793 1762 910 1806 delle
932 1763 1083 1805 strade
1099 1763 1184 1806 che
1206 1756 1395 1806 intendo
1416 1761 1461 1805 ui
1479 1761 1607 1806 siano
1629 1762 1650 1789 b
1666 1775 1801 1806 uerso
1817 1761 1998 1814 Tolosa,

353 1839 413 1881 mi
443 1853 612 1895 pareua
633 1853 726 1882 non
755 1839 937 1883 douessi
965 1840 1119 1882 andar’
1151 1854 1177 1882 a
1208 1838 1364 1882 uisitar
1392 1839 1498 1895 quel
1519 1837 1729 1895 collegio,
1755 1853 1830 1881 ma
1857 1837 1999 1880 infor-

352 1916 509 1969 marsi,
542 1916 800 1960 mandando
835 1919 910 1959 un’
937 1918 1073 1970 altro;
1110 1931 1137 1960 o
1169 1923 1456 1969 ueramente,
1489 1931 1538 1960 se
1570 1915 1803 1960 accadessi
1830 1914 2002 1972 potersi
2052 1973 2055 1976 y

351 2000 507 2038 trouar
524 1995 582 2037 V.
604 1995 660 2037 R:
680 1994 797 2037 nelle
814 1994 1161 2051 congregationi
1179 1993 1462 2050 prouinciali,
1477 2008 1503 2037 a
1519 1994 1562 2037 16
1579 1992 1702 2050 quali
1717 2006 2002 2036 concorrono

351 2070 382 2112 li
407 2071 579 2125 rettori‚
605 2071 720 2116 oltre
742 2070 773 2113 li
794 2072 1009 2127 professi,
1036 2078 1163 2115 tanto
1190 2071 1267 2128 piu
1298 2071 1557 2114 facilmente
1585 2070 1826 2127 pottrebbe
1847 2083 2004 2126 spara—

351 2162 468 2204 gnar
489 2147 532 2191 d'
556 2149 697 2192 andar
718 2163 745 2191 a
767 2149 992 2204 qualcune
1014 2149 1060 2192 di
1084 2149 1221 2205 quelli
1243 2150 1332 2193 che
1354 2156 1519 2192 stanno
1536 2147 1614 2205 piu
1636 2149 1768 2192 fuora
1784 2147 1830 2190 di
1848 2161 2001 2190 mano.

354 2227 412 2268 Et
433 2239 562 2269 come
584 2226 661 2282 gia
689 2225 725 2269 s’
747 2226 771 2270 ὲ
792 2226 950 2270 scritto
981 2225 1059 2270 un’
1082 2227 1196 2270 altra
1229 2227 1375 2278 uolta,
1411 2226 1454 2269 la
1486 2225 1712 2270 intention
1745 2224 1835 2268 mia
1863 2225 1889 2267 e
1917 2225 2005 2269 che

354 2305 412 2347 V.
439 2305 492 2347 R.
516 2318 608 2347 non
630 2303 668 2347 si
690 2310 831 2346 metta
853 2303 897 2346 in
922 2303 1136 2360 pericolo‚
1162 2311 1207 2349 et
1230 2304 1335 2360 quel
1359 2305 1448 2348 che
1470 2318 1559 2346 non
1584 2305 1714 2360 potra
1743 2303 1811 2347 far
1832 2316 1912 2359 per
1934 2316 2000 2355 se,

353 2380 399 2423 10
423 2380 566 2424 faccia
589 2395 668 2436 per
690 2381 821 2424 altro.
1090 2388 1093 2391 “

445 2459 485 2501 6.
554 2459 597 2501 A
622 2459 678 2501 26
699 2458 773 2501 del
794 2465 991 2514 passato,
1017 2458 1179 2515 giorno
1208 2458 1253 2501 di
1285 2465 1417 2503 santo
1439 2457 1672 2502 Giouanni
1701 2465 1747 2503 et
1775 2457 1936 2508 Paulo,
1962 2455 2000 2498 si

356 2550 504 2579 messe
526 2536 569 2578 la
590 2535 734 2591 prima
755 2534 898 2592 pietra
921 2537 1039 2580 nella
1061 2535 1215 2580 chiesa
1236 2543 1414 2588 nostra,
1441 2534 1706 2579 trouandosi
1727 2538 1938 2590 presente
1970 2533 2001 2575 il

352 2612 558 2655 cardinal
586 2614 622 2656 F
625 2625 801 2666 ernese,
833 2619 879 2655 et
907 2612 1099 2656 dicendo
1128 2613 1171 2657 la
1201 2627 1349 2657 messa
1378 2613 1529 2668 quello
1550 2611 1594 2654 d’
1624 2613 1840 2668 Augusta
1869 2610 1884 2631 ⁴
1914 2624 2001 2653 con

430 2718 451 2740 a
489 2714 576 2749 Hoc
595 2714 705 2749 verb.
727 2712 879 2749 addidit
897 2713 985 2749 libr.
1007 2714 1318 2761 suprasversae-—b
1333 2712 1483 2750 Ultima
1501 2713 1652 2760 syllaba
1675 2710 1792 2758 hujus
1809 2710 1922 2747 verbi
1939 2711 2008 2747 ad-

353 2772 440 2807 dita
459 2778 519 2808 est
545 2785 661 2820 supra
687 2784 791 2809 vers·
819 2785 844 2821 a*
860 2772 947 2808 libr.

432 2850 440 2870 ¹
493 2850 724 2886 Franciseus
742 2850 791 2886 de
809 2851 967 2897 Torres,
987 2851 1083 2887 alias
1101 2851 1330 2886 Turrianus.
1352 2850 1453 2886 Vide
1472 2849 1587 2899 epist.
1604 2857 1690 2895 510,
1705 2861 1745 2885 n.
1760 2856 1796 2894 73
1812 2856 1898 2896 512,
1913 2860 1953 2884 n.
1968 2856 2005 2893 53

354 2916 443 2955 515,
466 2921 503 2944 n.
523 2910 560 2954 63
581 2914 621 2945 et
640 2918 726 2956 517,
743 2921 783 2945 n.
802 2910 838 2944 6.

430 2972 443 2990 ‘-'
494 2970 538 3004 B.
561 2970 715 3015 Petrus,
735 2968 985 3016 provincialis
1006 2970 1241 3006 Germaniae
1260 2969 1488 3017 superioris.

430 3029 444 3048 ³
494 3028 556 3064 Cf.
576 3030 931 3075 BRAUNSBERGER,
954 3029 1026 3064 loc.
1047 3028 1131 3075 eit.,
1151 3030 1223 3076 III,
1243 3027 1367 3075 29-31‚
1387 3027 1472 3074 372.

426 3088 442 3108 ⁴
493 3086 588 3124 Otto
607 3088 825 3123 Truehsess
843 3086 892 3122 de
918 3088 1151 3134 Waldburg.
