2228 3548
893 331 942 360 20
966 323 1138 360 Apmxs
1165 323 1258 370 1567
1773 334 1842 372 451

243 426 366 472 nelle
387 427 485 470 loro
505 425 758 479 donationi,
782 432 830 469 et
849 424 898 469 in
914 432 1085 483 quanta
1100 425 1353 484 semplicitfr
1369 432 1417 471 et
1433 425 1596 483 puritfi,
1617 426 1892 473 lasciandosi

247 504 429 562 guidar’
452 504 512 548 da
531 503 625 557 noi;
650 512 697 548 et
718 503 763 547 lo
784 503 926 547 fanno
948 509 1069 547 tutto
1088 516 1170 560 per
1189 516 1305 561 puro
1327 504 1426 549 zelo
1441 502 1561 549 delle
1580 503 1732 549 anime
1748 506 1837 551 che
1853 505 1892 550 si

250 582 469 639 perdono,
494 587 540 626 et
562 582 656 625 no'n
677 582 834 624 hanno
861 580 976 625 altro
1003 579 1192 624 rimedio
1218 582 1418 625 humano
1445 596 1589 626 senon
1615 581 1660 625 13
1691 582 1893 640 Compa-

250 658 377 716 gnia.
402 659 581 715 Questo
603 673 710 715 pare
731 659 819 702 che
845 671 1016 703 muoue
1037 672 1064 701 a
1084 659 1181 702 fare
1201 672 1294 702 non
1315 658 1414 702 solo
1435 659 1587 715 quello
1612 660 1700 704 che
1728 659 1768 703 si
1798 663 1893 717 pub

248 736 452 781 secondo
473 736 503 779 l’
527 735 753 788 instituto,
777 750 850 779 ma
871 734 1085 779 etiamdio
1107 749 1134 779 a
1154 736 1521 781 condescendere
1541 743 1588 781 et
1608 735 1888 794 dispensare,

247 827 302 858 se
324 812 414 857 fusi
436 812 482 857 di
503 812 731 870 bisognio,
756 812 788 856 il
809 813 898 857 che
918 827 1011 856 non
1031 812 1074 857 ὲ.

343 904 384 947 3.
450 891 583 936 Oltre
603 890 649 934 di
670 890 758 944 cio,
777 889 840 933 mi
859 891 1014 934 hanno
1034 889 1178 943 detto,
1201 891 1287 934 che
1308 890 1456 947 questi
1478 890 1554 934 doi
1575 891 1753 935 elettori
1774 893 1893 936 han-

247 983 313 1013 no
335 975 492 1012 notata
519 968 563 1012 13
584 966 887 1025 Compagnia‚
911 966 1080 1024 perche
1115 967 1159 1010 al
1195 966 1417 1024 principio
1452 975 1731 1025 prometemo
1761 966 1894 1013 facil-

250 1054 404 1092 mente
432 1052 478 1091 et
514 1046 696 1102 copiose,
718 1051 764 1089 et
784 1043 906 1102 dipoi
932 1051 1135 1088 mutamo
1164 1050 1210 1088 et
1237 1043 1541 1088 dimandiamo
1572 1059 1679 1090 cose
1707 1045 1887 1103 grandi,

247 1123 420 1169 sicome
437 1123 513 1179 qui
531 1122 578 1166 in
596 1121 773 1167 Treuiri
789 1121 828 1166 si
847 1122 1012 1167 offerse
1028 1120 1222 1166 duodeci
1238 1135 1446 1178 persone,
1466 1122 1584 1167 nelle
1601 1122 1722 1180 quali
1741 1123 1893 1168 fusero

252 1201 330 1245 doi
351 1215 378 1244 o
401 1208 468 1245 tre
489 1199 759 1258 predicatori
778 1199 1037 1256 superiores
1053 1199 1290 1257 germani,
1311 1199 1400 1242 duo
1414 1201 1706 1256 professores
1726 1200 1891 1244 theolo-

247 1279 362 1337 giae
384 1282 425 1322 et
445 1281 640 1335 quatuor
660 1277 858 1321 doctores
878 1276 1052 1320 artium
1073 1279 1115 1319 et
1135 1275 1358 1320 bonarum
1380 1277 1638 1330 literarum,
1661 1291 1747 1322 con
1770 1277 1893 1322 mille

254 1355 416 1401 fioreni
437 1356 524 1400 che
543 1355 679 1408 daua,
703 1360 748 1398 et
770 1367 863 1398 non
883 1352 977 1411 piu,
1001 1359 1048 1397 et
1068 1354 1154 1397 che
1175 1352 1399 1398 hauesero
1419 1353 1466 1397 di
1486 1353 1687 1407 visitare,
1712 1361 1821 1408 etc.,
1847 1360 1893 1399 et

253 1432 287 1476 il
311 1435 363 1477 Ρ.
389 1434 448 1477 Ν.
475 1433 590 1476 Mro.
616 1433 799 1488 Laynez
829 1445 909 1489 per
927 1444 1021 1475 vna
1041 1444 1125 1474 sua
1151 1436 1173 1458 ⁸
1203 1429 1246 1474 al
1267 1429 1578 1484 arciuaecoum
1604 1431 1647 1475 la
1667 1430 1742 1474 cui
1763 1430 1896 1488 copia

256 1511 412 1554 hanno
435 1509 510 1554 nel
531 1508 742 1566 coHegio,
765 1507 918 1553 riceue
940 1514 1061 1551 tutto
1077 1507 1244 1564 quello,
1264 1514 1311 1551 et
1332 1506 1432 1552 dice
1453 1515 1614 1564 queste
1635 1508 1804 1565 parole:
1829 1511 1898 1552 «et

252 1587 338 1632 sub
356 1590 645 1639 autumnum,
667 1587 765 1629 Deo
785 1585 934 1640 dante,
949 1585 1110 1642 plures
1126 1586 1303 1628 mittere
1319 1585 1509 1628 curabo»
1530 1592 1577 1630 et
1592 1585 1639 1629 in
1656 1585 1770 1629 altra
1785 1600 1892 1643 par—

252 1671 316 1718 te,
333 1664 489 1708 «breui
504 1664 776 1722 satisfacere
787 1663 1041 1719 poterimus
1056 1661 1282 1705 desiderio
1297 1665 1452 1705 nostro
1467 1662 1736 1719 obsequendi
1762 1662 1784 1689 ¹³
1801 1663 1896 1706 Do-

252 1741 502 1785 minationi
539 1741 721 1784 Vestrae
751 1740 914 1783 Rmae.
956 1742 997 1782 et
1029 1738 1316 1782 inseruiendi
1341 1738 1659 1795 spiritualibus
1686 1740 1898 1783 ecclesiae

253 1832 367 1862 suae
383 1817 670 1861 commodis».
692 1817 750 1860 Et
765 1816 811 1860 di
828 1823 988 1872 questa
1005 1816 1167 1860 lettera
1183 1821 1380 1860 tememo
1395 1815 1512 1860 assai
1530 1815 1622 1869 noi,
1642 1815 1679 1860 s’
1697 1817 1896 1861 hauemo

258 1895 306 1939 di
328 1902 514 1939 trattare
541 1908 628 1938 con
657 1900 820 1950 questo
846 1892 1143 1938 arciuescouo
1172 1905 1294 1935 nouo
1325 1893 1354 1935 ¹.
1385 1893 1444 1936 Et
1469 1893 1648 1937 benche
1671 1892 1896 1950 speriamo

257 1972 474 2017 alleuiare
494 1971 526 2014 il
548 1986 657 2028 peso
678 1978 725 2015 et
746 1970 900 2023 modo,
926 1974 1078 2013 tamen
1093 1969 1120 2012 ἑ
1135 1967 1318 2014 difficile
1333 1970 1422 2016 che
1437 1970 1552 2014 oltre
1568 1984 1595 2014 a
1612 1977 1774 2027 questa
1790 1984 1895 2013 rnu-

261 2049 448 2103 tafione,
473 2048 779 2093 dimandiamo
801 2048 844 2091 31
866 2046 1161 2091 arciuescouo
1182 2047 1270 2090 che
1290 2045 1354 2090 lui
1375 2046 1490 2091 sacci
1512 2047 1760 2092 donatione
1781 2059 1895 2104 pura

256 2134 305 2173 et
326 2126 512 2171 liberale
533 2126 620 2169 alla
647 2123 949 2182 Compagnia,
973 2122 1166 2168 dicendo
1193 2123 1278 2166 che
1305 2123 1382 2168 noi
1406 2138 1499 2167 non
1523 2123 1748 2181 possiamo
1776 2122 1895 2167 obli-

260 2203 383 2262 garsi
405 2203 540 2248 etiam
564 2218 591 2247 a
612 2201 690 2246 noi
712 2200 838 2245 stesi.

348 2293 392 2335 4.
455 2280 544 2324 Nel
565 2278 834 2336 particolare
854 2276 900 2320 di
922 2276 1070 2334 Spira,
1095 2292 1122 2321 a
1142 2291 1215 2321 me
1235 2276 1297 2320 mi
1324 2291 1456 2334 parse
1484 2276 1715 2334 seguitare
1742 2275 1896 2332 quello

259 2358 349 2401 che
370 2359 406 2400 s’
428 2357 454 2400 e
473 2356 602 2408 fatto,
623 2354 957 2398 hauendomelo
974 2353 1163 2398 rimesso
1178 2353 1222 2397 la
1239 2354 1293 2398 P.
1313 2354 1372 2398 V.
1392 2354 1672 2406 finalmente,
1692 2359 1739 2397 et
1755 2367 1896 2397 erano

261 2432 484 2478 nominati
506 2438 552 2476 et
573 2430 723 2489 saputi
750 2430 868 2474 dalla
890 2432 942 2474 P.
970 2431 1028 2474 V.
1054 2429 1086 2472 il
1106 2444 1295 2475 numero
1323 2430 1381 2475 de
1409 2430 1532 2484 tutti,
1567 2430 1611 2474 13
1643 2429 1818 2475 rendita
1850 2436 1898 2474 et

259 2510 374 2568 ogni
396 2524 518 2554 cosa.
539 2510 727 2566 Quanto
749 2522 776 2552 a
796 2507 947 2563 quello
964 2507 1011 2550 d’
1031 2501 1283 2563 Herbipoli,
1303 2521 1380 2552 era
1400 2521 1634 2564 promesso
1650 2506 1681 2549 il
1702 2505 1899 2563 collegio

262 2588 383 2632 dalla
405 2589 458 2631 P.
485 2588 564 2639 V.‚
589 2587 679 2628 imo
700 2585 788 2628 che
809 2584 999 2628 sarebbe
1020 2582 1052 2626 il
1078 2582 1224 2639 primo
1243 2584 1332 2628 che
1352 2583 1391 2627 si
1418 2584 1716 2636 fundarebbe,
1747 2597 1772 2627 e
1799 2582 1898 2626 vni·

264 2664 434 2710 uersite.
455 2663 502 2708 di
523 2662 674 2707 studio
694 2661 909 2719 generale
929 2660 976 2703 in
999 2657 1254 2717 Herbipoli,
1278 2659 1322 2705 la
1338 2661 1472 2717 quale
1493 2660 1718 2717 speriamo
1734 2660 1772 2703 si
1789 2658 1898 2704 dari

263 2756 291 2785 a
311 2741 404 2794 noi,
428 2740 594 2798 perche
616 2754 711 2783 non
731 2738 774 2782 ci
795 2752 907 2782 sono
935 2736 1088 2781 lettori
1108 2735 1157 2779 in
1185 2737 1350 2792 quella.
1382 2738 1433 2782 L'
1463 2736 1641 2782 offerire
1670 2735 1784 2780 tanti
1810 2736 1900 2780 let·

258 2817 348 2861 tori
370 2831 463 2860 non
485 2831 652 2873 pareua
673 2813 1039 2868 inconueniente,
1064 2808 1257 2858 essendo
1276 2814 1365 2858 che
1386 2814 1411 2859 ὲ
1433 2813 1511 2871 piu
1536 2815 1679 2857 ferma
1701 2818 1747 2858 et
1768 2812 1900 2868 quasi

332 2962 353 2983 a
391 2963 412 2989 2
430 2954 551 2990 verba
567 2964 676 3000 seqq.
696 2963 811 3000 supra
830 2962 934 2987 vers.
953 2948 1102 2986 addidit
1119 2948 1288 2986 libr.—b
1301 2948 1324 2986 3
1347 2951 1470 2986 verba
1494 2961 1609 2997 seqq.
1640 2959 1758 2996 supra
1785 2959 1894 2986 vers.

258 3013 412 3050 addidit
429 3013 520 3050 libr.

341 3138 351 3159 ¹
403 3138 575 3184 Jacobus
593 3137 642 3172 ab
660 3135 741 3172 Els.
