2228 3548
942 296 990 324 20
1015 287 1268 326 Dncmfflms
1296 288 1390 335 1567
1877 299 1948 337 549

431 390 678 448 Inscrzptio
700 392 750 434 in
771 396 941 448 quarta
955 392 1158 450 pagina:
1180 392 1210 450 ἦ·
1232 393 1294 437 ΑΙ
1310 393 1453 436 molto
1470 393 1588 437 Rdo.
1617 392 1768 438 Padre
1789 391 1836 436 in
1859 393 1996 437 Chri-

343 475 431 522 sto,
459 467 488 511 il
520 469 574 512 P.
601 469 741 512 Mtro.
767 469 952 522 Natale‚
978 468 1291 514 commissario
1313 470 1361 514 in
1382 469 1632 515 Germania
1653 470 1773 515 della
1794 470 1995 526 Compa-

343 544 455 603 gnia
474 544 519 588 di
537 545 699 590 Giesu.
725 546 776 589 In
798 559 903 590 casa
924 546 1031 590 delli
1050 547 1188 590 Padri
1203 546 1251 590 di
1268 548 1420 604 quella
1436 547 1741 605 Compagnia.
1762 548 1992 592 Anuersa.

319 621 322 623 “
343 623 395 666 In
411 623 640 667 Anuersa.
662 624 753 667 Pro
771 630 878 667 toto.
904 624 1014 668 Alia
1030 638 1193 667 manu:
1214 625 1274 669 N.
1293 626 1347 669 P.
1370 637 1421 680 17
1438 624 1717 670 Nouembris
1746 626 1875 681 1567.
1912 627 1995 669 Ve-

343 700 538 758 stigium
561 702 726 759 sigilli.

1111 801 1237 843 5⁹8

818 886 860 922 S.
888 886 1224 924 FRANCISCUS
1250 887 1322 923 DE
1347 887 1519 935 BORJA

691 953 893 997 PATRI
926 953 1362 998 HIERONYMO
1396 954 1641 998 NADAL

822 1037 984 1071 nomn,
1012 1038 1058 1074 29
1083 1037 1324 1067 nscmfflms
1353 1030 1444 1076 1567
1475 1033 1501 1066 ¹.

344 1106 402 1143 De
414 1109 703 1155 promovendis
719 1108 775 1144 ad
792 1107 1104 1156 professionem,
1123 1108 1187 1144 vel
1210 1109 1266 1144 ad
1284 1110 1470 1156 gradum
1494 1108 1779 1156 coadjutorum
1797 1111 1990 1156 spiritua-

820 1167 924 1205 lium
942 1168 988 1204 in
1000 1168 1227 1216 provinciis
1248 1167 1513 1205 Germaniae.

428 1246 559 1303 Jhus.
584 1245 727 1290 Molto
748 1245 866 1290 Rdo.
893 1244 940 1288 in
962 1246 1086 1302 Xpo.
1114 1245 1279 1290 Padre.
1308 1247 1408 1290 Pax
1430 1246 1537 1303 Xpi.
1563 1253 1651 1290 etc.
1689 1248 1778 1290 Per
1806 1254 1990 1303 quattro

341 1322 504 1368 lettere
526 1323 612 1367 che
634 1322 712 1380 qui
733 1337 887 1378 uanno
908 1322 1080 1367 drizate
1107 1322 1183 1367 alli
1212 1329 1397 1379 quattro
1426 1323 1687 1380 prouintiali
1720 1323 1766 1367 di
1794 1325 1991 1368 Germa·

341 1399 418 1444 nia
439 1400 473 1453 ²,
499 1400 667 1445 uedera
688 1400 741 1445 V.
767 1401 822 1444 R.
849 1401 1001 1456 quello
1022 1401 1110 1445 che
1132 1399 1174 1444 ci
1195 1401 1222 1444 ὲ
1249 1414 1386 1457 parso
1415 1408 1589 1457 quanto
1616 1401 1706 1444 allo
1734 1409 1934 1447 accettar
1965 1417 1990 1445 a

341 1477 628 1534 professione
649 1493 677 1522 o
699 1493 780 1534 per
802 1477 1063 1522 coadiutori
1085 1477 1308 1535 spirituali
1330 1479 1374 1523 le
1393 1493 1590 1536 persone
1613 1478 1659 1523 in
1677 1479 1804 1524 dette
1826 1479 1989 1524 lettere

339 1555 587 1599 nominate.
614 1555 853 1608 Tuttauia‚
878 1555 1137 1600 hauendole
1159 1557 1218 1600 V.
1245 1557 1300 1600 R.
1330 1555 1510 1601 uisitate
1539 1571 1658 1614 poco
1689 1557 1749 1610 fa,
1782 1571 1832 1602 se
1854 1556 1885 1600 li
1908 1572 1990 1613 pa-

342 1632 455 1676 ressi
478 1632 671 1688 qualche
692 1647 799 1677 cosa
820 1632 1062 1677 differente
1083 1632 1204 1677 circa
1225 1633 1393 1677 alcuno
1413 1633 1460 1677 di
1482 1634 1648 1690 questi,
1680 1636 1811 1691 potra
1839 1634 1990 1678 auisar

340 1710 383 1753 al
405 1709 661 1766 prouincial
682 1723 784 1763 suo,
804 1710 1035 1767 suspenda
1050 1710 1095 1754 13
1111 1709 1402 1756 essecutione
1417 1710 1463 1755 di
1481 1711 1587 1767 quel
1605 1713 1691 1756 che
1708 1710 1752 1754 io
1769 1711 1799 1754 li
1818 1710 1985 1763 serino,

341 1786 491 1830 insino
512 1802 539 1830 a
561 1794 688 1831 tanto
710 1789 796 1831 che
819 1789 881 1831 V.
915 1789 971 1831 R.
998 1787 1057 1831 mi
1080 1787 1156 1831 dia
1178 1787 1323 1841 auiSO,
1347 1795 1395 1833 et
1422 1788 1467 1832 io
1494 1788 1526 1832 li
1558 1796 1579 1816 a
1606 1787 1724 1831 torni
1757 1804 1783 1832 a
1814 1788 1990 1833 scriuer

341 1878 477 1921 sopra
496 1863 528 1907 il
550 1864 812 1908 medesimo.
838 1866 895 1908 Et
924 1864 1053 1921 potrfi
1084 1865 1274 1909 mandat
1303 1864 1398 1910 cosi
1429 1866 1487 1909 ad
1515 1865 1722 1923 ogniuno
1749 1865 1856 1910 delli
1883 1880 1988 1922 pro-

346 1940 521 1985 uintiali
543 1942 586 1985 la
607 1956 691 1985 sua
712 1942 889 1994 lettera,
915 1941 1136 1998 aggionta
1163 1942 1207 1985 la
1234 1942 1501 2000 ecceptione
1529 1942 1576 1986 di
1604 1943 1852 1998 qualcuno,
1880 1957 1929 1986 se
1957 1943 1987 1985 li

340 2018 511 2075 paressi
533 2018 699 2062 debbia
721 2018 1030 2075 suspendersi.
1058 2019 1116 2061 Et
1137 2019 1307 2075 perche
1327 2034 1440 2064 sono
1463 2020 1605 2063 molto
1628 2019 1761 2076 pochi
1793 2019 1985 2076 professi

338 2095 457 2140 nelle
478 2095 604 2140 dette
624 2095 875 2152 prouincie,
901 2096 959 2139 V.
987 2097 1042 2139 R.
1066 2102 1240 2151 quanto
1260 2096 1406 2153 prima
1427 2096 1458 2139 li
1480 2096 1635 2140 mandi
1656 2097 1700 2141 le
1722 2096 1827 2149 mie,
1860 2095 1986 2139 accio

337 2186 534 2229 possano
558 2173 654 2216 fare
677 2171 844 2216 alcuni.
872 2173 929 2215 Et
952 2172 1121 2228 perche
1143 2172 1188 2215 d’
1220 2173 1334 2218 altre
1361 2188 1468 2218 cose
1499 2173 1536 2217 si
1569 2173 1719 2218 scriue
1751 2180 1985 2229 separata-

337 2257 509 2303 mente,
535 2250 787 2294 solamente
816 2249 915 2293 diro
945 2250 1034 2294 che
1061 2249 1103 2293 ci
1132 2251 1525 2295 raccomandiamo
1555 2251 1662 2294 tutti
1693 2250 1835 2293 molto
1867 2250 1984 2294 nelle

339 2326 533 2370 orationi
570 2333 616 2370 et
649 2325 857 2382 sacrificij
890 2325 936 2369 di
970 2327 1027 2371 V.
1070 2328 1125 2371 R.
1157 2334 1249 2372 etc.
1278 2328 1337 2372 Di
1366 2330 1528 2382 Roma,
1559 2327 1590 2371 li
1620 2340 1677 2371 20
1708 2327 1754 2370 di
1786 2329 1983 2371 Decem-

338 2403 420 2448 bre
449 2404 575 2458 1567.

428 2482 599 2529 Mucho
621 2495 695 2525 me
718 2481 904 2524 console
927 2495 1015 2524 con
1036 2481 1103 2526 las
1124 2488 1276 2526 cartas
1296 2482 1355 2528 de
1376 2484 1435 2527 V.
1462 2484 1538 2536 R.,
1564 2497 1647 2539 por
1675 2497 1754 2526 ver
1787 2496 1841 2525 su
1869 2496 1981 2525 con-

339 2557 467 2602 suelo
488 2572 519 2614 y
540 2558 663 2602 buen
686 2557 852 2601 animo.
878 2559 1090 2614 Despues
1110 2559 1386 2616 respondere
1406 2564 1504 2604 mas
1525 2574 1584 2605 en
1605 2558 1865 2616 particular.
1891 2559 1982 2603 Las

404 2736 425 2757 a
463 2729 550 2766 Hoc
571 2731 684 2766 verb.
703 2729 853 2766 addidit
871 2730 961 2768 libr.
976 2741 1095 2778 supra
1108 2741 1213 2766 vers.

401 2869 411 2890 ¹
463 2870 523 2906 Ex
541 2872 772 2920 archetypo,
791 2884 814 2908 a
831 2872 1061 2909 Fernandez
1084 2877 1259 2920 exarato,
1277 2878 1319 2910 et
1342 2872 1510 2920 Borgiae
1535 2883 1652 2908 manu
1676 2871 1912 2919 subscripto,
1936 2871 1976 2908 in

333 2927 431 2965 Cod-
450 2939 513 2975 34,
537 2931 654 2967 unico
677 2931 763 2980 fol„
789 2942 860 2968 220
884 2931 974 2977 (73).
1001 2932 1150 2969 Ultima
1174 2933 1309 2968 verba:
1336 2932 1480 2969 Mucho
1502 2943 1566 2967 me
1590 2931 1759 2978 console,
1782 2936 1860 2966 etc.
1886 2936 1979 2967 sunt

331 2988 501 3034 Borgiae
518 3001 636 3026 manu
653 2991 813 3039 scripta.

401 3046 417 3066 ¹
465 3047 607 3084 Petrus
625 3047 821 3095 Canisius,
844 3048 1080 3086 Laurentius
1104 3049 1274 3097 Magius,
1299 3050 1498 3088 Antonius
1523 3049 1666 3095 Vinck,
1687 3053 1728 3085 et
1746 3048 1978 3086 Franciscus

332 3104 537 3142 Costerus.
