2228 3548
898 255 920 291 8
947 255 1215 293 SEPTEMBms
1242 256 1334 302 1566
1821 256 1887 293 231

294 357 551 414 prudentia,
577 365 713 415 atque
733 357 930 402 instituti
952 359 1095 403 nostri
1115 359 1393 417 cognitione,
1418 366 1464 403 et
1485 374 1572 403 usu
1590 359 1937 416 gubernationis

297 434 540 491 plurimum
568 435 614 478 in
642 435 840 479 Domino
866 437 1148 480 confidamus
1169 451 1178 491 ;
1203 436 1394 494 dignum
1423 443 1468 482 te
1495 436 1854 481 existimauimus
1885 437 1931 481 in

296 512 508 567 Domino,
529 527 663 568 quern
686 512 950 570 prouinciali
973 515 1160 570 Lanoyo
1178 515 1389 559 daremus
1411 529 1736 558 successorem.
1760 516 1826 558 Te
1843 515 1931 572 igi-

298 596 372 633 tur
413 590 692 647 praedictum
734 591 1031 635 Laurentium
1075 591 1330 649 Maggium,
1375 591 1646 636 auctoritate
1688 592 1931 636 admodum

294 667 396 711 Rdi.
425 667 571 711 Patris
592 667 734 711 nostri
756 669 792 711 F
794 668 985 712 rancisci
1007 684 1033 712 a
1056 668 1238 726 Borgia,
1263 668 1509 726 praepositi
1526 669 1754 726 generalis
1771 669 1929 715 Socie-

294 745 400 788 tatis
430 747 562 803 Jesu,
603 745 909 801 nominamus,
950 745 1228 790 instituimus
1269 753 1315 790 et
1355 761 1563 791 creamus
1605 746 1929 807 prouincialem

290 822 598 878 praepositum
620 837 699 879 per
723 823 985 876 triennium,
1010 824 1067 866 de
1090 838 1214 867 more
1231 823 1486 876 Societatis,
1507 824 1553 866 in
1570 825 1657 866 hac
1674 823 1924 880 prouincia,

288 913 404 956 quae
427 899 677 952 Austriam,
706 899 986 953 Bohemiam,
1008 900 1258 957 Vngariam
1274 908 1320 944 et
1338 900 1573 944 Poloniam
1592 900 1925 956 complectitur,

288 990 391 1019 cum
415 991 468 1021 ea
490 976 612 1020 omni
628 977 887 1029 autoritate,
909 991 1043 1032 quam
1062 977 1209 1022 solent
1225 976 1527 1034 prouinciales
1544 976 1686 1020 nostri
1704 977 1926 1031 obtinere,

288 1052 335 1096 in
367 1053 549 1097 nomine
582 1054 730 1097 Patris
758 1062 802 1099 et
835 1053 936 1098 Filii
973 1061 1019 1098 et
1056 1053 1253 1110 Spiritus
1291 1054 1462 1099 Sancti.
1495 1055 1659 1097 Amen.
1693 1054 1926 1098 Christum

288 1144 399 1174 uero
415 1132 572 1188 Jesum
596 1138 692 1174 toto
713 1131 850 1174 animi
872 1133 1039 1175 affectu
1061 1145 1298 1188 precamur
1320 1138 1457 1186 atque
1478 1131 1785 1183 obsecramus,
1807 1138 1858 1174 ut
1880 1138 1926 1176 te

288 1213 505 1263 tuamque
526 1208 902 1265 gubernationem
925 1215 1063 1264 atque
1091 1207 1369 1264 prouinciam
1401 1208 1458 1251 ad
1486 1207 1700 1252 maiorem
1735 1208 1924 1264 gloriam

286 1284 481 1328 nominis
502 1284 588 1337 sui,
614 1284 998 1341 plurimarumque
1020 1284 1270 1328 animarum
1294 1286 1486 1329 salutem
1514 1285 1560 1329 in
1589 1286 1685 1329 dies
1706 1285 1920 1342 dirigere,

285 1375 338 1404 ac
370 1376 637 1418 promouere
668 1362 901 1419 dignetur.
926 1364 1096 1406 Datum
1128 1365 1327 1420 Pragae,
1353 1363 1427 1408 die
1459 1364 1484 1406 8
1513 1363 1683 1408 mensis
1712 1364 1922 1419 Septem—

288 1437 381 1482 bris
410 1439 535 1494 1566.

1030 1523 1060 1582 †
1092 1524 1421 1568 HIERONYMUS
1440 1524 1676 1568 NATAms.
1712 1523 1741 1581 †

368 1670 534 1713 Exstat
555 1671 764 1728 sigillum
786 1671 1035 1714 Societatis.
1064 1671 1321 1727 Inscriptio,
1343 1686 1372 1713 α
1395 1674 1545 1729 tergo:
1573 1672 1790 1715 Patentes
1812 1670 1916 1715 lite-

280 1761 356 1791 rae
381 1746 518 1790 officii
539 1747 908 1804 prouincialatus.
935 1749 1060 1791 Idem
1085 1748 1242 1790 titulus
1265 1747 1428 1791 ibidem
1451 1749 1662 1791 iteratur.

1044 1859 1169 1900 2129

723 1945 776 1987 P.
813 1944 1225 1988 HIERONYMUS
1257 1944 1476 1987 NADAL

637 2019 843 2055 PATRI
885 2018 1289 2057 LAURENTIO
1331 2018 1554 2057 MAGIO

762 2093 947 2130 ΡΒΑΕΑΕ,
966 2085 987 2120 8
1006 2093 1265 2122 SEPTEMssms
1286 2085 1375 2130 1566
1394 2087 1418 2123 ¹.

276 2149 451 2186 Litterae
469 2152 665 2196 patentes,
684 2150 825 2196 quibus
839 2150 1027 2198 facultas
1043 2153 1270 2186 contractus
1286 2151 1457 2187 ineundi
1469 2150 1719 2198 provinciali
1739 2150 1911 2196 aliisque

772 2209 822 2244 ab
838 2210 925 2255 ipso
943 2209 1138 2257 delegatis
1151 2210 1400 2246 conceditur.

355 2288 486 2344 Jhus.
508 2287 679 2330 Doctor
695 2286 1004 2343 Hieronymus
1020 2287 1210 2340 Natalis,
1223 2287 1462 2332 Societatis
1472 2289 1601 2345 Jesu,
1617 2301 1696 2343 per
1714 2293 1909 2342 quatuor

271 2363 508 2420 Vtriusque
529 2363 802 2408 Germaniae
823 2363 1082 2420 prouincias
1110 2363 1330 2419 visitator,
1354 2364 1618 2408 charissimo
1646 2363 1692 2406 in
1724 2362 1909 2407 Christo

273 2440 399 2484 fratri
426 2440 603 2484 doctori
630 2440 877 2484 Laurentio
906 2441 1119 2498 Maggio‚
1147 2448 1328 2485 nostrae
1355 2441 1597 2487 Societatis
1624 2440 1671 2483 in
1699 2439 1902 2493 Austria,

272 2517 504 2571 Bohemia‚
530 2517 734 2575 Ungaria
755 2524 801 2561 et
824 2517 1013 2561 Polonia
1040 2517 1330 2574 prouinciali,
1354 2519 1548 2564 salutem
1571 2518 1618 2560 in
1639 2532 1709 2570 eo,
1736 2517 1813 2573 qui
1835 2523 1905 2561 est

269 2608 380 2639 uera
400 2595 535 2638 salus.
554 2596 711 2651 Quum
732 2609 805 2637 res
823 2595 990 2638 multae
1007 2594 1274 2652 contingere
1288 2595 1463 2652 possint
1485 2595 1530 2638 in
1555 2602 1632 2637 tua
1649 2593 1899 2650 prouincia,

266 2670 313 2714 in
335 2670 500 2727 quibus
522 2672 735 2728 gerendis
758 2678 893 2727 atque
916 2670 1282 2716 administrandis
1302 2672 1393 2716 sint
1415 2678 1675 2716 contractus
1698 2669 1902 2726 legitime

266 2747 469 2803 ineundi,
484 2756 546 2792 ne
562 2748 608 2792 in
625 2750 709 2792 hac
726 2754 853 2805 parte
875 2748 956 2791 tibi
977 2747 1094 2793 desit
1115 2763 1168 2793 ea
1190 2750 1396 2802 facultas,
1417 2763 1534 2805 quae
1553 2746 1806 2792 necessaria
1821 2746 1896 2799 sit,

264 2824 340 2867 uel
362 2824 486 2867 utilis
509 2825 661 2868 futura
681 2826 739 2869 ad
767 2831 889 2868 reete
916 2831 962 2868 et
991 2825 1148 2869 ordine
1171 2832 1294 2869 tuam
1323 2825 1605 2883 prouinciam
1634 2824 1900 2880 gubernan-

266 2901 392 2954 dam,
423 2901 789 2958 quandoquidem
817 2903 874 2945 de
901 2908 980 2945 tua
1006 2902 1253 2958 probitate,
1278 2903 1507 2955 doctrina,
1532 2915 1683 2946 rerum
1711 2914 1820 2953 usu,
1851 2906 1898 2943 et

341 3010 349 3028 ¹
401 3007 460 3043 Ex
477 3008 703 3055 archetypo,
721 3019 743 3043 a
760 3007 918 3044 librario
941 3013 1116 3055 exarato,
1141 3013 1181 3045 et
1201 3007 1351 3045 Natalis
1376 3020 1492 3044 manu
1516 3005 1751 3053 subscripto,
1770 3005 1811 3041 in
1833 3016 1900 3040 co-

265 3065 369 3113 dice,
387 3066 451 3102 eui
468 3066 619 3103 titulus:
642 3067 817 3103 Litterae
829 3069 1011 3114 patentes
1027 3076 1125 3112 1545
1141 3087 1156 3094 -
1172 3077 1244 3115 99,
1261 3067 1407 3115 duplici
1423 3067 1508 3114 fol„
1536 3066 1596 3112 64.
