2228 3548
941 324 984 360 16
1008 324 1164 361 MAR‘rn
1192 323 1286 370 1566
1834 332 1881 371 27

377 439 446 472 10.
509 427 633 472 Sono
655 426 780 470 doio
808 433 877 470 tre
904 425 1056 483 giomi
1085 427 1171 470 che
1198 425 1339 484 parlai
1361 428 1432 470 co’
1463 426 1479 469 1
1509 427 1582 471 S!
1614 428 1926 484 Prozcozque,

283 503 518 549 camarier’
539 503 586 547 di
608 504 657 549 S.
684 505 768 556 M.,
794 510 840 549 et
861 503 893 546 li
909 504 1015 549 dete
1030 503 1073 547 10
1088 504 1251 549 lettere
1270 491 1346 548 del
1361 505 1495 548 Rmo.
1517 503 1719 548 cardinal
1734 503 1927 562 Delphi-

284 597 347 626 no
368 589 415 627 et
435 582 492 625 de
514 582 572 626 V.
599 583 674 635 P.,
698 582 864 639 perch&
885 595 967 637 per
986 580 1051 624 lui
1072 595 1203 638 parse
1223 582 1309 625 che
1329 580 1368 625 si
1383 581 1575 639 guidase
1596 588 1759 637 questo
1780 596 1928 639 nego-

289 660 368 714 tio,
392 659 430 703 si
450 673 579 703 come
602 659 632 702 il
653 660 799 703 Illrno.
819 658 1021 703 cardinal
1042 657 1271 716 Delphino
1286 658 1348 702 mi
1363 658 1477 712 dise,
1496 666 1543 703 et
1558 660 1597 703 s'
1608 660 1747 704 offeri
1767 659 1925 713 molto,

286 743 413 781 tanto
434 736 482 781 in
503 743 665 793 questa
686 750 815 781 come
836 736 942 780 nell’
967 736 1080 779 altre
1107 749 1380 782 occorrenze
1409 737 1528 781 della
1554 736 1839 793 Compagnia
1860 752 1870 780 ε
1901 737 1928 780 ὁ

284 813 519 859 camarier’
553 820 730 859 secreto
761 813 866 856 den’
900 812 1160 869 imperator,
1192 819 1238 858 et
1270 813 1315 857 fa
1344 814 1377 856 l'
1409 813 1560 857 officio
1595 802 1653 858 (10
1689 813 1925 859 camarier’

281 891 508 949 maggior’
532 891 579 934 in
601 889 807 934 absentia
827 889 874 933 di
903 890 1073 946 quello,
1107 896 1154 933 et
1181 891 1208 934 ὁ
1236 897 1395 934 tenuto
1423 906 1504 948 per
1530 891 1655 935 buon
1684 890 1922 935 catholico.

282 969 411 1014 Hieri
432 968 493 1020 mi
514 969 680 1012 mando
702 968 746 1012 la
768 967 963 1025 risposta
984 966 1030 1010 di
1053 968 1102 1013 S.
1129 969 1193 1012 M.
1218 982 1300 1025 per
1326 968 1358 1011 il
1386 968 1630 1013 secretario
1651 969 1923 1026 spagnuolo‚

281 1045 381 1090 cioc
401 1047 487 1091 che
513 1045 628 1089 hieri
657 1044 857 1088 darebbe
885 1043 1123 1088 audiencia
1155 1059 1182 1088 a
1208 1043 1283 1088 doi
1311 1044 1525 1102 principi,
1556 1052 1602 1089 et
1633 1060 1683 1089 se
1711 1045 1926 1090 auanzasi

283 1134 452 1180 tempo,
477 1123 520 1166 13
541 1123 668 1167 daria
690 1124 890 1167 anchora
909 1136 936 1166 a
957 1135 1046 1175 me,
1071 1129 1119 1166 et
1139 1136 1190 1167 se
1206 1136 1296 1165 non
1310 1155 1320 1175 ,
1345 1122 1389 1165 la
1415 1123 1615 1168 darebbe
1646 1122 1807 1180 hoggi3
1838 1137 1926 1167 con

286 1199 621 1257 significatione
642 1202 728 1245 che
749 1199 795 1243 di
816 1200 970 1243 buona
992 1199 1177 1243 uolonta
1197 1199 1258 1242 mi
1280 1199 1481 1244 sentit-ia.

382 1289 448 1322 11.
507 1276 600 1321 Doi
620 1276 770 1334 giorni
797 1290 825 1320 0
854 1284 923 1320 tre
953 1275 1109 1320 auanti
1139 1275 1186 1319 di
1221 1277 1316 1320 dar’
1347 1284 1508 1333 queste
1530 1277 1705 1330 lettere,
1732 1279 1925 1321 hauemo

285 1354 459 1412 parlato
478 1354 566 1399 alla
586 1352 894 1410 imperatrice,
919 1360 966 1398 et
993 1353 1145 1398 datole
1164 1353 1208 1397 10
1229 1353 1412 1407 lettere,
1436 1353 1569 1411 grani
1590 1354 1793 1399 bendetti
1815 1362 1861 1399 et
1892 1355 1923 1398 l’

284 1431 473 1489 imagini
494 1446 504 1486 ;
530 1439 576 1477 et
595 1439 739 1484 certo,
766 1431 936 1484 Padre,
967 1445 1042 1476 me
1068 1431 1269 1476 consolai
1300 1432 1628 1488 grandemente
1656 1433 1864 1477 uedendo
1892 1433 1923 1475 l'

282 1509 534 1566 anegrezza
555 1515 602 1553 et
622 1508 934 1553 consolatione
954 1510 1040 1552 che
1063 1509 1114 1554 S.
1139 1510 1203 1553 M.
1223 1507 1440 1562 riceuete,
1460 1509 1503 1552 la
1519 1509 1652 1565 quale
1669 1509 1707 1553 si
1723 1516 1925 1554 mnostra

280 1586 421 1630 molto
441 1586 647 1631 affettata
663 1600 689 1628 a
706 1587 763 1629 V.
787 1587 840 1630 P.
862 1593 910 1630 et
926 1586 1013 1629 alla
1029 1585 1331 1642 Compagnia,
1349 1591 1397 1629 et
1411 1585 1449 1630 si
1467 1587 1767 1630 raccomanda
1784 1587 1925 1630 molto

284 1662 403 1707 nelle
424 1676 508 1707 sue
529 1661 721 1707 orationi
742 1669 788 1708 et
808 1662 854 1706 di
877 1663 999 1706 tutti.

378 1751 445 1784 12.
511 1739 639 1784 Tutti
675 1739 825 1796 questi
858 1739 1028 1797 signori
1060 1739 1302 1796 spagnuoli
1328 1739 1366 1783 si
1393 1754 1508 1784 sono
1535 1740 1755 1785 consolati
1782 1741 1923 1784 molto

281 1831 367 1861 con
395 1817 440 1861 la
466 1824 621 1861 nostra
649 1824 851 1871 uenuta;
883 1825 930 1861 et
963 1816 1286 1874 specialmente
1311 1817 1386 1861 del
1407 1819 1461 1861 P.
1494 1817 1715 1863 Ximenez
1744 1818 1783 1861 si
1810 1833 1923 1862 sono

283 1893 482 1939 edificati
499 1894 640 1938 molto
656 1908 738 1951 per
756 1894 904 1951 gratia
913 1895 987 1938 del
1001 1893 1198 1951 Signore
1208 1893 1336 1938 molti
1348 1894 1481 1938 amici
1498 1895 1659 1939 uecchi
1675 1897 1761 1940 che
1776 1910 1924 1940 aueua

282 1971 390 2015 olim
411 1971 459 2014 in
479 1978 640 2028 questa
662 1979 804 2017 corte.
831 1972 925 2017 Sua
947 1971 1103 2015 diuina
1125 1973 1301 2016 Maesta
1320 1971 1363 2016 ci
1383 1972 1458 2016 dia
1484 1973 1527 2016 la
1554 1987 1638 2017 sua
1665 1974 1924 2017 abondante

281 2048 427 2106 gratia
447 2049 506 2092 da
526 2051 798 2106 cognoseer'
819 2063 998 2105 sempre
1019 2049 1063 2092 la
1084 2063 1164 2092 sua
1188 2048 1445 2093 santissima
1467 2050 1674 2105 uolonta,
1699 2057 1745 2094 et
1773 2051 1923 2107 quella

283 2126 632 2183 perfettamente
667 2125 904 2183 adimpire.
943 2127 1003 2170 D'
1035 2126 1274 2183 Augusta,
1305 2126 1381 2170 alli
1423 2127 1475 2171 16
1511 2126 1556 2170 di
1594 2129 1750 2171 Marzo
1791 2127 1919 2182 1566.

282 2205 342 2247 D.
362 2203 421 2247 V.
448 2204 500 2246 P.
528 2216 663 2246 seruo
685 2217 743 2247 en
763 2202 866 2256 X.⁰,

1370 2286 1400 2345 †
1431 2288 1620 2371 NAEAL.
1655 2287 1685 2344 ’ξ-

1526 2374 1534 2404 ι

374 2434 623 2489 Inscriptio
645 2434 696 2476 in
718 2437 889 2490 quarta
903 2434 1088 2491 pagina
1104 2449 1118 2476 .·
1132 2435 1266 2492 jhus.
1290 2435 1352 2480 Al
1371 2436 1512 2479 molto
1533 2436 1647 2479 Rdo.
1675 2436 1823 2480 Padre
1839 2450 1924 2479 no-

289 2517 386 2553 stro
413 2509 461 2553 in
489 2509 674 2554 Christo
695 2510 727 2553 il
752 2512 808 2554 P.
842 2511 879 2554 F
881 2510 1086 2554 rancisco
1109 2510 1293 2568 Borgia,
1322 2512 1551 2570 preposito
1572 2513 1787 2570 generale
1807 2512 1925 2556 della

289 2586 575 2644 Compagnia
603 2587 649 2630 di
675 2589 788 2645 Jes1'1
816 2594 924 2640 etc„
955 2602 982 2630 a
1009 2588 1168 2631 Roma.
1192 2588 1300 2632 Alia
1326 2603 1499 2632 manu:
1533 2590 1659 2645 1566.
1689 2590 1920 2646 Augusta.

288 2662 538 2708 Re‘Natal.
569 2665 622 2708 16
642 2664 688 2708 di
710 2666 879 2709 Marzo.
906 2664 960 2708 C.
986 2663 1145 2722 sigilli
1163 2666 1424 2723 vestigium.
