2228 3548
906 279 931 316 6
957 280 1128 316 Arruns
1157 279 1247 326 1566
1800 289 1848 328 57

245 380 334 422 che
356 380 474 423 uada
494 380 542 423 in
562 382 726 435 Roma;
752 397 826 426 ma
848 389 1014 438 questo
1034 383 1197 439 sapero
1218 381 1263 426 io
1284 381 1453 440 meglio
1476 383 1670 428 essendo
1685 382 1733 427 in
1749 383 1890 428 Vien-

247 470 323 510 na,
350 458 470 502 doue
492 472 635 514 penso
665 458 726 502 mi
755 460 958 503 sforzaro
986 460 1142 504 andar’
1176 467 1348 516 quanto
1379 459 1457 517 piu
1487 468 1656 517 presto,
1690 460 1817 506 accio
1847 462 1889 506 le

248 547 356 578 cose
376 533 423 577 di
445 535 549 590 quel
571 535 766 593 collegio
786 539 824 580 s’
849 536 1039 590 aiutino,
1063 537 1221 580 auanti
1242 537 1285 582 31
1306 538 1460 583 furore
1480 538 1599 582 della
1620 553 1801 596 guerra.

340 625 381 667 3.
446 613 632 668 Quanto
663 614 706 656 al
742 621 883 668 resto,
920 614 965 658 io
1001 614 1064 658 mi
1093 629 1177 659 son
1207 622 1386 658 trouato
1414 615 1531 659 assai
1562 617 1652 661 mal
1682 616 1885 673 disposto

248 696 410 744 questa
431 689 686 743 settimana,
712 692 832 748 dopo
853 693 940 736 che
961 691 1089 736 scrisi
1111 707 1138 736 a
1160 693 1218 736 V.
1247 694 1299 735 P.
1326 694 1478 737 Penso
1499 695 1585 738 che
1605 693 1672 738 sia
1698 694 1742 738 13
1769 709 1884 751 qua-

245 765 513 823 dragesima.
541 768 757 811 Tuttauia
779 783 872 812 non
893 771 953 813 ho
974 769 1162 812 lasciato
1184 769 1230 812 di
1254 771 1337 813 far'
1361 770 1557 816 alchune
1577 771 1782 827 ptatiche
1806 786 1883 816 so-

243 856 324 898 pra
346 843 377 885 l'
397 844 641 900 euangelio
660 860 686 888 a
703 846 790 889 DA*
809 846 951 890 Maria
968 847 1026 890 de
1043 846 1271 900 Cardona,
1292 860 1421 891 come
1440 848 1599 892 faceua
1615 848 1646 891 il
1664 850 1718 892 Ρ.
1739 850 1776 892 F
1778 864 1884 893 ran—

242 933 375 964 cesco
397 921 610 974 Sunnier,
631 929 678 965 et
694 922 953 979 occuparmi
975 922 1022 966 in
1039 923 1235 966 alchuna
1253 937 1374 977 cosa;
1395 930 1442 967 et
1458 923 1790 969 incominciano
1806 925 1884 983 gia

245 997 302 1040 ad
325 998 556 1043 abondare
578 1000 620 1044 le
643 999 938 1044 confessioni.

330 1087 372 1129 4.
438 1076 606 1119 Mando
628 1089 716 1119 con
743 1084 905 1133 questa
932 1092 959 1121 a
986 1078 1045 1121 V.
1078 1078 1132 1120 P.
1165 1077 1197 1120 il
1226 1077 1437 1134 catalogo
1464 1078 1522 1122 de
1554 1080 1704 1134 quello
1741 1082 1814 1124 ch’
1850 1081 1880 1124 il

242 1165 440 1195 vescouo
462 1152 509 1194 d'
533 1153 740 1197 Olmutio
767 1155 778 1175 ¹
802 1153 1026 1207 offerisce,
1050 1161 1097 1197 et
1118 1154 1161 1197 13
1182 1154 1344 1198 lettera
1370 1155 1445 1199 del
1469 1156 1522 1198 Ρ.
1549 1156 1722 1213 Lanoy.

332 1238 373 1283 5.
439 1230 472 1272 Il
500 1230 630 1273 Rmo.
663 1230 709 1273 d'
738 1231 955 1287 Augusta
986 1232 1045 1274 ha
1080 1231 1207 1275 detto
1236 1231 1322 1274 che
1350 1231 1540 1275 solleciti
1572 1232 1604 1275 il
1634 1233 1878 1289 Quirinoto

238 1319 320 1362 per
356 1306 505 1361 quella
542 1306 715 1351 minuta
742 1308 815 1352 del
843 1307 1030 1364 negotio
1057 1308 1114 1352 de
1141 1307 1348 1365 Dilinga,
1379 1304 1546 1365 perche
1575 1310 1617 1353 la
1654 1311 1877 1356 uorrebbe

238 1382 407 1426 hauere
435 1397 525 1438 qua
553 1383 707 1427 auanti
735 1385 821 1430 che
850 1385 880 1427 l'
910 1384 1184 1442 imperatore
1215 1384 1383 1442 partise
1410 1385 1456 1428 di
1489 1387 1721 1444 Augusta,
1757 1389 1876 1433 doue

234 1458 276 1502 al
299 1468 510 1515 presente
539 1475 631 1504 non
659 1460 695 1505 si
728 1467 865 1506 tratta
885 1462 1001 1506 altro
1022 1463 1109 1507 che
1136 1461 1182 1505 di
1214 1461 1554 1508 contributione
1582 1479 1661 1521 per
1690 1466 1732 1509 13
1758 1480 1875 1523 gue—

235 1550 308 1579 rra
338 1543 426 1580 etc.

321 1613 364 1657 6.
430 1614 759 1672 Christophoro
779 1615 838 1659 de
867 1617 1092 1673 Vengala,
1128 1616 1328 1670 indiano‚
1355 1618 1400 1660 fa
1421 1617 1639 1662 continua
1668 1619 1874 1664 instanza

233 1704 313 1746 per
334 1693 472 1735 esser'
498 1692 706 1736 admesso
729 1693 848 1738 nella
870 1692 1172 1750 Compagnia,
1197 1693 1228 1736 il
1249 1695 1335 1738 che
1356 1693 1458 1738 dice
1486 1695 1571 1739 che
1600 1697 1658 1739 ha
1689 1696 1872 1741 deside-

232 1774 330 1811 rato
358 1775 405 1811 et
440 1778 681 1825 procurato
709 1769 835 1813 molti
866 1770 974 1813 anni
1002 1771 1035 1813 ³.
1068 1770 1165 1815 Suo
1192 1769 1381 1827 negotio
1412 1785 1462 1816 se
1489 1772 1514 1815 e
1547 1771 1624 1828 gia
1654 1772 1814 1817 scritto
1844 1789 1870 1818 a

233 1844 290 1889 V.
332 1845 406 1898 Ρ.,
437 1846 535 1889 cioe
563 1846 816 1890 mandatosi
846 1849 925 1890 un'
955 1847 1275 1892 informatione
1301 1847 1347 1891 di
1374 1848 1454 1892 lui.
1487 1850 1667 1894 Adesso
1694 1850 1797 1896 dice
1824 1852 1870 1894 di

231 1935 386 1966 nuouo
409 1923 481 1965 ch’
506 1922 552 1965 in
576 1924 720 1967 Roma
742 1931 812 1968 sta
834 1923 865 1966 il
887 1924 1020 1968 fratel
1042 1923 1212 1981 cugino
1234 1925 1308 1968 del
1328 1925 1475 1970 conde
1503 1926 1561 1970 de
1590 1927 1805 1971 Vemioso
1834 1929 1866 1980 ³,

231 2012 315 2042 suo
337 2006 543 2055 patrone,
568 2000 599 2043 il
622 2001 756 2057 quale
777 2000 815 2044 si
838 2002 1064 2044 domanda
1091 2002 1148 2045 D.
1172 2001 1323 2045 Eliseo
1346 2002 1378 2055 ⁴,
1406 2002 1580 2059 figliolo
1597 2003 1671 2048 del
1694 2004 1870 2050 arciue-

229 2089 369 2137 scouo
390 2077 447 2119 de
469 2077 671 2121 Fonchal
694 2079 726 2121 ⁵:
751 2078 1103 2123 desiderarebbe
1125 2079 1210 2123 che
1227 2093 1277 2122 se
1299 2078 1329 2122 li
1352 2079 1517 2135 parlasi
1534 2080 1660 2124 accio
1676 2081 1740 2124 lui
1756 2082 1869 2125 scri-

229 2166 337 2197 uese
359 2153 401 2196 al
423 2154 568 2197 conde
590 2155 676 2199 che
699 2154 788 2198 fusi
810 2162 1026 2199 contento
1048 2155 1105 2198 de
1127 2155 1365 2211 aquietarli
1388 2157 1429 2199 13
1451 2156 1723 2201 conscienza
1750 2158 1871 2202 circa

298 2262 307 2281 ¹
360 2259 595 2296 Wilhelmus
613 2259 937 2308 Prussinowsky.

295 2321 309 2341 ³
360 2318 462 2355 Vide
481 2319 600 2367 epist.
625 2318 709 2362 360,
729 2332 772 2356 11.
796 2330 832 2366 4.

295 2379 310 2399 ³
358 2377 591 2426 Alphonsus
608 2378 657 2415 de
681 2379 882 2426 Portugal‚
907 2390 1040 2415 comes
1062 2380 1100 2415 II
1123 2379 1173 2416 de
1198 2380 1389 2426 Vimioso,
1414 2381 1463 2417 de
1486 2393 1564 2430 quo
1589 2382 1680 2419 vide
1705 2382 1864 2430 SOUSA,

222 2437 410 2474 Historia
424 2439 690 2486 genealogica
708 2439 762 2474 da
779 2450 871 2474 casa
890 2439 979 2474 real
992 2442 1260 2488 portugueza‚
1278 2441 1330 2487 X,
1348 2440 1525 2486 688703.

293 2498 309 2519 ⁴
358 2497 436 2533 «D.
459 2498 589 2534 Eliseo
606 2497 655 2532 de
673 2497 874 2544 Portugal,
892 2509 969 2545 que
987 2498 1127 2544 seguio
1144 2510 1166 2534 a
1182 2498 1274 2535 vida
1288 2499 1556 2536 ecclesiastica
1570 2512 1592 2536 e
1606 2500 1673 2548 foy
1687 2500 1860 2548 Clerig03

221 2555 365 2592 residio
395 2556 518 2592 muito
547 2562 680 2604 tempo
703 2568 766 2592 em
789 2557 914 2592 Roma
937 2568 959 2592 e
986 2556 1052 2604 foy
1077 2557 1301 2595 Camereiro
1327 2559 1376 2594 do
1405 2559 1508 2606 Papa
1532 2559 1603 2595 Pio
1627 2561 1701 2596 IV.
1732 2571 1754 2596 e
1779 2561 1860 2596 vol-

220 2614 338 2650 tando
353 2615 533 2663 daquella
550 2616 685 2661 Corte,
705 2627 856 2652 morreo
877 2628 927 2652 na
943 2616 993 2652 de
1011 2616 1163 2653 Madrid
1181 2628 1231 2654 110
1249 2629 1350 2655 311110
1368 2618 1418 2654 de
1440 2627 1577 2665 1590.»
1600 2619 1758 2666 SOUSA,
1777 2619 1854 2655 loc.

217 2674 303 2722 cit.,
322 2676 372 2718 X,
392 2676 481 2723 893.

285 2736 300 2757 ⁸
350 2736 541 2773 Martinus
559 2736 609 2772 de
628 2737 831 2783 Portugal‚
848 2735 1166 2783 archiepiscopus
1183 2735 1233 2772 de
1250 2737 1439 2779 Funchal,
1459 2737 1610 2772 Primas
1630 2735 1778 2773 Indiae.
1799 2738 1861 2773 De

213 2804 261 2829 eo
278 2794 341 2831 Cf.
361 2794 518 2841 SOUSA,
538 2797 612 2832 loc.
632 2796 717 2843 cit.,
736 2797 785 2844 X,
802 2794 976 2842 883-893,
993 2796 1061 2832 ubi
1079 2796 1176 2832 haec
1193 2795 1242 2832 de
1259 2797 1427 2832 Martino
1441 2796 1592 2832 scribit:
1613 2795 1720 2832 «Nos
1737 2806 1859 2832 annos

211 2852 261 2888 da
278 2864 348 2889 sua
365 2853 462 2889 mais
478 2854 644 2892 florente
662 2855 792 2902 idade,
811 2858 886 2891 113ὄ
912 2854 1035 2891 sendo
1058 2854 1173 2890 ainda
1196 2855 1430 2903 Arcebispo,
1449 2858 1524 2891 1136
1548 2854 1616 2902 foy
1641 2858 1705 2891 tao
1727 2854 1858 2891 cuida-

212 2909 323 2958 doso,
341 2923 454 2948 como
469 2912 599 2956 devia,
618 2913 668 2950 da
686 2926 830 2962 pureza
848 2914 917 2950 dos
935 2919 1150 2958 costumes;
1169 2924 1317 2962 perque
1335 2914 1477 2951 levado
1493 2913 1543 2950 de
1566 2914 1684 2949 huma
1701 2913 1856 2961 paixao,

215 2981 238 3005 e
255 2970 472 3007 arrastrado
489 2971 539 3007 do
556 2983 678 3018 amor,
697 2985 719 3009 e
737 2973 968 3018 fermosura,
988 2978 1080 3008 teve
1098 2978 1201 3009 trato
1217 2985 1305 3010 com
1330 2975 1382 3010 D.
1407 2972 1620 3010 Catharina
1642 2972 1692 3009 de
1714 2973 1855 3020 Sousa,

215 3028 307 3065 filha
329 3030 511 3066 bastarda
532 3030 582 3067 de
606 3033 728 3079 Jorge
750 3032 800 3068 de
825 3031 966 3077 Sousa,
990 3031 1040 3067 de
1063 3043 1181 3079 quem
1199 3037 1292 3069 teve
1317 3044 1362 3070 os
1379 3032 1479 3069 dous
1502 3032 1616 3068 filhos
1634 3031 1853 3078 seguintes:

216 3088 267 3124 D.
285 3088 416 3125 Eliseo
432 3088 482 3125 de
499 3090 703 3137 Portugal.
717 3118 725 3127 .
740 3117 750 3128 .
774 3091 830 3128 D.
853 3089 992 3127 Cicilia
1008 3090 1058 3126 de
1075 3091 1300 3138 Portugal.»
