2228 3548
783 300 828 328 22
854 291 1118 328 SEPTEussms
1146 300 1237 338 1574
1545 304 1550 310 ·
1701 291 1772 338 675

173 397 270 439 ⁴che
306 396 366 437 ho
403 401 527 439 certa
563 408 799 451 speranca,
839 408 919 450 per
940 393 984 436 13
1019 393 1221 450 benigna
1253 393 1447 450 risposta
1483 391 1571 437 che
1606 394 1666 437 ha
1696 394 1821 438 datta

178 470 232 517 ’13
254 474 307 516 P.
333 473 390 516 V.
417 472 459 515 al
483 474 534 515 P.
560 471 638 516 Gil
660 472 670 493 ¹
694 478 741 516 et
763 472 816 514 P.
842 470 1063 515 Ximenez
1080 471 1112 514 ².
1139 472 1196 514 Et
1216 471 1241 514 ἑ
1262 484 1391 525 vero,
1417 471 1581 525 Padre,
1606 472 1694 516 che
1725 486 1821 515 non

181 548 253 592 ho
280 563 413 605 perso
440 549 592 593 niente
623 548 669 592 di
703 547 985 592 consolation
1021 562 1101 605 per
1138 547 1395 593 hauersime
1432 548 1531 592 cusi
1571 555 1747 592 cerrata
1777 538 1822 592 13

193 632 323 682 porta
356 641 382 669 a
412 625 534 679 libri,
559 625 656 669 ansi
687 625 748 668 mi
780 640 863 668 son
901 625 1105 683 ricreato¹
1129 625 1247 668 nella
1278 625 1564 682 prouidentia
1594 624 1640 667 di
1673 625 1823 682 questi

196 702 349 756 Padri,
369 710 414 747 et
431 717 571 759 penso
588 702 632 745 di
651 709 777 746 certo
793 703 879 747 che
895 702 919 746 ὲ
933 708 955 729 a
967 700 1232 758 disposition
1249 716 1392 747 suaue
1406 703 1478 746 del
1495 701 1667 759 Signor
1683 710 1729 747 et
1743 702 1823 759 piu

190 780 304 825 vtile
320 780 454 824 etiam
471 795 553 836 per
574 779 637 836 gli
654 779 757 823 miei
772 779 792 807 ¹³
806 778 961 824 studii.
981 780 1040 822 Et
1055 778 1219 835 perche
1236 779 1294 823 V.
1317 780 1370 822 P.
1390 779 1517 836 sappi
1533 778 1565 842 il
1584 786 1719 832 tutto,
1740 793 1824 823 son

188 857 296 900 stati
318 858 436 901 della
459 856 645 913 opinion
667 856 739 901 del
764 856 910 900 Padre
931 855 1184 912 prouincial
1205 855 1236 898 il
1258 857 1311 899 Ρ.
1338 856 1520 899 Canisio
1542 863 1588 900 et
1617 858 1670 900 P.
1698 856 1821 910 Pisa,

184 949 323 978 como
344 935 388 977 io
412 948 556 990 penso
579 947 711 990 saper
731 933 776 976 di
799 939 938 978 certo.
964 933 1036 976 Ne
1063 932 1216 976 scriuo
1244 939 1404 988 questo
1432 933 1602 988 perche
1630 933 1824 978 desideri

191 1012 305 1055 altro
327 1011 483 1055 ordine
504 1011 563 1053 da
585 1011 644 1054 V.
671 1012 744 1064 Ρ.,
763 1010 933 1067 perche
954 1008 1131 1066 pareria
1148 1008 1411 1052 contentiori
1430 1010 1536 1062 mia,
1560 1009 1607 1053 di
1629 1011 1718 1054 che
1740 1024 1825 1054 son

183 1088 480 1133 alienissimo.
506 1087 564 1131 Di
587 1101 842 1143 compagno
863 1085 909 1129 di
926 1085 1079 1138 studii,
1100 1100 1180 1142 per
1201 1086 1361 1130 adesso
1383 1100 1474 1129 non
1496 1087 1639 1142 parlo,
1660 1087 1824 1143 perche

194 1165 243 1207 in
266 1164 413 1220 questi
435 1164 524 1209 mei
546 1163 715 1207 studiic
734 1178 826 1207 non
846 1162 875 1206 l'
897 1164 957 1206 ho
977 1162 1023 1206 di
1050 1162 1260 1219 bisogno.
1287 1163 1396 1207 Solo
1424 1162 1485 1205 mi
1513 1170 1632 1206 resta
1660 1178 1827 1220 pregar

196 1242 242 1285 13
264 1242 438 1285 charita
459 1241 576 1284 della
598 1243 650 1284 P.
676 1242 733 1285 V.
760 1240 827 1283 sia
849 1245 1063 1283 contenta
1087 1239 1132 1282 di
1155 1239 1378 1284 concedet
1399 1239 1440 1282 al
1460 1241 1606 1284 Padre
1624 1247 1765 1284 rettor
1781 1239 1827 1283 di

196 1326 361 1375 vquesto
383 1317 577 1375 collegio
597 1319 684 1362 che
710 1317 771 1360 mi
798 1316 944 1360 faccia
971 1316 1148 1371 fidanca
1162 1315 1183 1343 ‘¹
1206 1330 1389 1373 apresso
1418 1317 1459 1358 al
1482 1316 1638 1367 Viller,
1663 1317 1828 1360 librato

198 1396 245 1439 di
268 1397 498 1452 Augusta,
523 1409 601 1451 per
630 1407 680 1438 10
714 1404 779 1447 Δ,
804 1408 885 1450 per
906 1406 1111 1449 comprar
1132 1392 1288 1450 alguni
1308 1392 1426 1445 libri,
1451 1392 1498 1436 in
1521 1400 1647 1437 tanto
1675 1396 1759 1438 che
1791 1394 1828 1437 si

202 1474 244 1516 fa
265 1474 308 1516 13
329 1472 558 1529 prouision
586 1486 668 1527 per
698 1469 846 1526 questi
873 1477 918 1514 et
946 1485 1025 1526 per
1047 1469 1166 1513 altri.
1199 1471 1256 1513 Et
1277 1470 1441 1526 perche
1471 1477 1591 1514 temo
1619 1470 1649 1513 il
1679 1472 1829 1516 Padre

199 1549 466 1606 prouincial,
491 1548 620 1605 potra
641 1549 685 1592 13
708 1551 759 1592 P.
787 1549 844 1591 V.
869 1561 1087 1604 procur-ar
1107 1547 1151 1590 13
1171 1547 1351 1602 fidanca
1372 1547 1417 1590 in
1440 1548 1654 1604 Augusta
1675 1555 1764 1591 etc.
1785 1547 1829 1591 d'

195 1627 312 1670 altra
329 1633 458 1683 parte
475 1633 547 1668 etc
564 1633 597 1669 e.
619 1626 815 1668 Haueua
832 1623 875 1667 d'
887 1637 1010 1669 esser
1026 1624 1068 1668 13
1084 1623 1263 1679 fidanca
1279 1624 1322 1667 al
1338 1638 1500 1667 manco
1517 1639 1595 1680 per
1612 1640 1671 1667 vn
1690 1640 1825 1669 anno.

290 1716 329 1758 3.
396 1704 499 1747 Una
521 1703 615 1745 sola
636 1716 743 1745 cosa
774 1700 889 1753 diro,
929 1700 1206 1754 necessaria,
1231 1707 1277 1745 et
1304 1715 1396 1744 non
1430 1701 1609 1744 fastidio
1638 1701 1715 1757 piu
1743 1703 1830 1746 alla

201 1781 253 1823 P.
280 1781 333 1824 V.
360 1762 556 1823 Haueua
582 1778 625 1822 io
648 1793 728 1834 per
755 1777 1008 1821 certissimo
1043 1776 1071 1829 f,
1097 1791 1227 1821 come
1254 1778 1333 1830 ho,
1359 1779 1444 1821 che
1474 1777 1503 1820 il
1533 1777 1623 1820 mio
1645 1777 1825 1831 viatico,

199 1872 294 1900 non
315 1858 496 1901 haueua
518 1855 563 1898 di
585 1870 726 1912 pagar
748 1862 908 1910 questa
935 1854 1194 1910 prouincia,
1218 1856 1387 1911 perche
1415 1854 1513 1898 cusi
1543 1855 1619 1897 mil
1647 1856 1829 1900 haueua

195 1935 327 1978 detto
348 1935 406 1978 V.
434 1935 487 1977 P.
513 1940 559 1976 et
580 1932 739 1976 scritto
760 1932 802 1975 al
826 1932 972 1975 Padre
992 1930 1241 1988 prouincial
1261 1938 1307 1975 et
1330 1932 1476 1975 Padre
1498 1939 1659 1985 rector3
1681 1946 1751 1974 ma
1769 1934 1828 1975 ho

200 2010 319 2055 visto
347 2013 432 2055 che
468 2010 498 2061 11
526 2008 775 2066 prouincial
802 2010 845 2051 10
872 2008 1046 2051 dubita.
1073 2009 1161 2052 Per
1187 2008 1218 2051 l'
1242 2023 1368 2052 amor
1395 2009 1469 2054 del
1497 2009 1664 2065 Signor
1686 2010 1743 2053 V.
1771 2011 1823 2052 P.

196 2087 347 2131 ordini
370 2089 458 2132 che
479 2101 528 2130 se
550 2085 614 2143 gli
636 2085 787 2129 scriua
808 2085 852 2128 di
875 2086 1008 2128 modo
1029 2086 1117 2128 che
1137 2085 1181 2128 10
1202 2086 1337 2130 creda
1353 2101 1445 2129 non
1467 2086 1503 2129 si
1522 2087 1664 2130 hauer
1686 2086 1730 2128 di
1746 2100 1829 2142 pa-

192 2179 287 2222 -gar
314 2164 467 2208 niente
498 2170 624 2220 quat
636 2163 709 2219 pel
739 2161 831 2204 mio
858 2161 1039 2215 viatico,
1070 2169 1116 2205 et
1141 2162 1185 2206 13
1212 2163 1260 2215 P.
1287 2163 1344 2206 V.
1370 2163 1432 2206 mi
1459 2162 1648 2219 perdoni
1675 2177 1755 2219 per
1786 2163 1829 2206 13

202 2241 428 2298 prolissita
466 2246 512 2283 et
539 2240 657 2283 mala
688 2240 844 2283 letera.
876 2239 911 2281 Il
941 2238 1110 2295 Signor
1139 2239 1348 2282 conserui
1380 2246 1426 2284 et
1452 2239 1686 2296 augmenti
1717 2238 1829 2296 ogni

201 2317 355 2374 gratia
368 2316 392 2345 ¹¹
408 2324 454 2360 et
475 2316 583 2359 doni
604 2316 651 2359 in
673 2317 730 2360 V.
752 2317 805 2359 P.
831 2330 910 2371 per
931 2314 1106 2371 magior
1127 2315 1271 2372 gloria
1290 2315 1336 2359 di
1358 2331 1442 2360 sua
1462 2316 1617 2359 diuina
1639 2315 1829 2361 Maiesta

195 2402 253 2438 >et
275 2396 364 2439 ben
386 2393 563 2450 magior
578 2393 695 2436 della
715 2391 1008 2448 Compagnia.
1034 2390 1093 2435 Di
1116 2392 1248 2445 Hala,
1273 2405 1328 2436 22
1350 2394 1396 2436 di
1416 2394 1672 2439 Settembre
1699 2404 1826 2447 1574.

211 2474 267 2515 D.
296 2473 350 2515 P.
377 2471 434 2514 V.
460 2483 594 2513 seruo
615 2469 659 2513 in
678 2468 780 2522 X.⁰‚

1287 2547 1318 2604 †
1348 2548 1533 2591 NADAL.
1569 2546 1598 2604 ἦ·

281 2662 302 2683 a
340 2653 597 2690 Emendatum
616 2664 665 2688 ex
681 2652 811 2688 he.-b
826 2652 910 2687 Hoc
928 2651 1039 2687 verb.
1057 2663 1173 2699 supra
1190 2664 1293 2689 vers.
1312 2653 1461 2690 addidit
1479 2654 1598 2688 N.—e
1616 2653 1702 2688 Hoc
1721 2653 1831 2689 verb.

200 2725 324 2761 supra
342 2725 445 2749 vers.
471 2712 619 2748 addidit
642 2711 771 2747 N.—d
792 2711 878 2747 Hoc
901 2711 1012 2746 verb.
1037 2722 1154 2758 supra
1175 2723 1278 2748 vers.
1303 2712 1452 2749 addidit
1477 2713 1602 2748 N.—-e
1621 2712 1835 2759 Sequentia

202 2785 330 2821 *usque
348 2772 396 2808 ad
414 2783 521 2808 anno
544 2771 634 2808 incl.
660 2770 809 2807 addidit
833 2770 885 2807 N.
898 2799 907 2817 ‚
930 2770 1084 2818 scriptis
1106 2771 1355 2819 reliquis.-f
1375 2782 1396 2808 2
1414 2774 1535 2809 verba
1558 2784 1666 2820 seqq.
1687 2771 1838 2808 addidit

207 2833 260 2868 N.
284 2844 400 2880 supra
417 2838 594 2868 vers—8*
607 2831 694 2867 Hoc
711 2831 821 2866 verb.
837 2841 954 2877 supra
970 2841 1074 2866 vers.
1093 2829 1242 2867 addidit
1259 2831 1391 2868 N.-²1
1404 2841 1426 2868 2
1444 2833 1564 2868 verba
1582 2843 1695 2879 seqq.
1719 2843 1838 2879 supra

205 2903 314 2928 vers.
334 2891 483 2927 addidit
502 2891 554 2927 N.

285 2981 293 3002 ¹
346 2980 536 3027 Aegidius
554 2979 752 3015 Gonzalez
770 2977 924 3023 Davila,
943 2978 1132 3015 assistens
1150 2978 1376 3026 Hispaniae.

286 3041 301 3062 ²
350 3041 521 3086 Jacobus
545 3039 737 3086 Jimenez,
756 3037 805 3073 de
821 3047 898 3085 quo
921 3037 1150 3085 saepissime
1172 3037 1319 3075 dictum
1343 3044 1404 3076 est
1427 3039 1467 3076 in
1486 3038 1661 3086 epistolis
1685 3049 1846 3086 praece-
1903 3029 1906 3031 ’

207 3098 419 3135 dentibus.
