2228 3548
914 277 962 307 22
989 269 1183 307 Aucusri
1210 270 1307 317 1568.
1811 269 1879 306 631

370 369 617 426 Inscripiio
638 369 689 413 in
711 375 880 426 quarta
895 372 1096 429 pagina:
1117 370 1149 431 †
1170 372 1231 418 Al
1248 372 1389 416 molto
1411 373 1528 416 Rdo.
1548 371 1595 415 in
1619 373 1739 428 Xp0.
1763 373 1930 426 Padse,

279 446 313 490 il
335 447 389 491 P.
415 448 553 491 Mtr0.
580 446 850 492 Hieronimo
872 449 1026 504 Natal,
1049 448 1257 494 visitator
1278 450 1326 494 in
1351 449 1562 503 Francia,
1588 450 1646 495 de
1667 450 1710 493 la
1732 450 1929 507 Compa-

282 523 393 582 gnia
409 524 456 568 di
475 523 640 570 Giesu.
664 525 714 568 In
738 525 945 583 Pariggi,
964 541 993 570 ο
1008 527 1133 571 doue
1152 526 1192 571 si
1215 534 1395 572 truoua.
1425 528 1680 585 Vestigium
1703 527 1869 585 sigilli.

1046 674 1167 715 534

728 760 782 802 Ρ.
819 759 1236 804 HIERONYMUS
1267 759 1489 804 NADAL

610 833 855 872 SANCTO
892 833 1244 873 FRANCISCO
1282 835 1360 870 DE
1400 833 1598 882 BORJA
1636 851 1641 854 ·

720 907 924 945 monum,
947 908 992 935 20
1010 908 1066 935 ET
1085 908 1130 935 22
1148 908 1335 937 Avens-n
1355 899 1448 947 1568
1469 903 1495 936 ¹.

274 985 307 1011 Ι.
329 976 580 1024 Lugdunum
598 977 785 1024 attingit:
804 976 978 1013 comitiis
989 978 1230 1024 provinciae
1248 978 1376 1023 adest,
1396 978 1442 1013 in
1460 977 1603 1024 quibus
1621 977 1674 1014 P.
1706 978 1936 1015 Ludovicus

327 1033 552 1072 Coudretus
564 1038 813 1083 procurator
830 1036 1115 1085 eligitur.—2.
1139 1037 1202 1072 De
1221 1036 1323 1072 libro
1346 1037 1521 1072 doctoris
1545 1037 1705 1074 Torres:
1723 1049 1868 1073 rumor
1886 1039 1935 1074 de

325 1095 510 1131 concione
529 1095 577 1129 P.
599 1094 856 1142 Pae'zfalsus
872 1096 1103 1142 evasit.—3.
1130 1095 1192 1131 De
1214 1095 1333 1131 domo
1351 1095 1607 1143 probationis
1629 1095 1674 1131 in
1703 1094 1932 1133 Germania

325 1155 605 1190 constituenda
623 1155 726 1190 etde
743 1154 961 1190 Francisco
983 1155 1032 1190 de
1055 1154 1246 1190 Fonseca:
1270 1155 1474 1191 Henricus
1498 1155 1718 1202 Dionysius
1751 1155 1937 1202 Trajecto

325 1225 406 1249 non
423 1214 651 1249 educendus
667 1213 844 1250 videtur.
855 1223 938 1258 -4.
965 1212 1247 1261 Collegiorum
1269 1213 1434 1250 Galliae
1452 1214 1752 1257 lustrationem,
1771 1214 1816 1250 ob
1835 1217 1933 1250 tem-

319 1275 470 1320 porum
488 1271 707 1318 injuriam,
726 1273 928 1309 absolvere
942 1275 1056 1325 posse
1073 1273 1276 1320 desperat:
1294 1284 1385 1309 cum
1400 1274 1738 1320 procuratoribus
1759 1274 1932 1309 Romam

322 1335 458 1381 petere
475 1332 736 1379 cogitat.—5.
755 1332 817 1368 De
835 1332 1004 1380 collegio
1026 1331 1212 1368 Lovanii:
1231 1333 1459 1368 Flandriae
1481 1333 1656 1380 collegia
1679 1333 1818 1368 omnia
1841 1334 1934 1381 regi

324 1391 517 1428 catholico
534 1391 856 1427 commendanda
873 1391 1178 1428 videntur.-6.
1198 1392 1296 1427 Post
1312 1392 1480 1440 scripta,
1508 1393 1556 1428 de
1591 1391 1798 1429 Gulielmo
1813 1395 1933 1434 scoto,

325 1451 375 1486 P.
397 1450 616 1486 Edmundo
633 1449 744 1486 Haio
762 1453 1016 1498 aegrotante,
1031 1453 1068 1486 et
1085 1451 1133 1486 de
1142 1450 1327 1498 jubilaeo
1339 1451 1619 1498 procurando.

373 1540 409 1572 1.
471 1529 604 1586 Jhus.
631 1527 775 1572 Molto
798 1528 914 1572 Rdo.
942 1530 995 1572 P.
1022 1529 1081 1572 N.
1107 1528 1155 1572 in
1182 1527 1381 1573 Christo.
1410 1530 1507 1572 Pax
1530 1528 1718 1581 Christi,
1745 1535 1834 1573 etc.
1859 1530 1931 1572 Da

277 1605 509 1650 Ciamber'i
533 1604 662 1649 scrisi
684 1605 772 1648 alla
795 1607 846 1649 P.
870 1606 927 1650 V.
954 1605 1030 1649 alli
1053 1617 1080 1660 7
1102 1606 1137 1649 ².
1160 1605 1314 1662 Dipoi‚
1349 1604 1534 1651 visitato
1566 1606 1673 1662 quel
1710 1605 1925 1662 collegio,

237 1699 241 1700 ⁷
277 1697 329 1727 so
351 1681 512 1739 gionto
534 1681 580 1724 in
603 1681 747 1726 Lione
769 1681 843 1726 alli
872 1694 924 1736 17
946 1682 993 1725 di
1015 1689 1196 1738 questo.
1216 1683 1267 1725 In
1284 1682 1434 1738 questi
1451 1689 1519 1726 tre
1542 1681 1693 1739 giomi
1711 1684 1798 1727 che
1814 1696 1930 1725 sono

278 1766 399 1803 stato
420 1758 518 1815 qui,
549 1758 698 1814 questi
732 1758 869 1802 Padri
900 1765 946 1803 et
974 1759 1018 1802 io
1049 1758 1294 1803 habbiamo
1325 1760 1438 1804 fatte
1470 1759 1634 1803 alcune
1667 1772 1930 1815 congrega-

280 1835 393 1880 tioni
425 1835 584 1892 preuie
620 1833 694 1879 all’
731 1835 947 1879 elettione
983 1836 1056 1880 del
1093 1842 1401 1892 procuratore,
1442 1836 1474 1879 il
1509 1836 1643 1892 quale
1681 1834 1928 1878 habbiamo

278 1914 419 1959 eletto
440 1912 601 1970 hoggi,
626 1919 673 1958 et
694 1913 718 1956 ὲ
739 1913 770 1955 il
794 1915 847 1956 Ρ.
874 1912 1113 1957 Ludouico
1135 1913 1388 1957 Coudretto
1413 1920 1434 1941 a
1457 1914 1492 1967 ³,
1516 1917 1558 1956 et
1585 1919 1655 1956 2.⁰
1681 1913 1772 1956 loco
1804 1913 1923 1956 Mro.

277 1988 586 2046 Couuiglione
602 1990 635 2033 ⁴.
668 1989 718 2035 Si
746 2005 863 2033 sono
893 1989 1098 2033 ritrouati
1127 1989 1205 2046 qui
1230 1988 1263 2039 il
1290 1991 1346 2034 P.
1371 1989 1698 2047 Couuiglione,
1724 1989 1755 2032 il
1778 1996 1926 2033 stesso

278 2069 332 2111 P.
358 2066 612 2121 Ludouico,
632 2066 663 2109 il
682 2069 735 2110 P.
757 2066 991 2124 Roggerio
1009 2067 1041 2119 ⁵,
1061 2065 1273 2124 professi,
1291 2066 1324 2111 il
1340 2069 1394 2112 P.
1416 2066 1610 2111 Claudio
1627 2068 1661 2119 ⁶,
1681 2065 1714 2109 il
1733 2068 1786 2109 Ρ.
1808 2067 1925 2109 Pos—

276 2143 442 2187 souino
454 2142 475 2169 b
496 2145 528 2198 ¹,
541 2150 588 2186 et
603 2142 634 2186 il
651 2149 821 2186 rettore
837 2143 884 2186 di
901 2149 1066 2198 questo
1083 2142 1281 2200 collegio
1297 2145 1331 2188 ⁸.
1351 2143 1412 2188 Di
1429 2144 1565 2187 modo
1582 2144 1668 2187 che
1685 2157 1777 2186 non
1795 2156 1926 2185 man-

276 2234 391 2264 cano
408 2234 458 2263 se
477 2234 568 2263 non
592 2220 657 2277 gli
678 2219 838 2264 rettori
856 2219 902 2262 di
920 2219 1087 2264 Tolosa
1102 2221 1119 2244 ⁹
1136 2226 1183 2264 et
1199 2221 1386 2267 Rhodes
1408 2222 1458 2274 ¹⁰,
1478 2222 1568 2265 che
1586 2234 1666 2277 per
1683 2220 1725 2263 le
1746 2219 1926 2262 circon-

348 2339 370 2361 8·
408 2340 429 2378 5
445 2334 567 2368 verba
581 2344 691 2380 seqq.
709 2332 749 2368 in
763 2343 885 2379 marg.
902 2331 1052 2369 addidit
1065 2331 1228 2369 libr.-b
1242 2332 1321 2379 Sic,
1337 2345 1407 2382 pro
1421 2333 1653 2375 Possevirw,
1672 2332 1736 2367 hic
1751 2336 1791 2367 et
1809 2329 1924 2367 infra.

351 2427 362 2448 ¹
413 2428 473 2463 Ex
503 2427 717 2474 archetypo
728 2455 737 2473 ‚
756 2438 778 2462 a
808 2426 989 2473 Jimenez
1018 2431 1198 2472 exarato,
1217 2433 1258 2464 et
1287 2427 1439 2465 Natalis
1471 2439 1587 2463 manu
1618 2425 1853 2473 subscripto,
1885 2425 1926 2461 in

280 2487 410 2534 Epist.
430 2487 587 2531 Natal.,
607 2487 660 2532 ΙΙ,
678 2486 825 2533 duplici
843 2486 936 2531 fol„
955 2495 1026 2532 209
1043 2486 1143 2535 (352,
1162 2485 1264 2534 353).
1284 2488 1442 2535 Duplex
1456 2486 1641 2523 schedula
1656 2486 1795 2521 tertiae
1810 2483 1927 2531 hujus

279 2547 471 2594 epistolae
489 2547 668 2593 pagellae
686 2545 931 2592 agglutinata
949 2545 1148 2582 adhaeret.
1167 2545 1278 2583 Prior
1295 2558 1318 2582 a
1335 2539 1516 2594 Jimenez
1534 2546 1679 2592 scripta
1697 2549 1737 2580 et
1754 2555 1777 2580 a
1793 2543 1927 2579 Natali

277 2605 500 2652 subscripta
517 2610 579 2640 est
596 2613 642 2640 22
658 2605 843 2650 Augusti.
861 2604 998 2640 Altera
1014 2604 1154 2650 minor,
1169 2606 1220 2641 ab
1237 2604 1374 2652 ignota
1389 2605 1504 2642 nobis
1523 2617 1639 2641 manu
1654 2608 1827 2647 exarata,
1843 2603 1928 2638 nul-

276 2665 355 2701 lam
373 2665 494 2701 habet
512 2664 856 2711 subscriptionem.

347 2726 362 2746 ²
414 2723 516 2759 Vide
535 2723 652 2771 epist.
674 2722 757 2768 532.
1110 2723 1126 2744 ³
1173 2723 1322 2760 Rector
1332 2724 1491 2771 collegii
1508 2721 1853 2759 camberiacensis.

347 2785 360 2806 ⁴
414 2783 589 2829 Joannes
606 2781 867 2823 Covillonius,
885 2780 936 2817 de
952 2792 1031 2828 quo
1055 2791 1175 2829 saepe
1191 2781 1364 2820 diximus
1381 2783 1423 2819 in
1446 2783 1509 2819 his
1529 2781 1722 2829 epistolis,
1741 2786 1847 2817 tomo
1871 2779 1930 2815 11.

345 2843 360 2867 ⁵
410 2843 599 2889 Joannes.
618 2841 715 2888 Ejus
732 2852 899 2877 examen
918 2840 1010 2877 vide
1028 2841 1070 2877 in
1087 2841 1218 2888 Epist.
1239 2842 1398 2888 Natal.,
1416 2843 1469 2887 II,
1489 2841 1572 2888 566.

347 2902 363 2924 ⁶
411 2901 600 2938 Claudius
619 2901 859 2937 Matthaeus.
883 2899 984 2936 Vide
1003 2900 1119 2948 epist.
1139 2900 1224 2948 532,
1243 2913 1283 2938 n.
1305 2913 1339 2940 1.

348 2963 363 2983 ⁷
414 2960 611 2996 Antonius
629 2959 887 3006 Possevinus,
904 2964 1033 2996 rector
1050 2960 1210 3007 collegii
1226 2960 1524 2999 avenionensis.

351 3019 366 3041 ⁸
416 3019 638 3055 Gulielmus
656 3018 853 3056 Creitton.
1110 3020 1126 3042 ⁹
1174 3019 1348 3056 Annibal
1366 3019 1577 3056 Codsetus.

341 3077 374 3100 ¹⁰
421 3079 595 3125 Joannes
613 3077 891 3124 Lotharingus.
