2228 3548
996 263 1045 300 18
1064 264 1177 312 Jum
1204 262 1297 310 1573
1844 262 1916 299 663

319 380 410 408 con
432 371 589 410 entera
610 365 757 418 salud,
782 369 809 409 a
829 380 884 410 su
906 380 1062 423 mayor
1084 365 1245 423 gloria,
1277 381 1308 423 y
1335 380 1425 423 que
1455 366 1514 410 V.
1550 366 1626 418 R.,
1665 379 1798 410 como
1831 379 1964 410 acos-

322 442 563 485 tumbrado
581 441 638 502 [a]
659 448 681 470 ²
706 443 850 486 lleuar
865 443 910 486 la
926 457 1082 500 carga,
1098 442 1292 500 reciuira
1308 450 1405 487 esta
1421 457 1507 487 con
1523 457 1579 487 su
1596 442 1728 486 solita
1744 442 1965 499 patientia

321 535 351 576 y
373 518 607 563 charidad.
639 521 841 564 Denosla
868 534 977 577 muy
1005 521 1190 577 copiosa
1213 524 1239 564 a
1261 522 1392 564 todos
1413 535 1468 565 su
1493 520 1647 564 diuina
1676 519 1828 577 Mag.‘¹
1854 535 1964 576 para

322 611 412 653 que
433 596 791 653 perfectamente
811 597 854 641 le
875 596 1114 641 siruamos.
1139 598 1292 641 Todos
1313 611 1416 642 esos
1437 598 1610 641 Padres
1625 611 1675 641 se
1697 596 1960 642 encomien-

320 674 426 727 dan,
452 680 539 718 etc.
566 675 637 717 De
658 675 819 727 Roma,
846 688 870 729 3
893 675 951 719 de
980 675 1188 719 Octubre
1215 685 1343 730 1572.

407 752 480 795 De
501 751 544 794 la
565 749 829 795 intimacion
851 765 941 807 que
964 752 1020 796 V.
1047 753 1101 795 R.
1127 753 1187 796 ha
1208 753 1266 797 de
1287 754 1424 797 hazer
1440 756 1466 796 a
1486 752 1555 796 los
1571 751 1890 809 prouinciales,
1910 751 1958 795 ni

318 828 375 871 de
395 837 520 871 otros
542 827 762 884 negocios
784 843 843 872 no
870 829 1014 872 haura
1036 843 1124 885 que
1146 829 1270 873 dezir
1290 844 1348 873 en
1369 836 1483 882 esta,
1507 819 1638 886 pnes,
1663 843 1796 873 como
1825 843 1956 886 espe-

317 919 483 959 ramos,
509 906 680 949 hallara
703 904 760 964 [a]
783 907 840 950 V.
868 907 923 950 R.
948 910 1045 950 mas
1066 920 1198 951 cerea
1214 907 1272 950 de
1287 908 1431 951 Roma
1454 918 1544 963 que
1566 908 1623 952 de
1646 909 1892 952 Macerata.

1077 1047 1195 1090 554

760 1133 814 1176 Ρ.
847 1133 1263 1178 HIERONYMUS
1295 1133 1516 1177 NADAL

617 1221 789 1257 PATRI
821 1221 1147 1260 EVERARDO
1180 1220 1655 1268 MERCURIANO(?)

837 1307 1023 1342 rimone,
1045 1298 1088 1335 18
1104 1307 1207 1343 JUL11
1227 1298 1317 1345 1573
1334 1297 1381 1345 (Ρ)
1400 1299 1427 1335 ¹.

477 1375 722 1424 Catalogum
739 1377 984 1424 scriptorum
1002 1379 1039 1412 et
1056 1377 1362 1423 occupationum
1379 1387 1551 1412 suarum
1565 1377 1796 1424 praeposito

956 1435 1147 1484 generali
1164 1436 1305 1472 mittit.

402 1526 547 1569 Molto
570 1526 685 1570 Rdo.
714 1527 767 1569 P.
788 1527 847 1570 N.
868 1525 916 1568 in
932 1527 1054 1583 Xpo.
1078 1527 1174 1570 Pax
1191 1526 1267 1570 X.¹
1294 1533 1382 1571 etc.
1403 1527 1460 1571 V.
1484 1527 1537 1570 P.
1558 1526 1619 1570 mi
1641 1526 1846 1583 perdoni,
1866 1529 1953 1571 che

312 1617 406 1646 non
430 1603 495 1660 gli
517 1603 653 1646 lassai
675 1603 780 1659 quel
803 1603 1018 1659 catalogo
1045 1604 1131 1646 che
1158 1603 1263 1647 lessi
1291 1619 1318 1648 a
1339 1604 1397 1647 V.
1423 1604 1475 1648 P.
1498 1619 1507 1647 :
1533 1606 1634 1648 sera
1662 1617 1748 1647 con
1772 1611 1946 1660 questa.

313 1681 601 1736 Resceuerey
623 1679 797 1724 charita
825 1695 875 1725 se
902 1694 995 1723 non
1022 1680 1066 1723 lo
1094 1680 1331 1724 mostrassi
1359 1695 1384 1724 a
1413 1680 1536 1734 altri,
1563 1682 1729 1738 perche
1752 1681 1813 1723 mi
1842 1696 1950 1738 pare

312 1764 572 1814 arrogante,
598 1765 643 1801 et
663 1759 794 1801 basta
814 1758 900 1802 che
921 1757 964 1800 la
987 1759 1040 1800 P.
1066 1758 1124 1801 V.
1150 1757 1279 1814 sappi
1299 1756 1364 1815 gli
1386 1756 1491 1802 miei
1520 1757 1668 1802 difetti
1690 1773 1771 1815 per
1792 1773 1949 1802 emen-

311 1834 475 1891 dargli,
500 1842 546 1878 et
568 1834 710 1880 cierto
732 1835 810 1878 nol
832 1833 1063 1879 mandarei
1084 1848 1135 1879 se
1155 1848 1248 1878 non
1274 1834 1456 1880 hauessi
1484 1834 1743 1892 significato
1763 1836 1949 1880 volerne

312 1911 459 1968 copia.
486 1913 644 1958 Sonno
666 1911 840 1969 pentito
861 1913 918 1956 de
946 1914 1088 1955 hauer
1118 1911 1277 1956 scritto
1307 1918 1432 1958 tante
1461 1927 1582 1958 cose.
1617 1914 1721 1956 Non
1751 1914 1880 1956 altro.
1913 1914 1946 1956 Il

310 1988 479 2046 Signor
502 1988 568 2033 sia
590 2003 677 2033 con
699 1990 757 2033 V.
785 1990 836 2032 P.
859 1995 905 2032 et
926 2002 1013 2032 con
1042 1987 1164 2031 tutti.
1195 1988 1356 2034 Saluto
1378 2004 1534 2033 omnes
1557 1991 1616 2033 P.
1650 1990 1699 2032 in
1727 1991 1943 2033 Domina

306 2067 377 2109 De
399 2066 591 2122 Tyburi‚
624 2066 674 2110 18
697 2065 743 2109 di
764 2065 935 2110 Giulio.
961 2067 1020 2109 D.
1046 2066 1104 2110 V.
1131 2067 1186 2109 P.
1213 2080 1348 2111 seruo
1370 2066 1418 2111 in
1438 2067 1542 2120 X.⁰,

1372 2145 1403 2203 †
1434 2145 1620 2189 NADAL.
1657 2143 1687 2202 ἦ·

377 2322 398 2343 a
436 2315 598 2361 Regest.
619 2313 746 2350 omitt.
772 2314 872 2350 hane
890 2313 1132 2361 particulam.

378 2404 387 2424 ¹
439 2405 498 2439 Ex
516 2404 771 2451 autographo,
789 2403 829 2439 in
847 2403 977 2451 Epist.
1002 2403 1157 2448 Natal„
1178 2403 1230 2449 11,
1254 2404 1369 2457 unico
1392 2404 1478 2452 fol„
1499 2405 1577 2451 189.
1608 2403 1774 2440 Accedit
1797 2403 1941 2440 scheda

305 2475 395 2500 cum
413 2464 590 2509 catalogo
613 2463 858 2510 scriptorum,
885 2462 953 2498 ubi
977 2461 1095 2499 etiam
1122 2474 1213 2499 suas
1237 2463 1512 2512 occupationes
1535 2463 1781 2512 quotidianas
1805 2474 1940 2499 recen-

305 2528 379 2559 set.
401 2524 582 2570 Quonam
601 2533 702 2558 anno
720 2522 816 2557 haec
834 2521 978 2568 scripta
1001 2521 1161 2568 fuerint,
1185 2533 1262 2558 non
1285 2529 1452 2559 constat.
1481 2523 1581 2560 Cum
1604 2528 1734 2558 autem
1759 2522 1860 2558 inter
1883 2522 1939 2559 lu-

301 2581 551 2618 cubrationes
581 2593 671 2618 suas
701 2585 906 2616 recenseat
934 2580 1085 2616 Natalis
1110 2585 1316 2618 tractatum
1346 2588 1480 2619 contra
1510 2581 1786 2627 Hesshusium,
1816 2580 1941 2629 liquet

300 2651 377 2677 non
394 2645 485 2676 ante
503 2640 651 2687 Julium
669 2639 760 2675 anni
781 2638 872 2685 1569
895 2639 992 2674 haee
1014 2639 1159 2689 scripta
1181 2638 1317 2685 fuisse,
1345 2652 1393 2678 eo
1416 2641 1520 2689 quod
1545 2640 1639 2677 illud
1662 2651 1760 2687 opus
1783 2651 1936 2687 compo-

297 2700 377 2736 suit
406 2700 557 2736 Natalis
588 2699 628 2736 in
658 2700 795 2735 ultima
823 2698 1054 2735 lustratione
1084 2698 1318 2736 Germaniae
1349 2706 1389 2736 et
1419 2700 1586 2745 Galliae,
1621 2711 1735 2747 quam
1766 2699 1938 2736 absolvit

297 2770 432 2795 mense
450 2758 685 2807 Septembre
702 2757 793 2794 anni
814 2756 917 2802 1568.
939 2756 1041 2793 Vide
1064 2756 1181 2804 epist.
1206 2758 1290 2803 518,
1314 2771 1359 2796 n.
1388 2768 1423 2805 53
1450 2766 1490 2795 et
1514 2769 1595 2805 529,
1619 2771 1657 2794 n.
1688 2767 1719 2794 1.
1747 2757 1938 2806 Aliunde,

293 2829 385 2854 cum
402 2818 506 2854 inter
523 2817 682 2854 diurnos
700 2818 855 2853 labores
874 2827 966 2852 suos
989 2821 1180 2863 proponat
1205 2817 1379 2854 scribere
1406 2819 1678 2855 annotationes
1702 2817 1742 2853 in
1766 2829 1936 2864 evange·

295 2877 360 2919 lia,
379 2889 479 2925 quae
502 2877 661 2925 quidem
678 2876 791 2913 annis
818 2884 1021 2921 1574-1577
1044 2875 1210 2922 perfecit
1234 2877 1274 2914 in
1297 2877 1522 2925 Germania,
1547 2878 1671 2926 liquet
1694 2878 1833 2913 saltem
1857 2888 1936 2914 non

296 2941 386 2983 post
409 2937 557 2983 Juliurn
574 2937 666 2973 anni
686 2936 777 2982 1573
800 2937 900 2972 hanc
924 2935 1128 2982 epistolam
1151 2935 1281 2973 datam
1303 2936 1440 2983 fuisse;
1466 2949 1555 2974 nam
1573 2936 1771 2984 profectus
1794 2936 1870 2973 fuit
1895 2936 1938 2973 in

298 2995 550 3032 Germaniam
568 3007 703 3032 mense
722 2995 824 3043 Majo
842 2995 934 3031 anni
955 3002 1059 3040 1574.
