2228 3548
404 284 476 319 810
980 283 1118 318 Ems‘r.
1147 280 1191 317 P.
1219 279 1374 317 NADAL

340 386 428 487 {he
450 398 626 486 ngn.
573 390 729 440 potete
763 385 858 428 fare
887 382 919 426 il
947 383 1001 428 P.
1027 381 1206 434 Natale‚
1237 380 1284 423 in
1312 380 1443 424 fuora
1463 379 1509 424 di
1532 379 1670 459 quelli
1701 379 1748 424 di
1778 380 1921 426 Lione
1951 390 1997 428 et

383 457 471 486 iarn
506 443 606 487 eri..

1122 553 1273 598 LXIX

892 640 1221 679 STANISLAUS
1248 639 1444 680 Hosms

789 734 975 766 SANcTo
1008 732 1276 764 FRANC1sco
1308 732 1371 764 DE
1403 731 1556 773 nom-A

721 810 1042 867 Heilsbergae,
1069 822 1125 865 23
1147 807 1423 854 Novembris
1452 809 1562 864 1568
1590 809 1620 854 ¹.

448 899 723 935 Laurentium
737 899 940 949 Magium,
958 899 1152 936 Austriae
1164 897 1476 947 provincialem,
1494 898 1654 936 laudat:
1675 897 1898 935 Henricum

939 959 1183 1006 Dionysium
1201 957 1402 1006 postulat.

435 1035 551 1081 Rde.
577 1037 727 1081 Pater.
753 1036 860 1081 Fuit
889 1038 1011 1094 apud
1041 1051 1125 1080 nos
1156 1038 1212 1082 R.
1238 1037 1290 1079 P.
1322 1034 1635 1093 prouincialis,
1667 1042 1794 1079 tanto
1821 1034 1994 1093 gratior

343 1095 572 1149 omnibus,
593 1095 864 1152 quibuscum
887 1103 1186 1141 conuersatus
1202 1103 1288 1150 est,
1308 1102 1480 1151 quanto
1498 1094 1746 1139 maioribus
1758 1102 1828 1140 est
1845 1110 1871 1139 a
1886 1096 1987 1138 Deo

339 1155 609 1199 muneribus
632 1157 905 1200 cumulatus.
932 1158 1050 1200 Nam
1064 1190 1074 1210 ,
1099 1163 1415 1212 praeterquam
1443 1155 1566 1210 quod
1589 1154 1658 1198 vir
1679 1162 1749 1199 est
1770 1169 1863 1198 non
1883 1154 1989 1197 vul-

345 1214 520 1271 gariter
540 1216 703 1259 doctus
725 1222 772 1260 et
794 1216 1029 1272 eloquens,
1055 1216 1284 1260 excellens
1306 1213 1524 1258 iudicium
1548 1221 1594 1258 et
1616 1213 1852 1271 ingenium
1873 1213 1921 1257 in
1937 1227 1992 1258 eo

351 1273 585 1331 singulare
606 1275 763 1320 videre
783 1274 926 1319 licuit.
954 1275 1129 1319 Vellem
1161 1289 1216 1319 eo
1247 1274 1419 1318 diutius
1450 1273 1539 1317 frui
1571 1273 1703 1317 nobis
1734 1273 1935 1317 licuisset
1953 1274 1988 1319 ².

355 1334 462 1390 Quo
477 1334 578 1377 loco
594 1349 667 1379 res
683 1333 757 1378 hic
774 1334 880 1388 sint,
900 1350 992 1378 non
1010 1334 1170 1378 dubito
1187 1333 1297 1390 quin
1314 1349 1369 1379 ex
1386 1333 1529 1390 ipsius
1545 1333 1706 1378 litteris
1723 1334 1837 1377 Rda.
1859 1334 1912 1376 P.
1927 1333 1988 1378 V.

355 1393 521 1437 certior
543 1393 602 1437 sit
625 1394 758 1438 facta.
784 1395 902 1439 Sunt
924 1394 1061 1447 enirn,
1086 1395 1187 1439 Deo
1208 1393 1266 1437 sit
1288 1393 1451 1450 gratia,
1476 1393 1620 1436 multo
1647 1392 1835 1437 meliore
1856 1406 1991 1448 quam

355 1453 508 1496 adhuc
541 1453 741 1506 fuerunt,
777 1461 1071 1510 posteaquam
1099 1455 1190 1497 duo
1217 1452 1413 1510 primarij
1438 1453 1675 1505 consules,
1701 1451 1778 1507 qui
1805 1453 1993 1496 fuerunt

351 1511 591 1557 seditionis
612 1512 855 1570 principes,
881 1520 1042 1558 senatu
1065 1512 1176 1557 moti
1192 1519 1314 1556 sunt.
1336 1512 1587 1556 Confirmet
1603 1513 1690 1555 hoc
1706 1513 1850 1564 Deus,
1871 1510 1993 1566 quod

351 1578 564 1628 operatus
587 1579 656 1617 est
677 1572 725 1616 in
746 1572 823 1615 illa
845 1572 1045 1616 ciuitate.
1072 1573 1211 1629 Quod
1232 1571 1270 1616 si
1297 1586 1389 1615 non
1411 1571 1639 1616 defuerint
1661 1570 1870 1627 operarij‚
1895 1585 1992 1614 ma-

351 1645 495 1688 gnum
518 1631 714 1687 aliquem
737 1633 934 1676 fructum
956 1647 1206 1689 speramus,
1232 1632 1496 1688 praesertim
1526 1630 1563 1674 si
1591 1630 1758 1674 missus
1779 1632 1870 1673 huc
1893 1630 1992 1673 fue-

350 1690 435 1743 rit,
461 1690 634 1746 pridem
664 1706 691 1735 a
721 1691 849 1735 vobis
878 1691 1124 1747 promissus
1153 1699 1198 1736 et
1226 1691 1440 1736 ardenter
1471 1705 1497 1734 a
1529 1690 1661 1733 nobis
1688 1689 1990 1756 desideratus,

349 1751 406 1794 R.
433 1752 487 1795 P.
513 1750 743 1795 Henricus
765 1751 1029 1807 Dyonisius.
1051 1753 1179 1795 Bona
1200 1765 1281 1807 spe
1302 1765 1420 1803 sum,
1441 1748 1839 1806 quandoquidem
1827 1763 1875 1791 1n
1892 1763 1991 1791 ma-

349 1823 490 1865 gnam
512 1810 873 1867 expectationem
897 1811 1129 1864 venimus,
1155 1812 1359 1854 futurum
1383 1817 1431 1852 vt
1453 1808 1775 1865 quamplurimi
1805 1807 1990 1851 Christo

349 1868 600 1923 lucrifiant,
635 1870 758 1926 quod
788 1871 930 1915 Rdae.
962 1872 1015 1915 P.
1046 1872 1106 1916 V.
1137 1884 1274 1914 curae
1307 1870 1511 1913 futurum
1543 1882 1643 1912 esse
1680 1882 1772 1911 non
1809 1866 1987 1913 dubito.

349 1927 494 1972 Cuius
515 1928 727 1985 precibus
755 1936 801 1974 et
828 1929 1063 1985 sacrificijs
1094 1944 1191 1984 me,
1216 1928 1325 1986 quin
1355 1935 1400 1973 et
1430 1927 1661 1972 Prussiam
1690 1933 1915 1980 nostram,
1939 1926 1987 1970 in

348 2001 440 2042 qua
470 2002 594 2031 nunc
626 1989 859 2032 turbarum
892 1989 1062 2045 aliquid
1087 1989 1243 2033 videre
1274 1987 1395 2040 licet,
1420 1987 1665 2044 diligenter
1697 1961 1983 2030 commen'dO.

348 2048 519 2090 Datum
542 2063 599 2092 ex
620 2054 769 2092 castro
800 2056 955 2092 nostro
987 2048 1256 2106 Heilpergk‚
1293 2060 1348 2102 23
1380 2045 1658 2091 Nouembris
1680 2047 1739 2090 A.
1764 2047 1826 2091 D.
1857 2045 1984 2100 1568.

347 2107 508 2150 Frater
530 2106 576 2149 in
594 2107 792 2160 Christo,

841 2167 1475 2220 STANISLAUS,CARD1NALIS
1499 2177 1809 2209 VARMIENSIS.

438 2225 684 2281 Inscriptio
706 2226 756 2268 in
778 2231 944 2282 quarta
959 2227 1179 2284 pagina:
1201 2226 1317 2271 Rdo.
1342 2225 1389 2268 in
1417 2224 1600 2269 Christo
1630 2223 1776 2277 Patri,
1802 2222 1989 2266 domino

348 2284 596 2328 Francisco
627 2284 817 2341 Borgia,
844 2293 1030 2329 sanctae
1061 2285 1303 2331 Societatis
1328 2287 1473 2343 Jhesu
1503 2283 1763 2340 praeposito
1794 2295 1991 2340 genera-

349 2342 397 2395 li,
422 2351 532 2397 etc.,
559 2343 717 2387 fratri
705 2358 754 2386 1n
775 2344 959 2388 Christo
980 2344 1244 2389 charissimo
1265 2351 1312 2389 et
1333 2344 1618 2388 honorando.

419 2474 431 2495 ¹
481 2475 541 2510 Ex
559 2475 817 2522 archetype,
805 2486 846 2511 1n
863 2475 958 2511 Cod.
981 2477 1042 2522 38,
1057 2476 1204 2524 duplici
1221 2475 1305 2521 fol„
1321 2484 1392 2512 202
1409 2473 1523 2520 (203).
1544 2473 1646 2510 Vide
1664 2471 1830 2520 append.
1847 2472 1990 2519 XLVI,

347 2533 439 2569 LVI
460 2534 540 2579 (bis,
561 2534 650 2570 LIX
667 2534 753 2581 (bis,
772 2539 813 2570 et
831 2534 977 2570 LX111.

420 2594 434 2614 ²
485 2592 744 2630 «Laurentius
766 2593 919 2639 Magius
943 2593 1128 2631 Austriae
1152 2593 1409 2630 Prouincialis
1438 2593 1511 2628 hac
1539 2596 1691 2628 aestate
1720 2590 1760 2627 in
1788 2590 1990 2626 Poloniam

345 2650 421 2686 iter
438 2650 652 2687 intendit...
673 2657 756 2688 tum
774 2652 941 2700 primum
960 2652 1139 2700 Collegia
1156 2653 1341 2690 Polonica
1355 2650 1610 2687 Prouincialis
1624 2649 1798 2686 inuisitI»
1812 2648 1991 2685 SACCHI-

346 2717 444 2752 NUS,
470 2711 542 2746 loe.
568 2711 653 2758 cit.,
680 2717 782 2759 part.
813 2712 884 2756 III,
906 2712 974 2748 lib.
1000 2714 1070 2758 IV,
1096 2726 1140 2750 n.
1172 2713 1253 2759 176.
1278 2711 1346 2749 Cf.
1374 2712 1647 2757 ROSTOWSKI,
1675 2709 1991 2746 Lituanicarum

347 2768 558 2806 Societatis
567 2771 670 2817 Jesu
685 2771 969 2817 historiarum,
988 2772 1060 2810 lib.
1092 2773 1124 2816 1,
1143 2785 1182 2809 n.
1203 2783 1239 2819 9.
