2228 3548
435 302 507 349 734
949 303 1088 339 prsr.
1115 301 1160 337 P.
1189 301 1461 338 Naum-612

387 405 539 461 parole
561 403 679 448 della
698 411 846 447 morte
872 404 949 448 del
972 405 1050 447 P.e
1080 402 1295 447 Polanco.
1321 403 1505 446 Intomo
1533 402 1608 447 3111
1629 402 1774 447 scritti
1801 403 1848 447 di
1875 405 1933 450 V.
1959 406 2015 449 R.

388 482 429 524 le
451 480 489 523 si
511 479 673 524 scrisse
693 480 737 523 la
757 486 902 524 estate
922 486 1104 537 passata
1123 494 1214 523 vna
1234 480 1411 534 lettera,
1435 479 1479 523 13
1501 479 1650 536 quale,
1674 480 1922 537 pei-cheno
1943 497 2019 527 sa-

387 556 535 614 piamo
555 571 603 601 se
625 552 725 600 sara
747 556 999 614 ricapitata,
1023 556 1065 600 ci
1085 557 1111 601 ἑ
1135 570 1266 614 parso
1287 571 1429 614 porne
1449 556 1528 613 qui
1548 571 1637 601 vna
1663 557 1794 615 copia
1818 559 1904 604 che
1928 559 1952 604 ὲ
1973 559 2016 604 13

383 640 609 691 seguente
635 635 665 677 ¹.

1142 764 1261 805 (uz

846 855 901 898 P.
920 855 1333 900 HIERONYMUS
1355 855 1574 900 NADAL

710 942 897 979 PATRI
928 942 1258 981 EVERARDO
1293 943 1692 983 MERCURIANO

903 1029 1060 1065 HALAE,
1079 1019 1125 1056 28
1140 1029 1340 1064 JANUARH
1359 1029 1450 1068 1577
1464 1024 1493 1057 ².

381 1098 447 1134 Ad
463 1100 634 1134 mentem
651 1100 811 1134 revocat
827 1109 929 1144 quae
945 1098 991 1133 in
1007 1098 1281 1145 superioribus
1298 1099 1446 1135 litteris
1461 1100 1676 1146 scripserat
1692 1101 1740 1136 de
1750 1099 1836 1148 fine
1848 1111 2016 1136 suorum

687 1157 887 1203 laborum,
905 1158 953 1194 de
970 1158 1088 1204 socio,
1106 1159 1154 1194 de
1171 1159 1376 1195 redeundo
1392 1159 1438 1195 in
1454 1159 1622 1195 Italiam
1639 1163 1710 1196 etc.

472 1254 502 1311 †
565 1253 711 1298 Molto
733 1253 847 1297 Rdo.
875 1255 927 1296 P.
949 1254 1007 1296 N.
1033 1252 1078 1296 in
1096 1253 1182 1297 Χ.ο
1205 1255 1302 1298 Pax
1324 1254 1399 1298 X.i
1429 1255 1562 1299 Nella
1581 1255 1654 1299 del
1688 1268 1812 1299 mese
1833 1261 2013 1311 passato

381 1332 442 1375 ho
463 1330 603 1375 serito
622 1329 958 1383 distesamente,
984 1330 1022 1373 si
1046 1345 1175 1375 come
1195 1331 1238 1374 13
1263 1333 1314 1375 Ρ.
1343 1333 1402 1376 V.
1427 1331 1488 1374 mi
1511 1339 1532 1360 ⁸
1557 1331 1722 1376 scrisse
1742 1332 1763 1359 ¹³
1789 1331 1837 1375 in
1863 1332 2013 1388 quella

376 1408 427 1452 di
450 1419 505 1452 22
528 1407 574 1451 di
595 1407 866 1462 Settembre,
891 1409 975 1451 che
996 1409 1021 1451 e
1042 1409 1086 1451 13
1106 1408 1277 1452 Vltima.
1305 1410 1354 1452 In
1376 1416 1537 1465 questa
1559 1409 1654 1453 faro
1685 1424 1772 1453 con
1792 1410 1836 1453 la
1867 1405 2014 1467 gratia

375 1485 453 1529 del
474 1484 642 1542 Signor
661 1499 752 1528 vna
772 1484 967 1541 epitome
983 1485 1031 1527 di
1053 1486 1218 1540 quella,
1238 1501 1317 1542 per
1333 1486 1377 1529 la
1393 1486 1607 1530 incertitu
1623 1486 1730 1531 delli
1746 1485 1947 1540 corrieri,
1967 1493 2014 1530 et

373 1564 479 1606 sara
500 1561 776 1606 declaration
793 1562 850 1606 de
872 1560 1063 1618 aquella.
1089 1564 1221 1607 Daua
1241 1563 1273 1606 11
1293 1565 1384 1607 bon
1407 1579 1527 1608 anno
1549 1564 1709 1621 ample.
1747 1565 1823 1608 Ho
1845 1570 2013 1621 pagato

378 1639 411 1682 il
432 1639 601 1683 viatico
623 1639 696 1682 del
717 1653 988 1696 compagno,
1013 1640 1129 1682 vnde
1151 1641 1333 1686 haueua
1355 1641 1431 1698 gia
1451 1641 1623 1685 scritto.
1653 1642 1728 1685 Ho
1756 1639 2012 1697 recuperati

375 1716 442 1774 gli
464 1715 608 1760 scritti
628 1723 674 1760 et
709 1715 913 1773 imagini,
954 1718 1042 1762 che
1063 1723 1254 1774 portaua
1275 1733 1301 1761 a
1323 1719 1359 1762 F
1362 1718 1518 1762 iandra
1539 1718 1570 1761 il
1593 1721 1645 1762 P.
1678 1717 1910 1762 Florentio
1931 1732 2012 1774 per

374 1800 592 1851 stampar,
617 1808 697 1851 per
717 1793 874 1838 ordine
896 1793 941 1837 di
963 1796 1018 1838 V.
1044 1796 1117 1849 P.,
1142 1794 1263 1850 dipoi
1285 1794 1330 1838 di
1352 1796 1599 1852 approbate
1619 1810 1699 1852 per
1721 1794 1786 1852 gli
1812 1793 2005 1838 censori.

377 1872 453 1916 Ha
473 1884 662 1916 succeso
678 1871 795 1915 bene
812 1879 988 1928 questo,
1006 1873 1183 1928 partim
1201 1887 1280 1929 per
1296 1872 1361 1930 gli
1377 1873 1577 1918 successi
1593 1872 1639 1915 di
1660 1872 1869 1924 Fiandra‚
1889 1876 2009 1928 par-

374 1950 460 1992 tim
483 1955 501 1976 0
531 1949 700 2005 perche
736 1963 823 1992 con
860 1955 1020 2004 questo
1058 1949 1206 1994 Padre
1247 1949 1338 1992 mio
1374 1964 1630 2006 compagno
1665 1949 1727 1992 mi
1764 1949 1784 1976 ‘¹
1811 1948 2007 1992 succede

377 2026 517 2069 molto
538 2027 654 2071 bene
676 2033 694 2054 e
722 2026 766 2069 13
793 2026 1108 2071 emendatione
1143 2026 1172 2080 f,
1197 2042 1286 2083 que
1308 2042 1397 2071 non
1423 2028 1605 2071 haueua
1625 2033 1787 2083 potuto
1809 2026 1905 2070 fare
1926 2039 2007 2082 per

376 2109 692 2147 maneamento
714 2102 758 2146 di
784 2103 843 2146 tal
859 2117 1127 2160 compagno.
1154 2105 1200 2147 Io
1222 2103 1361 2148 venni
1390 2118 1479 2159 qua
1500 2118 1580 2160 per
1606 2117 1822 2160 expresso
1850 2101 2008 2146 ordine

370 2180 493 2225 della
516 2182 565 2225 P.
590 2180 648 2224 V.
674 2186 719 2223 et
741 2179 1000 2224 obedientia
1021 2182 1105 2224 che
1127 2180 1187 2223 mi
1209 2180 1329 2225 disse
1349 2181 1448 2224 sine
1465 2181 1662 2224 motiuis:
1683 2179 1773 2223 «Mi
1790 2193 1898 2236 pare
1922 2180 2008 2222 che

375 2257 540 2301 andate
562 2256 607 2299 in
630 2257 793 2300 Hala»:
814 2256 958 2301 intese
973 2272 1053 2314 per
1074 2257 1177 2300 finir
1192 2258 1235 2302 13
1253 2271 1358 2301 cose
1376 2263 1654 2314 comencate:
1675 2258 1734 2300 ho
1757 2254 2006 2312 trabaglia-

377 2340 422 2377 to
436 2341 459 2368 ἔ
472 2334 570 2377 suis
587 2333 713 2376 horis
730 2334 828 2376 sine
852 2334 1199 2388 intermissione,
1217 2341 1262 2378 et
1282 2334 1304 2362 ¹²
1324 2333 1453 2378 finito
1476 2333 1604 2390 quasi
1631 2334 1658 2387 ἰ,
1679 2347 1765 2377 3011
1781 2332 1811 2375 l’
1831 2331 2009 2389 agiutto

372 2411 447 2454 del
485 2410 668 2468 Signor‚
703 2409 768 2467 gli
803 2409 1006 2466 imagini,
1048 2411 1328 2455 annotationi
1364 2419 1410 2456 et
1446 2410 1748 2463 meditationi,
1783 2415 1829 2454 et
1865 2409 2005 2452 molto

370 2494 683 2545 augmentate,
708 2487 932 2532 emendati
955 2488 1018 2545 gli
1040 2487 1198 2532 scholii
1219 2495 1265 2532 et
1291 2488 1302 2523 J'
1332 2488 1613 2532 instruttioni
1629 2494 1675 2533 et
1697 2485 2003 2531 obseruationi

444 2609 464 2630 a
502 2602 588 2637 Hoc
607 2601 715 2636 verb.
736 2611 851 2647 supra
869 2612 969 2635 vers.
993 2601 1142 2637 addidit
1160 2601 1209 2636 N.
1229 2601 1360 2637 deleto
1378 2600 1454 2637 alio
1467 2601 1681 2636 verbm—¹³
1698 2608 1742 2635 10
1757 2599 1878 2634 verba
1891 2609 2000 2646 seqq.

371 2660 412 2696 in
431 2672 552 2707 marg.
572 2659 721 2696 addidit
739 2659 858 2695 N.—c
877 2661 960 2695 Hoc
979 2662 1090 2697 verb.
1109 2661 1171 2696 bis
1195 2661 1351 2708 scripsit
1375 2660 1497 2695 N.-c1
1511 2661 1597 2695 Hoc
1619 2659 1730 2695 verb.
1757 2669 1874 2705 supra
1897 2669 2001 2694 vers.

369 2720 519 2756 addidit
537 2720 658 2755 N.—e
678 2720 763 2755 Hoc
781 2720 890 2754 verb.
917 2731 1030 2766 supra
1054 2732 1159 2757 vers.
1188 2720 1336 2756 addidit
1362 2719 1480 2755 N.-f
1499 2720 1611 2766 Quae
1639 2723 1855 2766 sequuntur
1878 2728 2003 2764 usque

365 2779 418 2814 ad
436 2783 659 2828 compagno
675 2779 767 2815 11131.
787 2778 934 2814 addidit
953 2779 1001 2814 N.
1022 2779 1176 2827 seriptis
1195 2779 1443 2827 reliquis—8
1456 2787 1478 2814 2
1495 2779 1616 2814 verba
1634 2789 1742 2825 seqq.
1762 2789 1879 2824 supra
1896 2788 2000 2812 vers.

370 2838 519 2874 addidit
537 2838 661 2873 N.-h
675 2838 760 2873 Hoc
777 2838 886 2872 verb.
913 2849 1029 2884 supra
1054 2850 1156 2874 vers.
1183 2837 1332 2874 addidit
1356 2838 1468 2873 N.--i
1495 2846 1515 2883 5
1539 2838 1661 2873 verba
1677 2848 1785 2884 seqq.
1812 2836 1852 2872 in
1876 2846 1998 2881 marg.

367 2897 519 2933 addidit
537 2898 657 2933 N.-J'
683 2898 768 2932 Hoc
793 2898 904 2932 verb.
924 2908 1038 2944 supra
1063 2910 1167 2934 vers.
1186 2897 1335 2934 addidit
1360 2898 1409 2933 N.

442 2998 451 3017 ¹
503 2998 640 3033 Sermo
659 3004 720 3034 est
736 2997 785 3033 de
803 2997 968 3044 epistola
984 3000 1057 3034 sub
1076 3012 1114 3035 11.
1130 2999 1202 3035 602
1219 2999 1339 3035 edita.

439 3058 454 3078 2
503 3057 561 3091 Ex
579 3057 834 3104 autographo,
848 3056 887 3091 in
904 3057 1031 3103 Epist.
1052 3058 1208 3100 Natat„
1224 3059 1276 3104 ΙΙ,
1291 3057 1437 3105 duplici
1450 3056 1534 3102 fol„
1550 3055 1619 3102 253
1632 3058 1745 3102 (192).
1762 3055 1862 3092 Vide
1880 3054 1997 3102 epist.

361 3114 454 3161 606,
472 3116 535 3151 cui
553 3117 648 3152 haec
661 3115 886 3163 respondet.
