2228 3548
411 303 481 342 794
984 294 1123 329 Emsr.
1149 292 1195 328 P.
1223 293 1391 340 NADALJ

1089 447 1278 491 XLVIII

903 535 947 570 P.
977 533 1253 572 ANTONIUS
1279 534 1445 573 VINCK

716 625 930 656 SANCTo
977 626 1291 658 FRANC1sco
1341 627 1408 658 DE
1455 625 1634 669 BORJA

678 702 920 758 Augustae
943 701 1255 755 Trevirorum,
1287 715 1339 746 10
1362 702 1469 759 Maji
1497 704 1608 759 1567
1636 705 1665 747 ¹.

583 790 645 825 De
662 789 826 826 Natalis
836 790 1102 838 profectione,
1121 791 1244 837 deque
1253 790 1402 838 fructu
1420 791 1507 838 ejus
1526 793 1757 828 ministerii.

526 867 619 911 Ani
641 882 686 925 9,
710 867 895 921 incirca,
921 869 1038 912 delle
1059 870 1170 913 hore
1192 875 1258 912 tre
1280 868 1415 925 dopoi
1437 869 1468 912 il
1488 884 1673 926 pranso,
1699 869 1745 912 di
1777 883 1867 926 qua
1897 868 1936 912 si
1965 869 1992 912 e

357 926 524 983 partito
546 926 576 970 il
603 928 654 971 R.
691 927 743 972 P.
775 928 921 971 Nadal
949 928 1035 972 alla
1066 929 1192 971 volta
1219 928 1266 971 di
1293 928 1452 985 Liege,
1482 930 1694 973 hauendo
1721 943 1803 986 per
1833 929 1876 972 13
1907 942 1991 972 sua

356 986 584 1042 presentia
605 994 651 1030 et
672 987 958 1031 essortationi
981 995 1026 1030 et
1046 986 1288 1032 direttione
1310 989 1449 1032 molto
1472 988 1675 1032 adiutato
1692 996 1738 1033 et
1754 988 1990 1032 consolato

356 1053 519 1100 questo
539 1046 752 1103 collegio.
778 1046 866 1090 Dio
888 1048 942 1090 N.
967 1048 1015 1091 S.
1042 1048 1086 1090 lo
1109 1046 1351 1100 remuneri‚
1375 1054 1422 1091 et
1443 1048 1530 1092 alla
1551 1049 1603 1090 P.
1630 1049 1708 1100 V.,
1733 1048 1777 1091 lo
1794 1048 1928 1104 quale
1948 1047 1985 1090 si

355 1106 387 1147 l'
411 1107 470 1149 ha
491 1106 721 1159 mandato,
748 1112 794 1150 et
814 1106 871 1148 ad
893 1121 994 1150 esso
1016 1106 1132 1149 della
1154 1106 1458 1151 sollieitudine
1479 1116 1525 1151 et
1547 1106 1772 1164 trauaglio
1792 1108 1836 1152 le
1863 1106 1985 1163 quali

357 1164 512 1221 piglia.
539 1165 656 1209 Cum
679 1179 780 1210 esso
803 1165 826 1208 ὲ
849 1167 1047 1209 anchora
1068 1165 1236 1222 partito
1264 1166 1294 1209 il
1323 1167 1376 1210 R.
1413 1167 1463 1210 P.
1492 1168 1529 1210 F
1532 1180 1748 1211 rancesco
1775 1166 1982 1218 Costero,

354 1224 637 1280 prouinciale
658 1225 775 1269 della
796 1224 983 1268 inferior
1004 1226 1250 1282 Almagna,
1280 1225 1324 1268 lo
1352 1226 1484 1280 quale
1515 1227 1539 1270 ὲ
1572 1232 1691 1269 stato
1722 1224 1799 1282 qui
1832 1231 1984 1282 espet-

357 1285 496 1327 tando
518 1283 730 1328 accioche
758 1283 789 1326 il
811 1285 863 1326 P.
896 1285 1037 1327 Nadal
1066 1285 1259 1328 andasse
1285 1299 1311 1328 a
1338 1284 1497 1342 Liege,
1528 1286 1722 1329 essendo
1743 1286 1828 1328 che
1850 1284 1882 1327 il
1902 1297 1984 1328 ve-

356 1357 496 1387 scouo
518 1344 563 1386 fa
585 1343 748 1400 grand’
771 1342 985 1387 instantia
1007 1344 1220 1394 aecioche
1242 1343 1280 1387 si
1307 1343 1338 1387 li
1366 1343 1441 1388 dia
1462 1344 1686 1401 principio
1708 1359 1735 1388 3
1755 1345 1861 1401 quel
1883 1343 1984 1387 col-

353 1402 494 1459 legio,
519 1409 565 1446 et
587 1403 683 1446 cosi
704 1417 731 1446 a
752 1403 903 1458 quello
926 1402 970 1446 di
993 1410 1124 1447 santo
1142 1404 1388 1447 Odomaro.

1094 1517 1241 1560 XLIX

848 1605 892 1639 P.
921 1604 1260 1641 LAURENTIUS
1287 1604 1492 1642 MAGIUS

723 1695 935 1726 SANCTO
979 1696 1292 1727 FRANCISCO
1329 1696 1397 1727 DE
1442 1695 1617 1736 BORJA

756 1800 763 1806 ι
807 1771 1120 1824 Vindobonae,
1152 1784 1198 1815 11
1226 1771 1334 1827 Maji
1362 1772 1471 1826 1567
1490 1771 1522 1814 ².

938 1861 997 1896 De
1011 1860 1261 1907 professione
1270 1859 1386 1907 fidei.

480 1937 550 1980 11
572 1938 625 1980 Ρ.
650 1937 812 1981 Natale
835 1937 877 1980 ci
898 1937 1062 1982 scrisse
1093 1937 1169 1994 gia
1201 1939 1285 1980 che
1316 1936 1354 1981 si
1386 1943 1580 1982 metesse
1611 1936 1658 1979 in
1690 1936 1980 1982 essecutione

342 1997 679 2063 professionem
706 1996 834 2039 illam
854 1997 970 2053 fidei
990 1997 1261 2064 faciendam
1291 2011 1318 2039 a
1341 1997 1667 2053 promouendis
1698 1997 1758 2039 ad
1781 1996 1981 2054 gradus,

352 2056 464 2100 satta
480 2057 538 2099 da
556 2055 638 2099 Pio
654 2054 724 2110 4.⁰
731 2069 835 2109 ;ma
857 2063 1028 2111 quanto
1050 2056 1137 2099 alla
1152 2055 1417 2108 vniuersita,
1437 2057 1526 2100 che
1541 2069 1591 2099 se
1607 2070 1666 2100 ne
1682 2056 1982 2100 domandasse

351 2115 616 2159 risolutione
637 2115 754 2160 della
778 2117 830 2158 P.
859 2116 934 2167 V.,
960 2115 1056 2158 cioe
1079 2131 1130 2160 se
1150 2116 1353 2158 'lnostro
1372 2116 1630 2172 professore
1646 2115 1707 2158 ha
1723 2109 1769 2158 di
1786 2128 1983 2158 consen—

350 2174 435 2218 tire
456 2175 543 2218 alle
563 2173 857 2231 promotioni,
882 2176 975 2217 nisi
993 2175 1085 2231 fiat
1113 2175 1219 2217 talis
1241 2175 1494 2233 professio,
1516 2175 1775 2218 anchorche
1803 2188 1895 2218 non
1917 2173 1984 2218 sia

349 2233 426 2289 qui
447 2233 694 2291 publicata,
719 2233 777 2276 ne
799 2233 874 2276 noi
896 2235 938 2277 13
961 2234 1173 2278 teniamo.

1146 2347 1183 2390 L

832 2433 1103 2472 SYBERTUS
1129 2432 1488 2473 BRONCHORST

711 2524 929 2555 SANCTO
972 2525 1286 2557 FRANCISCO
1328 2526 1397 2556 DE
1439 2525 1616 2566 BORJA

850 2600 1082 2654 Coloniae,
1109 2613 1165 2644 20
1187 2600 1295 2656 Maji
1318 2601 1428 2655 1567
1447 2601 1479 2643 ⁵.

766 2686 887 2724 Gesta
904 2688 1066 2724 Natalis
1083 2690 1128 2725 in
1144 2688 1310 2736 collegio
1328 2688 1558 2724 coloniensi.

514 2766 570 2809 R.
597 2766 651 2809 P.
677 2764 985 2820 Hieronymus
1008 2765 1182 2809 Natalis
1210 2765 1256 2808 in
1277 2763 1499 2821 principio
1529 2763 1680 2809 Martii
1708 2765 1766 2808 ad
1794 2747 1878 2808 hos
1899 2779 1979 2808 ve-

346 2823 429 2877 nit,
455 2830 501 2869 et
522 2823 687 2869 mansit
707 2838 854 2880 usque
875 2825 932 2867 ad
954 2839 1156 2869 mensem
1178 2824 1398 2881 Aprilem3
1424 2838 1451 2866 3
1473 2838 1564 2879 quo
1587 2824 1730 2868 multa
1751 2824 1872 2867 bona
1893 2837 1979 2867 au·-

414 2953 425 2972 ¹
475 2953 534 2988 Ex
552 2954 805 3001 autographo,
826 2952 866 2988 in
887 2952 982 2988 Cod.
1002 2963 1053 2998 29
1067 2954 1135 3001 g),
1154 2953 1223 2999 265
1241 2952 1356 3000 (435).
1377 2953 1479 2989 Vide
1496 2953 1616 3000 epist.
1638 2953 1729 2999 480.

409 3013 423 3032 ²
476 3011 535 3046 Ex
554 3013 808 3059 autographo,
830 3011 869 3047 in
890 3010 985 3047 Cod.
1006 3022 1057 3057 29
1071 3012 1135 3060 g),
1157 3021 1201 3057 19
1219 3012 1335 3058 (206).

414 3070 430 3091 ⁸
479 3071 537 3105 Ex
555 3072 808 3119 autographo,
828 3071 868 3107 in
889 3070 983 3106 Cod.
997 3081 1049 3117 29
1062 3072 1126 3119 g),
1141 3070 1212 3117 273
1229 3071 1342 3117 (486).
1359 3070 1460 3108 Vide
1479 3071 1594 3118 epist.
1609 3070 1694 3116 4663
1710 3075 1751 3106 et
1767 3070 1853 3117 469,
1865 3081 1904 3106 n.
1923 3079 1965 3115 4.
