2228 3548
0 1425 14 1438 .-
0 1376 5 1389 ν
0 1319 7 1346 -;.
0 1187 17 1255 ,Ἦν
0 733 11 1165 «η’-,νμ--ν-ν-η-ψ-ητκν-
0 590 4 691 v--vwv
0 563 5 569 ν.
0 521 3 532 ⁴*
0 488 1 491 „
0 403 8 446 4--ν-
0 350 13 378 »λ
14 325 18 327 .

461 0 500 31 ξς
575 15 582 25 Ι
610 0 862 25 ²*ffl‘lq1ss241353Q1‘4'2'5L
878 0 918 27 ''J'-
938 0 959 27 Ι]
979 0 991 11 θ

897 333 942 360 22
969 324 1124 361 MARTu
1151 324 1241 370 1567
1769 332 1840 370 419

245 426 534 486 prouinciale
565 426 611 469 di
648 426 920 470 Lombardia
946 426 1148 471 scriuero
1177 427 1287 471 forsi
1317 428 1467 472 anche
1495 425 1662 483 hoggi,
1687 424 1817 470 accio
1849 424 1888 468 si

245 504 391 548 sforzi
412 504 598 547 mandat
619 511 815 549 maestro
836 503 1066 549 Giouanni
1084 504 1228 548 Paulo
1245 503 1383 549 Oliua
1404 498 1518 548 al'P.
1537 502 1740 556 Canisio,
1760 501 1889 546 accio

256 582 394 644 legga
414 595 479 624 un
500 594 649 635 corso,
673 581 966 637 prouedendo
987 580 1033 623 di
1053 582 1169 625 altro
1183 587 1205 608 ⁸
1226 596 1277 626 se
1298 581 1443 638 petra,
1464 580 1634 638 perche
1650 593 1785 637 possa
1805 594 1888 623 an-

248 658 340 702 dar
355 657 520 702 subito.
537 659 722 701 Intorno
739 658 781 701 al
797 658 986 701 mandat
1000 672 1091 714 qua
1106 657 1239 702 simili
1256 673 1283 701 a
1300 657 1443 702 Lucio
1460 672 1487 701 o
1503 656 1736 702 Giouanni
1758 656 1864 701 vien
1875 681 1888 687 -

259 750 401 781 nense
421 737 450 788 ¹,
474 735 505 777 li
527 734 631 778 dico
648 736 735 779 che
752 734 938 791 giouani
953 734 999 778 di
1015 748 1132 792 poco
1148 736 1344 788 natural,
1363 749 1493 779 come
1515 733 1680 790 questi,
1699 741 1746 778 et
1762 740 1890 777 tanto

247 811 431 856 difficili
453 827 479 856 a
500 812 682 865 ridursi,
707 826 799 855 non
820 813 989 856 accade
1004 811 1200 866 inuiarli,
1221 813 1390 869 perche
1407 827 1499 856 non
1515 811 1554 855 si
1574 811 1775 856 lasciano
1791 809 1889 854 aiu-

259 898 342 942 tar‚
373 896 419 934 et
446 889 492 932 di
523 889 598 945 pisi
631 896 856 945 guastano
886 889 919 932 il
948 888 1186 943 nouitiat0,
1211 898 1257 935 et
1287 890 1629 946 generalmente
1659 895 1821 944 questo
1852 887 1891 931 si

247 967 373 1029 -deue
394 981 619 1010 osseruar:
645 967 731 1009 che
751 965 895 1022 prima
911 965 958 1008 di
973 967 1161 1010 mandar
1177 966 1343 1009 alcuno
1361 981 1466 1022 qua,
1486 965 1695 1009 auuisino
1711 965 1785 1009 del
1802 979 1889 1008 nu-

256 1057 382 1087 mero
405 1051 450 1088 et
472 1043 640 1100 qualita
668 1043 787 1088 delle
813 1056 1029 1099 persone,
1053 1050 1099 1087 et
1130 1058 1180 1088 se
1208 1043 1239 1086 li
1267 1043 1532 1100 rispondera
1555 1057 1604 1086 se
1626 1042 1657 1085 li
1678 1043 1890 1086 debbono

251 1122 460 1173 mandar,
481 1135 508 1163 o
529 1134 637 1163 non.
659 1119 812 1175 Quelli
833 1121 920 1165 che
942 1126 1143 1178 tengono
1164 1119 1196 1162 il
1219 1121 1272 1164 P.
1301 1120 1455 1164 Pietro
1474 1120 1617 1171 Phae,
1637 1120 1681 1162 lo
1703 1119 1890 1162 mande-

260 1213 403 1241 ranno
423 1199 555 1251 bene;
580 1212 653 1241 ma
674 1203 911 1254 aspettano
931 1196 1214 1254 ricompensa
1234 1196 1491 1241 sufficiente
1508 1211 1588 1253 per
1616 1195 1892 1240 catechismo

260 1281 307 1318 et
329 1274 558 1331 prediche.
580 1274 756 1327 Percio,
776 1274 1152 1331 prouedendoseli
1168 1274 1214 1318 di
1234 1287 1514 1326 successore,
1534 1274 1578 1317 lo
1595 1274 1796 1316 daranno
1814 1287 1893 1329 per

257 1351 518 1408 Herbipoli,
542 1365 670 1396 come
692 1352 749 1396 V.
776 1353 829 1395 R.
854 1349 1026 1395 ricerca
1050 1351 1087 1395 ¹³.
1113 1352 1309 1396 Almeno
1330 1350 1516 1395 doueria
1538 1365 1663 1395 esser
1684 1364 1774 1393 vno
1795 1356 1892 1393 atto

264 1445 291 1473 a
311 1427 484 1486 legger’
507 1429 623 1472 bene
644 1428 675 1471 il
695 1427 953 1472 catecismo.
979 1427 1038 1472 Di
1061 1429 1227 1473 Loreto
1248 1429 1393 1472 anche
1413 1427 1452 1472 si
1474 1427 1641 1485 partita
1662 1426 1894 1472 Giouanni

266 1506 475 1558 Battista',
499 1513 686 1558 sartore,
712 1512 881 1561 quanto
902 1505 978 1562 pisi
998 1512 1151 1562 presto
1172 1505 1272 1549 sara
1299 1504 1513 1562 possibile
1540 1519 1622 1562 per
1648 1504 1835 1562 Dilinga
1854 1510 1890 1557 ⁰,

262 1597 312 1627 se
334 1582 371 1627 si
394 1582 522 1639 potra
545 1597 680 1626 sanza
697 1582 870 1639 grande
892 1582 1124 1626 scomodo.

351 1661 677 1703 Procuraremo
714 1660 799 1704 che
826 1657 854 1701 l’
878 1658 1043 1703 unione
1074 1658 1147 1703 dei
1179 1658 1435 1716 monasterij
1465 1658 1654 1703 desolati
1683 1659 1720 1702 si
1753 1658 1895 1703 faccia

258 1751 439 1794 sempre
456 1751 592 1780 senza
609 1735 949 1793 compositione:
969 1742 1013 1779 et
1030 1737 1121 1780 ben
1137 1749 1190 1780 ce
1210 1736 1254 1779 lo
1270 1736 1585 1793 persuadiamo
1598 1735 1636 1789 ἃ,
1657 1751 1730 1780 ma
1745 1751 1838 1780 non
1855 1735 1896 1779 si

258 1829 316 1857 sa
336 1814 394 1859 de
415 1820 555 1867 certo,
581 1816 667 1858 che
688 1813 782 1857 cosi
805 1813 907 1857 sara
928 1828 1007 1870 per
1030 1813 1073 1856 la
1093 1812 1392 1867 edificatione,
1417 1821 1464 1857 et
1485 1828 1534 1858 se
1551 1828 1609 1858 ne
1629 1814 1895 1858 contentara

267 1891 298 1934 il
319 1906 449 1948 papa,
475 1892 517 1934 31
538 1892 670 1947 quale
692 1891 729 1934 si
750 1890 965 1947 proporra
987 1891 1136 1946 quello
1158 1891 1245 1935 che
1266 1891 1323 1935 V.
1344 1892 1394 1935 R.
1419 1891 1646 1943 dimanda,
1666 1892 1752 1934 che
1768 1890 1896 1934 sidia

268 1967 449 2012 licentia
480 1967 555 2012 alli
592 1966 802 2011 catholici
823 1967 870 2010 di
906 1967 1154 2012 intrauenir
1181 1968 1267 2012 alle
1293 1967 1500 2024 essequie
1536 1975 1624 2011 etc.
1659 1969 1717 2012 de
1743 1975 1886 2024 prote-

262 2044 421 2098 -stanti,
445 2053 491 2089 et
512 2059 534 2088 e
550 2048 708 2088 contra
728 2051 769 2098 e,
791 2059 870 2102 per
890 2044 922 2087 il
944 2043 1133 2100 rispetto
1150 2045 1237 2088 che
1253 2044 1415 2099 scriue3
1436 2059 1525 2098 ma,
1545 2059 1595 2088 se
1611 2045 1656 2088 lo
1671 2045 1896 2089 concede-

268 2122 334 2177 τὲ,
374 2130 535 2178 questo
578 2136 669 2165 non
711 2121 957 2178 sappiamo.
999 2122 1056 2165 V.
1098 2122 1153 2164 R.
1189 2121 1413 2166 domanda
1451 2136 1542 2165 uno
1583 2121 1630 2164 in
1670 2122 1811 2178 luogo
1852 2121 1897 2163 di

270 2200 404 2242 Mtro.
420 2197 621 2243 Henrico
638 2198 860 2250 Arboreo,
874 2212 955 2254 per
970 2198 1131 2254 legger
1146 2196 1192 2240 in
1209 2198 1500 2255 Ingolstadio.
1517 2199 1769 2242 Procuraro
1786 2198 1892 2250 ben,

269 2290 318 2319 se
339 2274 377 2318 si
399 2275 544 2331 pomi,
569 2274 615 2318 di
637 2273 1014 2331 concederglie103
1039 2288 1113 2317 ma
1132 2288 1218 2330 pur
1232 2274 1439 2320 desidero
1461 2275 1507 2318 di
1528 2290 1675 2331 saper,
1700 2288 1829 2319 come
1850 2273 1897 2316 in

269 2358 442 2396 coteste
463 2352 628 2404 bande,
649 2365 736 2396 oue
752 2350 790 2394 si
806 2351 943 2407 legge
964 2350 1011 2394 in
1028 2349 1141 2393 tanti
1156 2347 1315 2408 luo‘ghi
1331 2351 1363 2394 il
1383 2365 1515 2396 corso
1532 2351 1578 2395 di
1595 2350 1895 2409 philosophia,

271 2443 362 2472 non
383 2428 421 2472 si
442 2429 581 2471 fanno
601 2427 804 2484 soggetti
825 2441 905 2484 per
926 2427 1143 2472 succedet
1164 2427 1238 2470 alli
1258 2427 1408 2473 lettori
1436 2428 1482 2472 di
1509 2428 1658 2485 logica
1684 2435 1731 2472 et
1752 2427 1899 2484 philo-

266 2505 446 2562 sophia.
474 2506 530 2548 Et
552 2511 713 2561 questo
740 2503 842 2548 dico
872 2519 966 2547 non
993 2519 1129 2549 senza
1155 2518 1314 2558 causa,
1345 2507 1512 2563 perche
1542 2505 1618 2562 pisi
1646 2503 1828 2549 maestri
1860 2504 1901 2548 ci

261 2596 492 2625 consuma
512 2589 557 2625 et
579 2580 791 2624 dimanda
811 2581 855 2624 la
875 2579 1135 2634 Germania,
1159 2581 1247 2624 che
1268 2588 1386 2627 tutte
1407 2582 1434 2625 1’
1457 2583 1570 2627 altre
1586 2580 1836 2639 prouincie,
1855 2589 1901 2624 et

265 2657 399 2702 accio
421 2658 459 2701 si
482 2658 595 2701 sacci
616 2657 846 2714 diligentia
866 2657 913 2700 di
935 2657 1262 2714 guadagname
1281 2658 1386 2704 delli
1407 2659 1524 2702 altri.

363 2747 405 2778 2.
469 2734 520 2778 L’
543 2749 688 2790 acqua
709 2734 747 2777 si
774 2741 914 2779 metta
941 2734 1015 2778 nel
1043 2733 1151 2777 uino
1177 2733 1225 2777 in
1256 2735 1366 2792 ogni
1393 2736 1543 2788 modo,
1569 2735 1744 2779 benche
1773 2736 1901 2792 poti-ii

343 2887 364 2908 a
403 2889 424 2915 2
441 2881 561 2916 verba
579 2893 692 2928 seqq.
714 2881 905 2917 Polancus
930 2892 1045 2928 supra
1062 2892 1168 2917 vei-S.
1199 2880 1432 2919 addidit.—b
1450 2892 1493 2918 10
1517 2884 1637 2919 verba
1662 2894 1771 2930 seqq.
1797 2883 1903 2919 addi-

261 2939 329 2975 dit
347 2940 506 2975 P01.-c
523 2939 554 2979 ,6
574 2941 692 2976 verba
714 2951 822 2988 seqq.
842 2938 990 2976 addidit
1007 2939 1090 2976 Pol.
1111 2939 1213 2976 inter
1229 2942 1405 2978 veis-d
1419 2953 1442 2988 4
1466 2944 1587 2978 verba
1610 2954 1723 2990 seqq.
1753 2941 1903 2979 addidit

274 2999 364 3035 Pol.
387 2998 488 3034 inter
505 3007 679 3035 vers.—e
693 3007 715 3044 5
733 3001 853 3036 verba
870 3011 979 3047 seqq.
998 3011 1114 3047 supra
1132 3011 1240 3036 vers.
1263 3001 1394 3038 addita
1411 3008 1502 3038 sunt
1519 3014 1540 3038 a
1558 3002 1646 3038 libr.
1666 3001 1714 3049 (Ρ)

350 3129 361 3150 ¹
412 3129 513 3165 Vide
531 3129 651 3176 epist.
674 3140 756 3178 440,
777 3138 843 3175 441
865 3135 905 3166 et
922 3138 1007 3175 445.
