2228 3548
379 271 448 315 776
960 269 1098 305 Episr.
1126 268 1170 303 P.
1200 267 1236 302 N
1239 276 1352 303 ΑΒΜ.

331 370 516 425 aliquid,
543 383 660 425 quae
682 371 735 412 R.
763 371 816 412 P.
843 369 1049 412 visitator
1070 370 1127 412 de
1155 368 1292 412 huius
1314 367 1607 424 oenipontani
1628 367 1810 424 collegii
1832 368 1970 415 rebus

332 428 586 472 constituit.
603 429 790 472 Nullum
808 435 904 471 erat
922 427 1166 484 collegium
1184 427 1439 484 prouintiae
1451 434 1652 480 nostrae,
1666 427 1788 484 quod
1801 427 1970 474 maiore

331 488 511 544 quidem
532 487 788 530 uisitatione
807 501 859 530 ac
877 487 1211 540 reformatione,
1230 493 1326 529 tum
1343 486 1390 529 in
1403 486 1567 543 capite,
1583 493 1678 529 tum
1693 485 1739 529 in
1756 486 1971 533 membris

330 548 511 602 egebat.
539 548 695 601 Itaque
717 547 910 589 multum
932 561 1068 589 curae
1084 553 1129 590 et
1151 547 1317 590 laboris
1338 547 1487 590 bonus
1511 548 1646 589 Pater
1661 545 1896 602 impendit,
1917 551 1969 590 ut

330 605 567 649 renouatio
589 606 810 662 quaedam
835 606 972 649 totius
994 606 1175 662 collegii
1202 612 1452 662 appareret.
1485 607 1690 649 Mutatus
1711 612 1780 648 est
1801 613 1965 659 rector,

330 672 373 707 et
398 665 653 708 necessario
690 665 888 720 quidem,
915 672 965 707 ut
986 680 1074 722 ego
1103 665 1258 708 monui
1288 679 1439 720 saepe.
1466 666 1523 708 Et
1553 679 1658 708 cum
1685 664 1873 720 antiquo
1896 679 1970 708 re-

330 730 454 768 ctore
477 725 669 766 multum
693 724 863 781 negotii
887 725 989 778 fuit,
1015 724 1096 780 qui
1115 739 1252 781 aegre
1270 726 1452 769 tandem
1481 725 1686 781 placatus
1713 731 1798 777 est,
1830 731 1875 767 et
1897 739 1971 769 se-

331 783 445 825 niori
470 783 656 839 reginae
684 783 842 827 donari
873 784 1043 827 debuit.
1077 785 1112 827 F
1116 784 1209 827 axit
1243 786 1387 837 Deus,
1411 790 1462 826 vt
1483 783 1664 840 quietus
1692 783 1766 828 ille
1793 790 1974 827 maneat

330 843 377 884 in
400 857 483 885 sua
505 843 759 896 vocatione,
791 858 941 899 neque
971 845 1126 886 turbas
1148 843 1316 888 excitet
1342 858 1487 886 nouas
1514 858 1636 886 nouo
1663 842 1843 886 rectori.
1876 843 1974 888 Sub

331 916 472 957 aegro
491 902 640 957 capite
658 903 860 947 membra
877 904 1020 946 multa
1036 904 1336 959 languebant.
1363 902 1507 959 Igitur
1523 903 1742 958 quosdam
1760 916 1786 945 e
1809 901 1976 945 nostris

334 963 471 1004 Pater
493 961 580 1004 alio
609 961 746 1016 misit,
779 969 829 1005 ut
856 962 1023 1006 rectius
1051 963 1289 1014 haberent,
1321 969 1367 1006 et
1388 962 1463 1005 hic
1491 961 1577 1005 sibi
1599 961 1789 1017 aliisque
1826 961 1977 1005 minus

332 1020 736 1064 incommodarent.
779 1022 941 1065 Mutati
979 1029 1085 1065 sunt
1113 1021 1320 1065 nonnulli
1358 1028 1698 1078 praeceptoreS,
1729 1028 1774 1064 et
1812 1020 1976 1064 retenti

334 1079 516 1135 quidam
548 1096 602 1124 ex
632 1080 779 1124 missis
808 1096 952 1137 nuper
979 1082 1035 1124 ab
1057 1082 1184 1134 vrbe,
1217 1089 1267 1124 ut
1283 1083 1486 1139 Joannes
1514 1081 1679 1137 anglus
1705 1087 1752 1124 et
1773 1081 1976 1138 Jacobus

333 1139 562 1195 spirensis.
585 1142 655 1183 De
677 1140 790 1192 aliis,
811 1155 926 1196 quae
944 1142 1189 1197 prudenter
1206 1142 1278 1184 uel
1296 1148 1484 1193 mutata,
1512 1141 1585 1184 uel
1601 1139 1807 1183 instituta
1829 1141 1973 1194 fuere,

334 1213 426 1241 non
449 1213 583 1254 agam
602 1199 648 1242 in
670 1200 828 1256 spetie.
857 1203 986 1244 Bona
1008 1208 1076 1244 est
1098 1215 1202 1257 spes
1223 1202 1335 1254 fore,
1360 1207 1409 1243 vt
1430 1201 1676 1244 accedente
1693 1198 1802 1242 noui
1824 1206 1974 1243 recto—

336 1258 395 1300 ris
417 1257 669 1314 vigilantia,
690 1260 932 1315 collegium
955 1262 1042 1303 hoc
1065 1260 1192 1316 quasi
1216 1259 1495 1312 restituatur,
1515 1267 1561 1304 et
1582 1259 1639 1304 ad
1656 1257 1865 1302 amissam
1887 1259 1974 1303 So—

335 1317 512 1360 cietatis
529 1317 808 1374 disciplinam
826 1319 953 1364 breui
973 1327 1226 1363 reuocetur.
1249 1321 1356 1363 Huc
1373 1319 1634 1374 frequentes
1652 1317 1801 1362 Patris
1814 1319 1976 1362 exhor-

337 1376 531 1421 tationes
553 1384 598 1421 et
620 1377 816 1434 scriptae
839 1380 965 1435 leges
987 1380 1244 1430 conferunt,
1270 1380 1526 1434 bonamque
1548 1378 1735 1421 fratrum
1760 1378 1976 1421 uolunta-

338 1443 429 1478 tem
453 1445 671 1480 renouata
693 1437 739 1480 in
762 1439 959 1481 Domino
981 1447 1086 1482 vota
1103 1439 1387 1482 confirmant.
1417 1439 1572 1494 Quare
1587 1437 1770 1480 diuinae
1787 1435 1978 1480 bonitati

337 1495 508 1551 gratias
530 1496 727 1552 agimus,
753 1511 868 1552 quae
892 1498 989 1553 pios
1011 1497 1256 1541 visitatoris
1278 1505 1469 1541 conatus
1490 1497 1553 1541 ita
1582 1496 1735 1541 felices
1763 1495 1975 1548 reddidit,

339 1561 390 1597 ut
412 1569 578 1610 magna
601 1571 655 1599 ex
679 1563 804 1611 parte
827 1557 935 1600 huic
953 1557 1047 1613 jam
1065 1557 1262 1614 collegio
1280 1564 1570 1613 prospectum
1589 1571 1688 1601 esse
1710 1555 1975 1599 uideatur...

339 1615 462 1657 Inter
491 1614 576 1658 alia
606 1614 827 1658 iudicauit
858 1619 909 1659 P.
941 1617 1147 1661 visitator
1175 1617 1462 1673 sepeliendos
1489 1615 1620 1659 nobis
1649 1630 1750 1660 esse
1777 1621 1980 1658 mortuos

339 1674 499 1716 Patres
531 1688 584 1717 ac
615 1675 776 1718 fratres
804 1676 991 1731 perinde
1013 1691 1065 1720 ac
1094 1678 1264 1721 Romae
1291 1676 1389 1720 fieri
1410 1676 1540 1720 solet.
1573 1676 1678 1731 Qua
1705 1674 1752 1718 in
1775 1689 1822 1718 re
1844 1680 1973 1730 puta-

341 1747 444 1775 mus
466 1733 787 1776 remittendum
810 1750 908 1778 esse
930 1735 1114 1791 aliquid,
1141 1742 1207 1788 ut,
1232 1735 1368 1779 sicuti
1396 1735 1442 1778 in
1471 1733 1872 1778 constitutionibus
1894 1747 1978 1776 no-

338 1791 445 1835 stris
466 1799 535 1835 est
558 1793 819 1846 admissum,
846 1795 1085 1851 regionum
1112 1795 1320 1838 varietati
1347 1809 1430 1838 nos
1458 1794 1801 1838 accommodare
1831 1792 1976 1849 possi-

338 1865 456 1894 mus.
483 1853 587 1895 Non
609 1853 866 1897 uestiuntur
889 1856 1010 1910 apud
1039 1869 1122 1898 nos
1142 1854 1324 1906 mortui,
1355 1869 1446 1897 non
1474 1854 1743 1899 deferuntur
1766 1853 1977 1896 ardentes

339 1911 571 1965 candelae,
591 1918 637 1955 et
655 1912 732 1955 ubi
749 1927 840 1955 non
858 1921 926 1957 est
943 1915 1160 1971 templum
1178 1914 1313 1957 nobis
1328 1928 1381 1957 ac
1396 1913 1708 1957 coemiterium
1725 1911 1974 1968 proprium,

339 1969 520 2013 difficile
543 1946 600 2013 sit
628 1986 681 2015 ea
709 1979 907 2025 cantare,
940 1987 1056 2029 quae
1084 1975 1256 2018 Romae
1284 1972 1425 2016 nostri
1455 1972 1576 2015 circa
1613 1973 1829 2016 feretrum
1858 1971 1979 2027 psal—

340 2030 475 2072 lendo
498 2030 760 2086 expediunt.
802 2032 1034 2088 Quicquid
1070 2047 1180 2076 uero
1210 2034 1261 2076 P.
1298 2034 1352 2075 T.
1387 2031 1666 2088 probauerit,
1692 2045 1782 2074 non
1811 2029 1981 2087 poterit

340 2088 472 2132 nobis
495 2104 587 2132 non
609 2090 918 2146 gratissimum
943 2107 1098 2136 esse...

1078 2205 1253 2248 XXVII

846 2292 889 2328 P.
918 2292 1256 2329 LAURENTIUS
1282 2291 1485 2329 MAGIUS

618 2382 878 2413 SANcTo
931 2383 1316 2415 FRANCISCO
1368 2384 1446 2414 DE
1493 2383 1704 2422 BORJA

726 2458 1042 2513 Vindobonae,
1066 2473 1122 2504 20
1139 2459 1409 2505 Novembris
1432 2460 1543 2514 1566
1563 2461 1592 2502 ¹.

627 2548 693 2583 Ad
708 2548 901 2594 synodum
914 2550 1208 2594 provincialem
1228 2548 1422 2585 Poloniae
1439 2550 1693 2584 convocatur.

435 2625 626 2676 Perche,
652 2625 805 2681 doppo
827 2625 868 2667 le
892 2625 1046 2691 ultime
1068 2626 1173 2677 mie,
1205 2628 1265 2668 ho
1302 2625 1509 2670 riceuuto
1537 2625 1698 2668 lettere
1719 2622 1765 2665 di
1790 2621 1981 2666 Polonia

344 2684 418 2726 dal
444 2686 493 2727 P.
521 2685 557 2727 F
561 2685 801 2728 ranclsco
810 2718 820 2737 ,
845 2683 906 2726 mi
929 2699 952 2727 e
976 2700 1106 2739 parso
1133 2685 1392 2742 significare
1415 2684 1502 2727 alla
1525 2685 1578 2727 Ρ.
1606 2684 1663 2727 V.
1690 2683 1854 2726 alcuna
1875 2695 1983 2724 cosa

345 2742 392 2784 di
415 2744 579 2797 quelle.
601 2742 704 2799 Egli
726 2742 787 2785 mi
804 2743 953 2786 scriue
971 2746 1054 2786 che
1071 2759 1148 2799 per
1171 2744 1329 2788 ordine
1346 2743 1392 2786 di
1414 2744 1464 2788 S.
1490 2744 1587 2787 Sta.
1608 2741 1647 2785 si
1669 2743 1730 2786 ha
1751 2741 1795 2784 di
1821 2740 1948 2784 fare‘
1937 2755 1984 2782 m

348 2802 537 2845 Polonia
560 2817 651 2845 una
688 2802 847 2845 sinodo
879 2803 1155 2858 prouinciale
1184 2819 1210 2846 a
1238 2810 1402 2859 questo
1425 2803 1604 2869 Natale,
1629 2808 1675 2845 et
1698 2802 1785 2846 che
1806 2801 1832 2843 e
1858 2807 1984 2843 tanto

345 2861 609 2905 necessario
631 2863 705 2905 ch'
730 2862 773 2904 io
796 2861 843 2903 ui
864 2862 996 2913 uada,
1022 2869 1193 2918 quanto
1215 2863 1238 2906 ὲ
1257 2861 1516 2907 necessario
1533 2861 1563 2904 il
1581 2875 1698 2917 pane
1715 2874 1794 2916 per
1810 2860 1854 2903 la
1871 2858 1984 2912 uita,

423 2997 434 3018 ¹
484 2998 541 3032 Ex
564 2997 660 3033 Cod·
680 3007 731 3042 29
741 2996 801 3044 f),
822 3004 868 3043 59
885 2998 982 3042 (50)-

417 3055 433 3076 ²
482 3057 714 3093 Franciscus
732 3057 867 3104 Sunye
885 3056 1055 3102 (Sunier,
1078 3058 1308 3103 Sunnerius,
1330 3062 1406 3094 etc.
1427 3057 1521 3094 alibi
1538 3056 1703 3102 dictus).
