2228 3548
433 269 502 304 812
1010 266 1149 301 Episr.
1176 265 1221 300 P.
1251 265 1403 302 NADAL

382 372 508 423 dvm3
545 368 690 424 frigus
719 367 855 411 etiarn
883 366 994 409 illvd
1021 367 1319 410 vehementer
1349 367 1605 420 horrebam,
1640 366 1883 424 praecipue
1912 382 2024 413 vero

382 427 734 472 diuersoriorum
758 425 1192 477 incommoditatem,
1217 426 1274 469 de
1296 425 1462 481 quibus
1479 427 1533 469 R.
1556 428 1611 471 P.
1630 427 1922 471 Salmeronus
1939 427 2023 470 ali-

384 487 494 543 qvid
515 486 646 529 vobis
667 500 853 529 narrare
874 485 1055 541 poterit.
1080 484 1402 538 Nihilominus,
1435 485 1646 529 invocato
1676 485 1846 529 Christi
1874 485 2023 529 nomi-

385 561 459 598 ne,
500 545 605 590 dedi
640 559 714 588 me
749 543 797 586 in
833 544 975 597 viam,
1015 551 1062 589 et
1097 543 1275 600 piorum
1312 544 1545 601 precibus,
1585 544 1764 601 Deique
1797 545 2021 590 beneficio

382 604 605 661 singulari
634 604 805 647 factum
828 610 913 657 est,
937 610 1003 656 vt,
1027 617 1121 658 quo
1142 603 1325 660 longius
1346 604 1672 660 proficiscerer,
1697 619 1788 660 quo
1818 604 1960 660 plus
1948 620 2021 648 in-

387 664 727 708 commodorum
751 663 930 716 ferrem,
955 677 1010 707 eo
1031 664 1187 708 fierem
1206 663 1429 707 valentior
1451 671 1496 708 et
1518 663 1760 709 robustior.
1779 665 1918 721 Quod
1933 678 2024 722 ego

386 732 539 767 tamen
562 722 804 767 Societatis
826 729 1004 767 vestrae
1026 721 1237 779 precibus
1259 729 1304 767 et
1325 722 1562 779 sacrificijs
1583 730 1822 780 acceptvm
1852 723 2019 777 tribuo,

388 797 505 839 quae
527 797 619 825 non
640 781 773 825 video
796 795 879 825 cur
898 781 944 825 in
966 796 1067 826 mea
1088 796 1296 838 persona,
1329 796 1463 838 quam
1491 782 1538 827 in
1570 784 1623 828 P.
1658 782 1847 828 Henrici
1875 782 2025 840 magis

386 843 600 886 efficaces
622 855 722 885 esse
743 841 999 885 debuerint.
1026 841 1167 885 Aliud
1183 843 1443 898 ‘exemplum
1465 843 1656 899 profero.
1689 842 1890 899 Qvintus
1915 842 2023 895 iam,

387 902 436 945 ni
458 902 603 953 fallor,
629 915 776 944 annus
798 901 967 958 agitur,
994 915 1084 956 quo
1105 908 1331 945 venerunt
1352 903 1440 944 hvc
1462 910 1647 947 sanctae
1674 902 1916 947 Societatis
1943 915 2025 945 ve-

387 969 511 1005 strae
535 960 713 1015 fratres,
738 974 830 1016 quo
853 967 1056 1016 tempore
1077 962 1220 1004 multa
1241 961 1340 1004 loca
1364 976 1443 1017 per
1460 961 1768 1014 Germaniam,
1789 961 2025 1005 Poloniam

387 1028 436 1065 et
459 1019 688 1064 Prvssiam
710 1026 837 1076 peste
858 1021 1042 1063 fverunt
1063 1020 1245 1064 infecta.
1273 1020 1351 1065 Sic
1374 1027 1525 1065 autem
1548 1036 1682 1064 suum
1704 1021 1790 1065 iter
1810 1020 2027 1065 institue-

388 1086 508 1134 rant,
533 1087 598 1132 vt,
624 1093 714 1135 quo
736 1078 928 1135 quisque
949 1080 1077 1122 locus
1099 1078 1247 1136 magis
1267 1086 1388 1124 esset
1410 1080 1642 1136 pestilens,
1673 1080 1720 1123 in
1747 1095 1851 1124 eum
1879 1079 2025 1137 potis-

390 1139 507 1184 sime
527 1139 823 1183 diuerterent.
844 1139 1057 1183 Seruauit
1074 1139 1369 1183 nihilominus
1383 1139 1485 1183 illos
1500 1141 1643 1192 Deus,
1665 1147 1711 1184 et
1727 1155 1784 1184 ex
1799 1139 1886 1192 his,
1907 1153 2025 1196 quos

391 1198 577 1242 misistis
599 1198 656 1241 ad
678 1212 777 1251 nos,
798 1212 878 1255 per
894 1197 980 1242 Dei
997 1198 1189 1254 gratiam
1207 1199 1380 1242 nullvm
1398 1200 1544 1242 adhvc
1561 1199 1854 1256 perdidimus,
1873 1213 2025 1255 neque

392 1257 690 1325 periculosius
711 1256 948 1313 qvisquam
971 1258 1242 1314 aegrotauit,
1267 1266 1447 1314 praeter
1473 1260 1525 1303 P.
1559 1260 1745 1302 Petrum
1779 1260 1807 1311 ¹,
1843 1258 1921 1314 qui
1953 1265 2024 1301 ta-

390 1332 496 1361 men
519 1324 565 1361 et
586 1317 683 1373 ipse
704 1316 792 1360 iam
814 1317 1064 1362 conualuit.
1089 1319 1227 1362 Certe
1250 1318 1438 1361 fratrum
1460 1318 1650 1361 istorum
1673 1317 1930 1362 obedientia
1951 1332 2025 1361 sa-

393 1377 452 1420 tis
475 1375 684 1419 admirari
707 1382 752 1420 et
775 1376 1027 1420 exosculari
1048 1392 1140 1420 non
1162 1384 1325 1434 potest3
1351 1378 1431 1421 sed
1458 1377 1545 1421 ista
1577 1379 1630 1423 P.
1665 1376 1871 1432 Henrici,
1906 1377 2027 1433 qvod

392 1437 515 1479 bona
536 1435 669 1479 venia
691 1436 744 1480 P.
770 1436 827 1479 V.
854 1435 1023 1479 dictvm
1044 1451 1145 1480 esse
1168 1436 1320 1490 velim,
1346 1438 1484 1493 paulo
1506 1436 1616 1480 mihi
1631 1436 1813 1482 videtur
1829 1451 1929 1482 esse
1945 1436 2026 1480 de-

394 1495 586 1540 licatior.
613 1495 704 1540 Sed
728 1494 835 1550 qvid
856 1495 1038 1538 faciam?
1067 1496 1300 1552 Operarijs
1328 1496 1514 1541 destitui
1542 1511 1615 1540 me
1646 1497 1795 1549 video,
1829 1503 1875 1540 et
1905 1498 2028 1539 hvnc

390 1555 559 1610 ipsum,
585 1569 720 1609 quem
743 1555 894 1597 adhvc
916 1556 1083 1599 habere
1105 1571 1203 1599 svm
1226 1556 1366 1610 visus,
1392 1557 1444 1600 P.
1478 1557 1681 1611 Petrum,
1712 1557 1891 1600 auferre
1918 1554 2028 1598 mihi

393 1615 447 1659 P.
473 1613 743 1657 Franciscus
766 1620 812 1658 et
834 1614 921 1656 alio
941 1614 1121 1660 mittere
1143 1623 1349 1668 conatvr,
1375 1615 1484 1671 quin
1513 1622 1562 1659 vt
1590 1631 1695 1660 eum
1724 1615 1821 1672 ipse
1847 1628 2027 1660 mecum

397 1674 617 1716 abdvcam
645 1674 760 1725 vult,
796 1672 834 1716 si
863 1675 1093 1729 profectus
1120 1676 1178 1718 ad
1205 1689 1286 1718 vos
1313 1674 1462 1718 isthvc
1490 1676 1637 1730 fuero,
1677 1675 1752 1718 cui
1779 1675 2027 1731 parendvm

384 1732 604 1776 >fortassis
625 1731 727 1777 erit.
751 1731 896 1776 Video
919 1734 1041 1789 qvod
1061 1734 1225 1791 belgae
1247 1735 1408 1777 nolunt
1430 1735 1481 1778 P.
1509 1734 1712 1778 Henrico
1741 1748 1911 1787 carere;
1945 1733 2027 1776 sed

395 1793 566 1836 habent
587 1791 650 1834 illi
673 1793 834 1836 dvcem
856 1793 1068 1835 albanum
1091 1794 1125 1846 ²,
1156 1794 1234 1849 qui
1261 1794 1364 1849 plus
1391 1793 1599 1838 aedificat
1630 1793 1853 1846 faciendo,
1889 1807 2026 1848 quam

397 1852 452 1897 P.
478 1850 710 1896 Henricus
731 1852 1050 1907 praedicando:
1077 1853 1211 1896 talem
1239 1853 1278 1896 si
1308 1868 1391 1896 nos
1418 1854 1705 1906 haberemus,
1741 1852 1970 1909 operarios
2000 1866 2028 1895 a

395 1910 526 1954 vobis
547 1910 664 1954 mitti
686 1917 813 1954 tanto
834 1911 982 1955 stvdio
1004 1926 1098 1955 non
1119 1919 1395 1968 peteremus.
1418 1914 1518 1956 Deo
1534 1913 1774 1969 negotium
1790 1913 1877 1955 hoc
1899 1925 2027 1955 com-

396 1970 574 2013 mittam
595 1984 782 2014 necesse
804 1978 889 2014 est.
914 1972 991 2014 Ille
1012 1972 1248 2028 provideat
1269 1972 1430 2016 vineae
1456 1986 1583 2016 suae.
1614 1971 1780 2016 Mirum
1812 1977 1881 2015 est
1907 1970 2029 2027 qvod

396 2029 530 2073 haedi
552 2028 641 2073 mei
663 2036 753 2072 tarn
775 2029 921 2082 facile,
946 2045 1060 2085 quos
1082 2032 1257 2085 volunt,
1283 2031 1511 2075 ministros
1532 2031 1789 2087 acquirunt.
1813 2032 1946 2083 Nam,
1972 2029 2031 2073 ad

396 2089 522 2132 illvm
543 2089 754 2145 priorem,
780 2089 1064 2134 addvxerunt
1092 2105 1215 2134 nunc
1242 2091 1379 2135 etiam
1411 2091 1602 2134 alterurn
1633 2090 1919 2143 deteriorem,
1951 2088 2030 2145 qui

399 2163 492 2191 non
531 2163 749 2204 germana
785 2151 934 2201 modo,
975 2164 1133 2194 verum
1170 2157 1216 2194 et
1252 2152 1419 2207 polona
1446 2150 1605 2207 lingua
1631 2149 1967 2193 multitudinem
2004 2163 2031 2192 a

397 2207 584 2251 Christo
606 2206 803 2260 abdvcit,
829 2215 874 2251 et
897 2209 953 2250 ad
974 2208 1260 2254 islebiensem
1283 2209 1598 2253 antichristvm
1621 2208 1829 2253 tradvcit:
1863 2208 1928 2252 sic
1961 2208 2032 2251 fa-

398 2274 522 2309 ctvm
559 2274 644 2320 est,
683 2273 734 2309 vt
768 2240 855 2309 h’oc
891 2282 1010 2310 anno
1046 2268 1280 2324 pauciores
1308 2269 1711 2322 communicarent,
1742 2283 1876 2335 quam
1909 2280 2030 2311 anno

399 2325 648 2382 superiore.
689 2326 782 2371 Sed
817 2325 887 2368 his
924 2327 980 2370 de
1016 2327 1152 2371 rebus
1182 2335 1229 2372 et
1255 2329 1313 2371 de
1341 2328 1495 2372 multis
1523 2328 1621 2372 aliis
1649 2342 1817 2382 coram,
1840 2327 1879 2371 si
1900 2328 2030 2370 Deus

397 2386 536 2438 volet,
561 2392 662 2441 post
685 2384 855 2440 aliquot
877 2400 1054 2431 menses
1076 2401 1214 2444 agere
1234 2387 1404 2432 licebit.
1436 2389 1613 2432 Interea
1643 2388 1810 2432 Rdum.
1845 2387 2027 2430 Patrem

399 2445 676 2500 generalem,
701 2444 1031 2498 Salmeronum,
1057 2447 1281 2499 Natalem,
1314 2449 1584 2491 Torrensem
1613 2460 1795 2502 quoque
1821 2451 2028 2488 nostrum

397 2504 550 2547 verbis
585 2503 698 2548 meis
735 2503 921 2547 salutari
956 2512 1076 2560 peto;
1112 2521 1217 2549 nam
1254 2506 1588 2550 Warseuicium
1620 2505 1708 2548 iam
1745 2505 1792 2548 in
1822 2504 1942 2548 viam
1979 2517 2029 2547 se

399 2562 580 2607 dedisse
602 2570 727 2619 pvto.
753 2564 878 2607 Bene
900 2565 1048 2607 valeat
1076 2566 1129 2610 P.
1161 2567 1239 2618 V,
1273 2580 1438 2621 meque
1468 2565 1514 2608 in
1546 2564 1640 2608 suis
1672 2563 1952 2608 orationibus
1982 2569 2030 2606 et

400 2621 633 2678 sacrificijs
664 2622 1029 2666 commendatum
1070 2625 1253 2670 habeat.
1287 2626 1455 2668 Datum
1491 2639 1548 2668 ex
1584 2630 1732 2667 castro
1769 2637 1871 2667 meo
1899 2621 2033 2666 Heil-

400 2683 587 2738 spergk,
619 2694 665 2725 11
685 2679 807 2739 Jvnij
831 2696 950 2724 anno
971 2683 1155 2726 Domini
1182 2685 1310 2741 1569.
1317 2685 1336 2705 ⁰
1358 2685 1515 2731 Frater
1536 2683 1583 2725 in
1604 2682 1804 2735 Christo,

806 2740 1126 2796 STANISLAUS,
1161 2756 1449 2788 CARDINALIS
1484 2755 1794 2787 VARMIENSIS.

489 2799 735 2855 Inscriptio
756 2799 807 2841 in
829 2804 996 2855 quarta
1010 2803 1209 2859 pagina:
1230 2803 1349 2847 Rdo
1375 2802 1499 2845 Patri
1526 2803 1584 2845 D.
1615 2800 1781 2869 Joanni
1810 2800 2032 2853 Polanco,

395 2872 555 2902 sacrae
576 2857 835 2915 theologiae
855 2859 1045 2914 doctori,
1070 2868 1116 2904 et
1137 2868 1321 2905 sanctae
1336 2863 1448 2919 Jesu
1476 2860 1718 2907 Societatis
1745 2858 2032 2914 cancellario,

469 2987 478 3007 ¹
530 2988 651 3024 Phae.

465 3048 480 3068 ²
531 3046 800 3084 Ferdinandus
819 3048 987 3084 Alvarez
1005 3048 1054 3085 de
1070 3050 1236 3087 Toledo.
1258 3050 1359 3087 Vide
1377 3050 1493 3098 epist.
1513 3057 1597 3096 497,
1618 3062 1657 3087 n.
1677 3060 1715 3097 9,
1735 3054 1813 3086 etc.
