2228 3548
883 258 927 295 19
951 247 1171 287 Oc'ronms
1199 249 1293 294 1566
1636 243 1641 250 '
1791 254 1857 289 261

260 350 304 394 si
324 350 566 407 allongaua
588 350 619 393 il
641 350 819 394 camino
851 356 968 395 sette
998 350 1056 393 od
1089 357 1186 394 otto
1218 350 1376 408 miglie
1406 366 1434 395 o
1466 351 1560 409 pisi.
1588 353 1654 397 La
1685 367 1825 397 causa
1858 355 1907 398 fu

265 428 432 485 perche
452 428 482 470 l’
507 428 619 470 altra
640 428 827 471 strada²
848 442 940 471 non
961 428 987 471 e
1009 426 1236 471 ordinaria
1264 435 1406 482 tanto,
1433 436 1478 474 et
1506 430 1532 473 6
1560 430 1701 474 molto
1729 430 1906 487 perico-

265 506 362 549 losa
382 505 429 547 in
450 504 559 561 ogni
583 511 747 561 temp0,
772 511 819 549 et
840 505 978 548 molto
1000 504 1078 561 pin
1099 504 1146 548 in
1176 511 1330 562 tempo
1351 506 1396 549 di
1426 521 1592 563 guerra
1613 522 1622 561 ;
1648 514 1694 551 et
1716 506 1764 550 in
1788 521 1903 552 uero

267 581 327 625 mi
349 596 497 625 mosse
517 581 595 638 pisi
616 582 646 624 il
664 596 755 625 non
771 588 961 627 mettere
976 581 1024 625 in
1039 581 1239 638 pericolo
1262 582 1294 625 il
1318 585 1367 627 P.
1387 585 1610 638 Lorenzo,
1629 586 1714 629 che
1731 585 1901 629 ueniua

260 673 353 703 con
375 673 518 703 meco.
545 660 804 703 Andammo
825 660 1006 715 donque
1026 674 1107 716 per
1129 660 1349 704 Possonio
1371 661 1429 703 ad
1445 661 1702 714 Olomucio,
1724 668 1769 706 et
1790 663 1901 707 ben-

264 737 349 780 6116
372 742 671 779 truouauamo
693 735 819 779 molti
841 735 1003 779 soldati
1024 738 1108 780 che
1129 737 1368 780 andauano
1390 737 1476 780 alla
1498 752 1679 794 guerra,
1700 738 1842 782 niuno
1858 738 1900 782 ci

264 815 361 858 fece
382 813 652 870 dispiacere,
683 814 740 856 ne
772 814 820 856 fu
850 814 962 857 altro
990 815 1074 857 che
1105 813 1254 869 quella
1282 813 1502 858 minaccia
1528 815 1667 859 detta.
1696 815 1897 860 Truouai

257 892 394 934 ,Mtro.
421 891 699 934 Alessandro
720 891 861 934 Heler
881 892 910 943 ¹,
937 898 982 935 et
1004 893 1140 934 Mtro.
1166 891 1354 935 Stefano
1378 891 1581 935 Remelio
1599 892 1614 912 ²
1638 908 1646 935 :
1672 892 1703 934 11
1731 892 1893 948 primo,

260 967 464 1024 superior
486 968 604 1011 della
625 981 729 1011 casa
750 974 796 1010 et
817 966 1078 1020 seminario,
1103 973 1148 1010 et
1169 966 1467 1023 predicatore,
1493 975 1539 1012 et
1560 969 1720 1012 lettore
1737 968 1781 1012 di
1804 970 1894 1013 due

258 1044 444 1089 lettione
465 1044 509 1087 di
533 1043 828 1101 grammatica
847 1054 893 1088 et
914 1043 960 1086 di
990 1043 1225 1087 humanita
1246 1059 1254 1086 :
1279 1044 1312 1087 l’
1337 1044 1451 1087 altro
1478 1045 1758 1100 predicatore
1790 1061 1816 1089 a
1849 1047 1892 1090 la

252 1117 494 1164 domenica
515 1129 560 1166 et
577 1122 690 1165 feste
706 1128 752 1164 et
769 1121 972 1173 uenerdi,
991 1122 1077 1164 che
1093 1120 1131 1163 si
1149 1119 1329 1176 predica
1346 1135 1426 1176 per
1441 1120 1625 1164 indurre
1642 1137 1667 1165 a
1685 1124 1766 1166 far'
1786 1138 1889 1166 ora-

259 1197 381 1242 tione
402 1206 559 1242 contra
581 1198 745 1251 turchi,
770 1205 816 1242 et
837 1198 997 1242 lettore
1013 1211 1180 1240 ancora
1195 1196 1241 1239 di
1257 1197 1348 1242 due
1369 1197 1546 1242 lettioni
1569 1198 1718 1242 simili.
1741 1201 1888 1243 Truo—

257 1276 331 1319 uai
367 1276 502 1320 etiam
539 1277 610 1319 ch’
646 1290 724 1320 era
759 1282 930 1320 uenuto
966 1273 1099 1331 pochi
1135 1273 1282 1331 giorni
1321 1274 1476 1318 auanti
1512 1274 1542 1318 il
1579 1277 1659 1318 Dr.
1701 1278 1889 1321 Andrea

256 1353 415 1396 boemo
438 1354 452 1374 ⁵
475 1367 560 1396 con
584 1367 646 1396 un
668 1353 860 1405 fratello,
885 1351 1113 1396 Giovanni
1141 1351 1380 1396 Abstemio
1402 1352 1435 1404 ⁴,
1461 1353 1685 1408 unghero,
1710 1353 1741 1395 li
1763 1354 1883 1409 quali

251 1444 390 1475 erano
412 1429 569 1474 uenuti
591 1443 672 1486 per
693 1429 860 1474 andare
881 1443 908 1472 a
929 1429 971 1472 la
994 1443 1159 1485 guerra
1181 1442 1267 1471 con
1289 1429 1319 1471 l’
1344 1428 1560 1473 essercito
1588 1429 1634 1472 di
1658 1430 1879 1484 Morauia;

246 1513 295 1550 et
316 1507 528 1552 hauendo
549 1507 580 1549 il
600 1521 799 1551 vescouo
818 1508 832 1529 ⁵
848 1506 1068 1566 *mandato
1101 1507 1176 1548 un’
1201 1505 1315 1548 altro
1342 1505 1645 1562 predicatore,
1671 1506 1708 1549 si
1737 1514 1882 1551 resto—

218 1609 223 1610 ⁷
250 1599 361 1628 rono
383 1584 430 1628 in
453 1583 686 1629 Olomutio
713 1583 745 1627 li
771 1583 930 1637 nostri,
956 1589 1001 1627 et
1029 1582 1059 1625 il
1090 1584 1142 1626 P.
1169 1582 1355 1627 Andrea
1383 1596 1473 1626 non
1506 1589 1637 1627 staua
1659 1591 1881 1640 occupato

250 1661 297 1704 in
318 1661 504 1706 nissuna
525 1676 631 1705 cosa
652 1677 662 1705 ε
687 1662 783 1705 solo
802 1663 982 1705 haueua
1013 1659 1244 1716 predicato
1272 1660 1435 1703 alcuna
1465 1660 1589 1703 uolta
1620 1660 1667 1703 in
1699 1661 1878 1704 boemo.

246 1739 453 1784 Stauano
477 1738 582 1782 tutti
603 1739 649 1782 in
672 1753 762 1783 una
783 1753 903 1791 casa,
922 1738 953 1780 li
976 1737 1133 1791 nostri,
1153 1744 1198 1780 et
1220 1737 1248 1780 6
1270 1751 1296 1780 o
1320 1748 1345 1791 7
1368 1737 1441 1780 del
1463 1737 1725 1781 seminario:
1752 1753 1882 1782 man-

249 1816 449 1874 giauano
470 1816 659 1861 insieme
681 1815 811 1869 tutti,
837 1823 882 1859 et
909 1829 1046 1859 erano
1067 1813 1224 1858 seruiti
1246 1814 1302 1858 da
1324 1814 1538 1867 seculari,
1569 1821 1615 1857 et
1642 1815 1803 1858 dentro
1834 1815 1880 1858 di

250 1907 356 1937 casa
392 1895 631 1938 haueuano
669 1908 759 1937 una
796 1894 918 1936 scola
939 1908 947 1935 :
988 1893 1045 1934 ne
1077 1893 1316 1935 haueuano
1346 1890 1592 1947 portinaro,
1628 1893 1685 1935 ne
1721 1891 1879 1936 ordine

246 1971 377 2027 quasi
398 1970 585 2014 nissuno
611 1971 728 2015 della
750 1969 1048 2026 Compagnia.
1075 1969 1200 2011 Haec
1212 1968 1366 2026 facies
1387 1982 1560 2022 rerum,
1583 1975 1670 2013 etc.
1698 1969 1761 2012 Mi
1783 1969 1877 2012 aiu·

247 2054 353 2091 taua
375 2062 400 2090 a
421 2049 450 2090 1’
475 2047 765 2091 inclinatione
788 2046 898 2099 mia,
924 2047 1008 2089 che
1042 2047 1222 2089 haueuo
1244 2052 1495 2101 conceputa
1522 2045 1676 2088 auanti
1708 2045 1753 2087 di
1783 2060 1874 2089 non

243 2124 445 2168 riceuere
463 2124 566 2179 quel
584 2122 792 2180 collegio,
812 2123 986 2166 benche
1003 2121 1136 2178 dopoi
1153 2122 1226 2164 ch'
1246 2120 1289 2164 io
1306 2121 1432 2178 seppi
1449 2123 1534 2166 che
1550 2122 1580 2164 l'
1602 2122 1871 2177 imperatore

242 2202 422 2245 haueua
443 2200 600 2243 scritto
621 2201 662 2243 al
683 2214 819 2256 papa,
845 2206 891 2243 et
912 2201 996 2242 che
1026 2199 1073 2243 S.
1099 2198 1191 2243 SAR
1213 2199 1392 2242 haueua
1420 2199 1592 2254 parlato
1622 2199 1679 2242 de
1711 2205 1872 2253 questo

242 2277 454 2334 negocio,
480 2291 697 2334 pensauo,
722 2278 806 2320 che
827 2276 1032 2320 almanco
1059 2277 1314 2320 haueuamo
1334 2276 1391 2318 da
1413 2274 1606 2318 ritenere
1628 2274 1764 2330 quelli
1787 2276 1873 2318 che

315 2423 336 2443 a
379 2413 637 2451 Emendatum
654 2425 676 2448 a
693 2413 785 2449 libr.
809 2424 859 2448 ex
877 2412 919 2448 la
935 2412 1094 2447 strada.

317 2529 326 2548 ¹
377 2526 422 2561 In
443 2526 622 2571 catalogo
644 2522 800 2568 collegii
824 2522 1049 2558 viennensis
1072 2521 1163 2557 anni
1190 2522 1280 2567 1560
1301 2526 1529 2558 recensetur
1554 2521 1620 2556 «P.
1647 2519 1871 2556 Alexander

241 2586 389 2631 Heller,
407 2585 622 2621 austriacas
636 2582 831 2631 professor
845 2581 1063 2629 physices».
1080 2581 1195 2617 Anno
1213 2587 1343 2617 autem
1364 2581 1455 2626 1566
1468 2579 1709 2619 Olomutium
1728 2578 1869 2615 missus

236 2644 380 2680 dicitur
398 2644 437 2679 in
455 2643 629 2690 ejusdem
647 2641 804 2688 collegii
826 2641 1021 2687 catalogo.

308 2707 322 2726 ²
372 2703 465 2749 Ejus
482 2714 646 2738 examen
664 2701 754 2738 vide
771 2701 811 2736 in
829 2701 958 2748 Epist.
978 2699 1134 2746 Natal.,
1152 2700 1201 2744 II,
1224 2699 1308 2745 584.
1339 2700 1384 2736 In
1408 2699 1586 2745 catalogo
1609 2695 1766 2743 collegii
1790 2697 1868 2733 olo-

237 2762 432 2799 mucensis
447 2762 538 2798 anni
558 2762 647 2807 1567
665 2760 857 2808 reperitur
873 2760 1000 2796 officio
1018 2760 1185 2805 fungens
1202 2759 1389 2806 praefecti
1407 2759 1636 2795 studiorum.

304 2823 319 2843 ³
368 2821 544 2857 Andreas
562 2820 790 2868 Piessynus,
809 2819 919 2866 cujus
938 2829 1102 2854 examen
1119 2822 1180 2853 est
1197 2817 1296 2854 ibid.
1320 2819 1372 2865 11,
1387 2818 1474 2864 538.
1494 2818 1539 2853 In
1556 2817 1734 2861 catalogo
1749 2815 1865 2851 semi-

234 2878 332 2916 narii
359 2878 632 2922 olomucensis,
663 2879 775 2915 annis
803 2876 1004 2923 1566-1567
1028 2880 1089 2911 est
1112 2874 1333 2922 praefectus
1351 2887 1422 2912 seu
1439 2886 1600 2919 regens.
1626 2874 1670 2908 In
1687 2873 1867 2919 catalogo

232 2944 364 2975 autem
382 2937 472 2974 anni
493 2937 582 2982 1568
600 2938 700 2974 inter
717 2936 896 2973 dimissos
915 2947 936 2971 e
955 2934 1152 2971 Societate
1169 2939 1412 2971 recensetur.

307 3000 321 3020 ⁴
370 2997 464 3044 Ejus
483 3009 647 3033 examen
664 2997 754 3033 vide
772 2996 812 3032 in
830 2996 959 3043 Epist.
979 2994 1142 3036 Natal.,
1162 2994 1213 3038 II,
1232 3001 1320 3040 559.

308 3058 323 3079 ⁵
372 3055 606 3093 Guilielmus
624 3056 939 3103 Prussinowsky.
