2228 3548
903 299 948 338 27
974 293 1085 339 Jum
1114 292 1205 338 1566
1752 291 1828 328 203

228 394 274 438 d’
314 395 585 462 Alemagna,
621 395 679 439 de
709 395 752 438 la
783 393 1070 451 Compagnia
1105 393 1151 436 di
1187 393 1347 438 Giesu.
1378 394 1528 437 Manu
1556 395 1617 437 P.
1643 394 1875 452 simenez:

231 473 290 516 N.
313 474 366 516 P.
393 472 451 515 de
472 483 528 527 23
551 472 610 516 de
633 471 797 529 Luglio
821 472 948 527 1566.
975 473 1074 515 R.ta
1099 471 1352 529 Vestigium
1373 471 1537 528 sigilli.

995 583 1108 624 v118

704 662 745 698 S.
775 661 1107 699 FRAthsCUS
1133 662 1204 697 DE
1229 660 1400 708 BORJA

558 730 772 772 PATRI
815 728 1247 772 HIERONYMO
1290 728 1536 772 NADAL

787 813 951 849 ROMAE,
970 812 1015 849 27
1033 812 1136 847 JULn
1154 803 1245 849 1566
1266 806 1297 840 ¹.

221 877 256 905 1.
277 869 337 905 De
357 871 557 917 magistro
575 870 823 906 novitiorum
842 869 1100 905 Monachium
1118 869 1328 905 mittendo:
1346 870 1394 905 de
1411 869 1592 917 collegiis
1609 870 1871 912 olomucensi,

265 929 534 975 herbipolensi
550 932 587 965 et
604 930 883 976 spirensi.—2.
910 927 996 965 Cur
1013 929 1146 975 aliqui
1161 941 1209 964 ex
1222 929 1288 970 iis,
1302 929 1373 975 qui
1390 929 1520 964 Roma
1534 929 1579 964 in
1597 927 1870 965 Germaniam

267 989 536 1030 transierunt,
556 1001 638 1025 non
655 992 758 1025 recte
775 1001 814 1025 se
828 989 1044 1036 gesserint:
1062 990 1198 1034 sperat
1215 988 1439 1024 remedium
1458 999 1505 1023 ex
1529 987 1710 1023 domibus
1724 988 1874 1035 proba·

268 1048 390 1084 tionis
407 1049 779 1094 instituendiS.-3.
804 1048 866 1084 De
882 1047 1034 1083 duobus
1054 1046 1244 1094 Canisiis,
1266 1048 1388 1083 Petro
1404 1047 1606 1094 hungaro,
1627 1047 1870 1094 Halpawer,

273 1107 490 1154 Gregorio,
513 1106 704 1155 Georgio,
724 1108 849 1150 Phae,
868 1110 1042 1151 etc.—4.
1067 1107 1240 1142 Polanci
1251 1109 1342 1154 post
1363 1106 1558 1153 scriptum
1583 1106 1631 1142 de
1648 1109 1798 1142 rectore
1820 1107 1868 1142 in

275 1165 459 1203 Galliam
477 1168 735 1203 destinando.

321 1257 337 1288 Ι
349 1278 358 1287 .
428 1244 566 1287 ...Fin
585 1244 663 1299 qui
679 1245 704 1288 ὲ
722 1244 855 1300 copia
872 1243 917 1286 d’
937 1257 1028 1288 una
1040 1243 1127 1286 che
1142 1242 1181 1286 si
1197 1242 1363 1286 mando
1380 1256 1460 1298 per
1478 1241 1552 1286 uia
1568 1243 1612 1284 d'
1630 1243 1864 1299 Augusta.

224 1320 375 1377 Dopoi
397 1320 435 1364 si
456 1335 569 1364 sono
590 1320 796 1365 riceuute
817 1321 930 1364 altre
951 1318 996 1363 di
1019 1320 1077 1364 V.
1104 1321 1159 1363 R.
1184 1318 1230 1362 di
1259 1319 1287 1362 6
1314 1319 1388 1362 del
1415 1326 1625 1376 presente
1654 1319 1688 1371 ³,
1718 1333 1799 1375 per
1820 1320 1864 1363 le

222 1397 356 1453 quale
391 1396 669 1440 intendiamo
706 1399 790 1441 che
825 1396 873 1440 in
909 1398 1050 1440 breue
1086 1395 1124 1440 si
1160 1396 1341 1440 doueua
1378 1395 1544 1453 partire
1581 1396 1623 1439 la
1659 1396 1786 1439 uolta
1813 1388 1862 1439 di

222 1473 418 1526 Vienna,
454 1474 740 1530 procurando
776 1474 885 1530 pero
915 1473 961 1516 di
997 1473 1158 1517 lasciar
1193 1473 1386 1528 qualche
1422 1479 1593 1517 assetto
1620 1472 1763 1530 prima
1784 1474 1858 1517 nel

220 1550 413 1607 collegio
435 1550 480 1593 di
508 1550 711 1607 Dilinga,
738 1550 770 1593 il
798 1553 883 1596 che
912 1551 1054 1594 molto
1090 1538 1418 1594 conuerrebbe.
1458 1550 1545 1595 Del
1582 1550 1771 1594 mandar
1791 1551 1859 1593 al-

222 1641 344 1671 cuno
365 1642 446 1683 per
468 1634 637 1671 mastro
664 1628 721 1671 de
748 1627 926 1681 nouitii,
952 1627 1092 1671 molto
1122 1627 1166 1670 lo
1193 1626 1417 1679 desidero,
1441 1634 1487 1671 et
1511 1634 1638 1670 tanto
1665 1627 1759 1683 piu,
1785 1627 1859 1670 in-

223 1703 386 1747 trando
407 1703 557 1747 alcuni
577 1704 720 1747 buoni
741 1703 960 1761 soggeffl,
986 1703 1064 1760 piu
1086 1705 1170 1747 che
1192 1703 1352 1760 prima,
1378 1717 1507 1748 come
1530 1705 1588 1747 V.
1610 1705 1663 1747 R.
1689 1703 1855 1757 scriue;

225 1786 271 1825 et
291 1794 342 1824 se
361 1780 399 1824 si
425 1780 646 1837 reputassi
667 1780 697 1823 il
736 1783 787 1825 P.
829 1781 1002 1825 Xauier
1038 1782 1052 1802 ³
1090 1781 1133 1824 al
1170 1780 1416 1837 proposito,
1457 1795 1549 1824 non
1577 1780 1782 1825 lasciarei
1811 1781 1858 1824 di

225 1857 474 1910 mandarlo,
504 1864 800 1914 quantunque
830 1857 990 1902 facessi
1017 1857 1134 1901 assai
1162 1864 1477 1901 mancamento
1504 1872 1609 1913 qua,
1639 1872 1713 1901 ma
1734 1858 1859 1912 teal-

226 1941 379 1979 mente
400 1949 492 1977 non
514 1949 622 1991 pare
644 1934 675 1977 il
695 1949 780 1978 suo
802 1935 972 1979 talento
994 1940 1172 1990 questo;
1196 1933 1275 1991 pisi
1295 1941 1448 1992 presto
1469 1935 1498 1978 il
1523 1937 1573 1979 P.
1596 1935 1818 1980 Ximenez
1841 1935 1859 1955 ⁴

294 2095 305 2117 ¹
355 2095 414 2130 Ex
444 2094 672 2141 archetypo,
696 2105 718 2130 a
742 2094 969 2130 Fernandez
994 2099 1165 2139 exarato,
1190 2099 1231 2130 et
1247 2095 1412 2142 Borgiae
1430 2107 1546 2131 manu
1564 2095 1799 2142 subscripto,
1817 2095 1858 2131 in

223 2151 320 2188 Cod.
349 2161 409 2199 34,
429 2151 575 2199 duplici
598 2152 692 2198 fol.,
721 2152 787 2197 184
817 2153 892 2198 (66,
911 2144 997 2198 67).
1032 2153 1256 2190 Notandum
1285 2166 1378 2190 vero
1409 2160 1484 2201 est,
1515 2161 1606 2190 ante
1636 2154 1858 2201 epistolam,

219 2209 284 2247 die
303 2219 347 2256 27
365 2211 564 2258 scriptam,
589 2211 751 2259 reperiri
775 2213 940 2248 alterum
965 2213 1187 2260 exemplum
1211 2214 1466 2262 archetypum
1490 2213 1628 2261 prioris
1653 2214 1855 2261 epistolae,

220 2269 285 2306 die
303 2269 349 2306 23
366 2269 496 2316 datae,
521 2282 637 2318 quam
662 2271 736 2307 sub
759 2283 803 2306 n.
832 2279 903 2316 417
925 2272 1064 2307 habes.
1094 2271 1324 2309 Immediate
1348 2279 1436 2321 post
1459 2274 1525 2309 illa
1548 2274 1682 2309 verba:
1707 2283 1754 2319 23
1782 2273 1858 2309 Lu-

217 2329 306 2378 glio
325 2329 433 2374 1566,
459 2330 648 2377 sequitur,
674 2336 717 2366 ut
740 2341 868 2378 supra:
891 2331 970 2366 Fin
992 2332 1064 2377 qui
1085 2331 1105 2367 ἑ
1128 2332 1260 2379 copia.
1290 2333 1350 2369 Ae
1373 2333 1547 2380 proinde,
1572 2333 1612 2369 in
1638 2333 1711 2368 hoc
1735 2334 1862 2369 altero

221 2389 434 2436 archetypo
451 2400 660 2436 suppressa
673 2394 764 2425 sunt
781 2390 1059 2437 postscriptum
1076 2396 1117 2427 et
1135 2391 1382 2439 subscriptio,
1395 2404 1496 2440 quae
1515 2404 1629 2439 supra
1647 2391 1854 2427 edidimus.

223 2447 325 2484 Vide
349 2448 470 2495 epist.
501 2457 587 2495 411,
611 2448 674 2485 eui
697 2449 794 2485 haec
815 2449 1044 2496 respondet.
1074 2450 1253 2487 Alterum
1275 2451 1391 2498 hujus
1415 2451 1603 2499 epistolae
1634 2452 1859 2498 exemplum

223 2507 342 2543 estin
359 2508 548 2553 Regest0‚
576 2507 674 2544 Cod.
707 2518 767 2554 33,
783 2508 844 2555 f),
871 2508 911 2544 ff.
940 2513 1070 2555 159'v,
1101 2509 1182 2554 1603
1207 2509 1278 2546 sed
1301 2510 1341 2546 in
1364 2510 1431 2547 illo
1454 2510 1698 2547 desideratur
1721 2509 1863 2546 ultima

222 2577 326 2613 pars,
343 2566 510 2613 Borgiae
528 2579 644 2603 manu
669 2566 709 2603 in
738 2569 810 2603 hoc
834 2568 1014 2615 exemplo
1037 2567 1180 2616 addita,
1205 2580 1306 2617 quae
1330 2569 1480 2618 incipit:
1511 2570 1575 2605 En
1600 2570 1716 2605 breue
1740 2581 1779 2606 se
1802 2581 1864 2605 es-

220 2626 422 2662 criuira...
446 2631 486 2662 et
503 2626 649 2662 desinit
667 2626 706 2662 in
725 2626 809 2670 ipsa
834 2626 1136 2674 subscriptione.

290 2684 385 2720 Post
402 2685 501 2721 hanc
519 2685 723 2732 epistolam
741 2685 878 2721 damus
897 2686 1080 2723 schedam
1098 2698 1120 2722 a
1137 2687 1306 2724 Polanco
1331 2700 1380 2725 ex
1404 2699 1549 2725 comm.
1580 2687 1864 2735 subscriptam,

217 2747 258 2778 et
275 2743 525 2790 praecedenti
543 2745 733 2794 epistolae
751 2745 1050 2792 agglutinatam,
1068 2747 1142 2782 sub
1158 2758 1198 2782 n.
1220 2746 1287 2783 183
1303 2748 1358 2777 bin
1377 2748 1416 2784 in
1434 2747 1520 2795 ipso
1542 2747 1642 2783 Cod.
1678 2757 1738 2792 34.

288 2804 303 2824 ⁴¹
353 2803 429 2838 Eas
446 2804 568 2840 habes
587 2805 661 2840 sub
679 2816 745 2841 nn.
763 2813 849 2851 410,
868 2813 953 2850 411.

287 2861 302 2882 ³
351 2861 396 2897 P.
421 2862 592 2908 Joannes
616 2863 750 2910 Javier
775 2865 838 2900 vel
864 2864 1023 2909 Xa-vier,
1047 2864 1097 2900 de
1123 2876 1202 2913 quo
1233 2866 1330 2902 haec
1360 2867 1618 2910 SACCHINUS‚
1651 2866 1728 2902 loc.
1764 2865 1860 2907 cit„

215 2918 284 2955 lib.
303 2920 336 2966 1,
354 2931 395 2956 n.
421 2928 480 2965 54:
501 2922 570 2957 «In
587 2922 766 2969 Collegio
783 2934 953 2971 quoque,
970 2922 1038 2971 qui
1055 2923 1227 2960 nondum
1244 2924 1447 2962 biennium
1464 2924 1672 2970 religiosae
1691 2923 1859 2961 militiae

216 2977 490 3026 impleuerant,
508 2992 628 3016 vnum
646 2980 686 3017 in
702 2982 831 3018 locum
849 2982 1062 3029 segregati,
1080 2988 1120 3019 et
1138 2983 1301 3030 Joannis
1317 2984 1479 3022 Xauerii
1501 2983 1731 3030 disciplinae
1748 2994 1854 3019 com-

218 3047 375 3073 mism.»

291 3096 306 3117 ⁴
355 3094 543 3143 Didacus,
561 3097 691 3133 socius
710 3109 766 3134 sc.
794 3098 838 3134 P.
858 3098 1025 3136 Natalis.
