2228 3548
409 280 479 318 270
926 269 1064 303 Epls'r.
1092 267 1136 302 P.
1166 265 1436 312 NADAL-437

358 375 390 418 li
415 388 438 430 3
464 372 597 417 Padri
621 371 779 416 uenuti
800 371 859 414 da
881 371 1040 422 Roma,
1065 376 1110 413 et
1130 368 1206 424 viij
1231 375 1252 396 a
1280 368 1457 423 frate11i3
1483 376 1528 413 et
1549 371 1746 415 uolendo
1768 386 1795 415 a
1815 371 1856 414 la
1874 377 1994 414 mat-

361 452 455 494 tina
482 448 648 506 partire
676 446 782 491 tutti
809 462 888 504 per
917 445 1177 498 Monachio,
1207 445 1326 489 doue
1353 452 1485 490 staua
1521 448 1656 492 Mtro.
1693 447 1891 501 Canisio,
1927 447 1992 492 lui

360 528 535 584 gionse,
561 532 606 570 et
627 526 653 568 l'
677 525 791 568 altra
811 523 1000 567 mattina
1020 523 1309 566 mandammo
1332 523 1467 567 Carlo
1495 524 1662 569 Ursino
1688 526 1699 548 ¹
1721 532 1769 570 et
1797 525 1989 570 Matthia

358 606 417 649 ad
438 602 736 660 Ingolstadio,
767 615 855 645 con
883 600 1040 645 ordine
1068 602 1153 644 che
1180 607 1484 656 aspettassero
1512 602 1555 644 13
1581 602 1670 646 mia
1699 610 1884 648 uenuta.
1909 603 1986 649 Sei

359 680 538 725 mandai
555 697 581 724 a
592 680 792 736 Dilinga,
806 680 971 735 perche
989 677 1050 720 mi
1068 684 1370 734 aspettassero
1385 680 1545 723 anche:
1559 679 1727 724 ritenni
1743 694 1833 736 qua
1847 680 1880 724 il
1896 681 1988 725 fra-

359 759 465 803 tello
488 757 708 802 Giacomo
735 757 768 809 ²,
800 763 845 800 et
873 755 1054 799 mandai
1082 754 1113 798 il
1142 756 1197 799 P.
1230 754 1451 800 Ximenez
1482 771 1508 799 a
1544 756 1817 801 cominciare
1847 757 1990 802 infor-

358 835 493 879 marsi
516 842 561 878 et
582 832 818 878 instruersi
840 833 915 878 nel
937 832 1086 876 officio
1109 831 1155 875 di
1177 839 1372 878 maestro
1394 834 1450 877 de
1485 834 1644 890 nouitij
1675 849 1701 878 a
1730 833 1987 878 Monachio.

359 915 613 957 Restarono
634 910 769 954 etiam
792 910 870 967 qui
891 909 1123 955 Giouanni
1150 909 1343 967 inglese;
1366 925 1446 967 per
1473 911 1661 968 leggere
1697 911 1728 954 il
1756 926 1910 968 greco,
1947 919 1993 956 et

351 990 525 1048 Jacobo
547 988 766 1045 spirense,
791 988 1024 1044 pensando
1046 988 1130 1030 che
1157 994 1340 1044 potesse
1372 1002 1522 1032 essere
1549 995 1744 1032 maestro
1772 989 1875 1032 dell’
1904 990 1994 1032 hu-

358 1067 541 1110 manita.
568 1064 774 1109 Chiamai
794 1065 852 1107 da
875 1063 1116 1108 Monachio
1139 1071 1320 1120 quattro
1342 1065 1500 1121 nouitij
1525 1066 1595 1108 col
1616 1066 1791 1110 fratello
1819 1065 1927 1110 Vito
1956 1066 1989 1118 ³,

358 1152 405 1189 et
425 1143 457 1187 li
480 1142 659 1187 mandai
680 1142 700 1170 b
727 1156 753 1184 a
776 1143 919 1184 Roma
940 1155 1027 1184 con
1049 1143 1185 1185 Mtro.
1219 1141 1357 1195 Salio,
1382 1156 1607 1198 pragense
1629 1142 1663 1197 ⁴,
1688 1149 1733 1187 et
1755 1156 1841 1186 con
1862 1142 1894 1185 li
1917 1141 1991 1186 doi

357 1221 476 1275 altri,
507 1235 598 1263 vno
626 1225 808 1264 menato
836 1219 894 1262 da
921 1233 992 1262 me
1020 1218 1066 1261 di
1104 1220 1275 1276 Praga,
1301 1226 1347 1263 et
1383 1220 1410 1262 l'
1449 1220 1563 1264 altro
1595 1221 1653 1264 da
1681 1219 1874 1273 Vienna,
1906 1221 1990 1263 che

360 1299 495 1343 meno
522 1311 627 1342 seco
655 1297 686 1339 il
715 1297 766 1339 P.
801 1297 974 1351 Lanoy‚
1006 1295 1038 1338 il
1068 1296 1200 1351 quale
1230 1311 1378 1340 uenne
1405 1296 1436 1339 il
1464 1304 1625 1352 quarto
1652 1296 1813 1354 giorno
1841 1297 1920 1340 ch’·
1944 1296 1990 1340 io

361 1375 524 1433 gionsi.
557 1374 616 1418 Di
644 1380 804 1430 questa
834 1372 1047 1416 missione
1075 1374 1135 1416 ho
1166 1373 1323 1416 scritto
1351 1389 1431 1430 per
1467 1389 1558 1418 una
1589 1375 1748 1418 lettera
1778 1375 1863 1418 che
1894 1374 1991 1418 loro

361 1459 568 1510 portano,
594 1458 640 1494 et
661 1465 718 1494 ne
740 1449 939 1493 scriuero
961 1449 1005 1492 in
1029 1456 1190 1505 questo
1211 1452 1423 1506 pachetto
1445 1465 1534 1494 con
1556 1452 1636 1494 un’
1664 1451 1775 1495 altra
1803 1466 1828 1494 a
1865 1456 1992 1507 parte

360 1530 511 1586 quello
537 1531 622 1573 che
643 1527 688 1571 di
710 1527 787 1584 piu
811 1541 1010 1571 occorre.
1037 1526 1131 1583 Qui
1153 1527 1317 1582 Padre,
1342 1527 1379 1571 si
1408 1529 1433 1572 e
1455 1529 1568 1572 fatto
1589 1528 1619 1571 il
1641 1527 1886 1573 medesimo
1908 1529 1994 1572 che

361 1606 487 1664 negli
508 1606 609 1650 altri
631 1604 807 1661 collegij
840 1611 873 1647 c:
901 1603 998 1647 fatti
1021 1603 1250 1658 essamini,
1280 1604 1445 1648 sentite
1473 1604 1746 1650 confessioni
1771 1605 1990 1662 generali,

360 1690 408 1729 et
429 1682 624 1726 rinouati
645 1681 675 1724 li
697 1681 806 1734 voti,
839 1688 884 1725 et
912 1681 1108 1737 risposto
1145 1680 1220 1724 alli
1247 1681 1370 1737 dubij
1401 1683 1486 1725 che
1517 1697 1629 1726 sono
1661 1681 1848 1725 occorsi.
1885 1681 1935 1727 Si
1966 1682 1992 1725 ὁ

361 1767 491 1818 posto
513 1774 592 1816 per
613 1765 779 1803 rettore
801 1758 832 1800 il
855 1760 907 1801 P.
934 1759 1107 1814 Lanoy‚
1133 1764 1179 1803 et
1194 1759 1546 1815 pretendendosi
1561 1759 1618 1802 de
1639 1758 1891 1802 introdurlo
1908 1774 1991 1802 an—

358 1852 467 1881 cora
488 1838 587 1880 solo
610 1837 871 1880 confessore
892 1835 1008 1879 delle
1032 1848 1056 1890 3
1081 1849 1272 1892 persone
1294 1837 1326 1888 ⁵,
1352 1835 1506 1879 auanti
1527 1835 1573 1878 di
1594 1837 1741 1892 parlar
1761 1836 1807 1879 di
1827 1842 1990 1891 questo

360 1930 388 1958 3
410 1914 613 1967 nissuno,
639 1911 700 1955 mi
721 1913 957 1968 parlarono
978 1911 1023 1955 di
1046 1912 1107 1955 tal
1129 1913 1262 1956 modo
1279 1918 1324 1956 et
1345 1912 1376 1955 il
1392 1913 1735 1970 maggiordomo
1751 1911 1989 1969 maggiore

361 1990 408 2034 di
429 1991 553 2034 dette
573 1989 593 2017 ‘¹
614 2003 805 2046 persone
826 1996 844 2016 θ
873 1989 929 2031 (13
952 1995 1078 2045 parte
1099 1989 1196 2033 loro
1218 1990 1491 2033 claramente
1511 1997 1557 2034 et
1578 2004 1677 2043 sua,
1697 1997 1743 2034 et
1765 1989 1989 2033 cancella-

362 2068 429 2112 rio
466 2068 584 2112 dello
621 2073 754 2119 stato,
795 2072 840 2108 et
876 2066 907 2108 il
936 2067 1007 2110 Sr.
1039 2067 1170 2111 Sotto
1199 2066 1215 2094 f
1246 2066 1398 2120 etiam,
1428 2081 1557 2111 come
1585 2069 1621 2110 s’
1651 2066 1898 2129 intendeua
1934 2067 1992 2110 (13

361 2151 490 2201 parte
515 2145 611 2187 loro
639 2150 684 2188 et
712 2148 809 2195 sua,
835 2144 919 2185 che
946 2143 1006 2185 mi
1028 2142 1292 2187 determinai
1319 2157 1405 2187 con
1428 2143 1617 2188 consilio
1645 2143 1690 2187 di
1723 2143 1871 2200 questi
1901 2145 1993 2187 Pa—

359 2221 447 2275 dri,
471 2222 557 2265 che
577 2235 669 2263 non
690 2234 766 2263 era
793 2219 1111 2275 conueniente,
1136 2234 1307 2277 urgere
1341 2220 1647 2264 uehementius
1675 2221 1824 2277 quello
1846 2235 1992 2278 nego—

361 2299 448 2352 cio;
475 2305 519 2342 et
540 2297 634 2340 cosi
656 2297 704 2339 fu
732 2296 774 2339 13
800 2296 1090 2341 conclusione
1117 2304 1271 2340 nostra
1297 2299 1383 2342 che
1412 2297 1492 2340 iog
1513 2297 1693 2341 andassi
1721 2313 1747 2341 3
1768 2297 1941 2354 parlare
1962 2312 1988 2341 a

359 2376 403 2419 13
425 2375 566 2432 prima
583 2375 617 2428 ⁶,
641 2380 686 2417 et
715 2373 758 2415 le
789 2372 951 2416 dicessi
983 2373 1287 2419 chiaramente
1308 2375 1394 2419 che
1419 2376 1673 2419 haueuamo
1697 2380 1886 2431 pensato
1921 2374 1991 2418 sar

432 2535 454 2556 a
490 2525 749 2563 Emendatum
766 2536 789 2560 a
806 2525 860 2560 N.
883 2536 931 2560 ex
949 2525 1093 2572 vij.—b
1107 2534 1130 2571 7
1148 2528 1269 2564 verba
1286 2538 1394 2575 seqq.
1414 2526 1562 2563 addidit
1579 2527 1671 2563 libr.
1694 2526 1734 2563 in
1752 2535 1943 2573 marg.—-c
1962 2536 1984 2562 2

362 2588 483 2623 verba
500 2597 612 2633 seqq.
636 2583 784 2620 addidit
801 2583 888 2620 libr.
908 2596 1023 2631 supra
1036 2597 1143 2621 vers.
1158 2606 1187 2611 -—
1198 2586 1219 2614 d
1234 2587 1446 2634 Archetyp.
1462 2587 1580 2622 habet
1597 2587 1660 2621 dx
1680 2585 1784 2633 quod
1800 2586 1988 2634 interpre-

362 2646 434 2682 tati
459 2656 593 2682 sumus
616 2645 718 2680 detta
741 2642 804 2679 hic
834 2648 874 2679 et
903 2643 1088 2680 alias.-e
1105 2646 1127 2680 6
1146 2646 1266 2681 verba
1283 2657 1395 2693 seqq.
1420 2645 1460 2681 in
1478 2657 1602 2692 marg.
1626 2645 1774 2681 addidit
1791 2645 1946 2682 libr.—f
1966 2658 1990 2693 9

362 2706 483 2742 verba
500 2716 608 2752 seqq.
628 2714 741 2750 supra
760 2714 867 2739 vers·
892 2703 1039 2740 addidit
1057 2704 1228 2741 libr.-g
1264 2704 1449 2752 Sequitur
1466 2705 1498 2741 li
1512 2705 1775 2742 obliteratum.

437 2845 448 2865 ¹
497 2843 559 2878 De
576 2842 648 2877 hoc
666 2839 784 2876 fratre
801 2839 857 2876 cf.
881 2839 1146 2884 SACCHINUM,
1166 2843 1242 2878 loe.
1260 2841 1352 2888 cit.,
1371 2841 1442 2878 lib.
1468 2842 1557 2889 VII,
1576 2854 1615 2878 n.
1638 2851 1697 2888 19.

433 2904 447 2924 2
499 2902 668 2947 Jacobus
685 2899 916 2946 genuensis.
940 2899 1039 2935 Vide
1059 2901 1173 2947 epist.
1193 2909 1277 2946 425.

433 2961 448 2982 ⁵
498 2960 613 2996 Vitus
631 2959 765 2995 Liner.
790 2958 890 2993 Vide
908 2958 992 3005 ejus
1011 2971 1175 2996 examen
1194 2961 1234 2996 in
1253 2961 1386 3008 Epist.
1409 2961 1574 3005 Natal.‚
1591 2961 1642 3008 11,
1663 2960 1751 3007 589.

435 3021 451 3041 ⁴
500 3019 702 3054 Nicolaus.
725 3016 820 3063 Ejus
837 3028 1002 3053 examen
1020 3023 1081 3054 est
1098 3019 1218 3066 ibid.,
1236 3031 1325 3066 pag.
1345 3019 1432 3065 576.

434 3079 450 3100 ⁵
499 3077 673 3123 Reginae
691 3087 751 3113 sc.
773 3075 876 3111 filiae
891 3077 1124 3113 Ferdinandi
1142 3079 1159 3113 I
1176 3079 1362 3115 caesaris.
1580 3078 1596 3100 ⁶
1644 3078 1892 3125 Magdalena.
