2228 3548
374 273 442 310 104
884 260 1024 295 prsr.
1053 259 1097 294 P.
1126 247 1403 302 NADAL—384

315 380 341 409 e
362 367 446 410 che
463 363 647 421 possino
670 362 923 406 andarsene
944 374 1032 404 con
1060 359 1103 403 13
1126 358 1294 404 familia
1323 365 1370 404 et
1394 358 1595 403 uendere
1615 356 1646 400 li
1672 356 1795 411 beni,
1820 355 1851 399 il
1872 357 1959 399 che

315 441 634 499 specialmente
670 440 696 483 e
718 439 763 482 in
799 438 956 482 fauore
987 437 1044 481 de
1073 435 1304 489 catholici,
1340 435 1371 478 11
1398 433 1521 491 quali
1552 448 1690 478 erano
1718 432 1901 477 sforzati
1929 447 1956 476 a

315 526 433 562 stare
451 518 518 560 fra
539 517 569 559 li
586 515 791 568 heretici,
813 521 860 559 et
881 512 1097 570 patiuano
1114 513 1461 570 grandemente,
1480 518 1527 556 et
1542 518 1733 556 stauano
1750 511 1796 554 in
1811 525 1953 568 gran-

314 595 497 639 dissimo
519 576 734 650 *pericolo.
768 594 826 636 Et
847 605 928 648 per
961 596 1124 646 questo
1152 603 1245 633 non
1273 589 1311 633 si
1332 591 1391 634 (13
1426 589 1693 646 simpliciter
1720 589 1764 632 la
1790 587 1952 633 liberta

315 672 431 717 della
447 670 686 728 religione,
706 669 921 713 massime
941 666 1048 711 nelli
1073 667 1233 725 luoghi
1255 666 1362 711 delli
1382 665 1574 724 principi
1594 665 1820 720 catholici,
1839 667 1897 710 ne
1913 665 1952 710 si

314 750 417 792 leua
438 749 480 791 13
502 749 679 804 potesta
696 747 754 790 de
777 744 943 803 questi,
968 744 1014 788 di
1043 745 1259 789 mandare
1281 746 1332 788 in
1353 745 1544 788 exilium
1565 743 1719 800 quelli,
1738 744 1818 800 qui
1838 743 1952 801 defi-

311 826 436 868 ciunt
451 825 522 867 uel
539 824 792 882 defecerint
808 838 837 865 α
855 821 1082 878 religione
1104 821 1337 875 catholica,
1354 836 1484 866 come
1505 821 1591 865 ela
1606 820 1798 877 prattica
1817 820 1955 879 dapoi

315 903 402 945 che
424 902 467 944 13
490 915 603 957 pace
625 901 650 944 ἑ
673 900 799 944 satta.

406 991 423 1022 1
436 991 452 1022 1
464 977 498 1021 .⁰
560 978 595 1021 Il
623 991 640 1021 1
654 978 713 1021 Ι.ο
736 977 924 1021 articolo
942 979 1033 1035 puo
1053 991 1214 1034 parere
1231 978 1317 1021 0116
1335 975 1495 1034 tenghi
1511 977 1707 1020 alchuna
1721 975 1951 1029 difficolta,

311 1055 502 1100 dicendo
523 1055 663 1111 (quod
679 1056 721 1098 si
738 1056 844 1098 talis
858 1055 1122 1112 pacificatio
1138 1058 1179 1098 et
1200 1054 1442 1098 concordia
1457 1059 1545 1111 per
1567 1054 1691 1097 viam
1715 1053 1954 1111 generalis

312 1132 492 1188 coneilij
520 1147 615 1175 non
645 1135 1016 1189 consequeretur)
1048 1131 1372 1189 specialmente
1399 1130 1522 1188 dipoi
1558 1131 1676 1176 della
1711 1131 1953 1175 confirma-

313 1209 433 1253 tione
461 1210 535 1254 del
567 1208 759 1253 concilio
788 1208 1052 1264 tridentino,
1084 1208 1214 1266 quasi
1241 1210 1327 1253 che
1353 1223 1447 1252 non
1468 1208 1535 1252 sia
1557 1209 1669 1252 satta
1699 1208 1753 1251 de
1781 1209 1883 1252 iure
1909 1208 1953 1252 13

312 1286 569 1339 0011001(113,
595 1293 640 1330 61
662 1291 815 1330 tamen
836 1301 945 1343 pare
966 1301 1059 1330 non
1081 1287 1232 1330 essere
1253 1285 1366 1340 cosi,
1385 1286 1553 1342 perche
1570 1286 1674 1342 quel
1690 1287 1952 1342 (conseque—

314 1366 464 1420 retur)
487 1364 533 1406 in
556 1364 772 1409 thedesco
794 1378 887 1408 non
915 1379 1037 1422 nega
1074 1365 1188 1408 altro
1226 1378 1392 1408 senon
1416 1364 1602 1422 factum
1634 1364 1718 1417 rei,
1740 1378 1832 1406 non
1862 1363 1952 1417 ius,

313 1454 441 1484 come
462 1440 499 1484 51
521 1441 639 1485 uede
660 1441 969 1485 chiaramente
984 1456 1066 1498 per
1083 1441 1124 1486 le
1142 1441 1298 1498 parole
1313 1440 1360 1484 di
1377 1447 1540 1496 questo
1557 1439 1759 1484 articolo.
1781 1441 1838 1484 Et
1854 1440 1951 1484 cosi

315 1519 341 1561 e
364 1518 628 1570 realmente,
654 1519 822 1575 perche
844 1519 901 1563 de
923 1518 1045 1562 facto
1082 1533 1177 1562 non
1198 1519 1224 1562 6
1247 1518 1477 1575 seguitata
1500 1518 1543 1561 13
1563 1532 1675 1574 pace
1699 1525 1745 1563 et
1761 1531 1954 1561 concor-

316 1594 389 1638 dia
412 1596 529 1639 nella
553 1595 773 1652 religione
800 1610 881 1652 per
907 1595 940 1639 il
967 1595 1159 1640 concilio
1187 1594 1448 1648 tridentino,
1479 1595 1814 1652 perseuerando
1835 1595 1955 1639 nella

316 1671 593 1715 obstination
615 1687 699 1716 sua
719 1672 751 1715 li
774 1672 1060 1729 protestanti.

405 1750 498 1792 12.⁰
560 1750 647 1794 Nel
681 1749 775 1794 12.⁰
804 1749 843 1793 51
872 1750 997 1806 parla
1025 1750 1143 1794 delle
1175 1749 1285 1794 citta
1312 1749 1454 1794 libere
1482 1756 1529 1793 et
1556 1748 1797 1805 imperiali,
1832 1750 1951 1795 nelle

307 1825 430 1881 quali
451 1826 522 1869 all’
547 1828 659 1870 hora
681 1826 793 1884 (0106
815 1827 920 1871 nell’
947 1842 1066 1870 anno
1095 1827 1221 1883 1555)
1245 1841 1383 1872 erano
1404 1827 1448 1870 13
1466 1826 1688 1883 religione
1720 1826 1948 1871 catholica

308 1907 354 1945 et
374 1902 404 1945 l’
429 1903 540 1947 altra
556 1903 631 1960 gia
654 1905 703 1946 in
725 1918 813 1946 usu
829 1919 909 1961 per
932 1904 1100 1948 alchun
1122 1910 1292 1961 tempo,
1318 1905 1404 1948 0116
1431 1904 1655 1948 ambedue
1677 1903 1795 1960 parti
1813 1904 1881 1947 fra
1901 1903 1947 1946 di

309 1994 360 2024 se
381 1980 600 2036 tenghino
622 1981 665 2024 13
685 1995 813 2037 pace.
846 1982 903 2024 Et
925 1988 1087 2038 questo
1108 1982 1167 2026 (13
1186 1982 1327 2026 molto
1349 1981 1473 2025 aiuto
1504 1980 1578 2025 alli
1606 1979 1834 2034 catholici,
1861 1982 1948 2026 che

309 2057 572 2100 trouandosi
594 2058 661 2101 fra
683 2058 857 2115 grande
894 2059 1185 2103 moltitudine
1213 2059 1271 2103 de
1287 2058 1581 2116 ,protestanti,
1614 2073 1743 2102 come
1772 2058 1820 2102 in
1848 2059 1950 2102 Au-

311 2141 460 2189 gusta,
487 2149 686 2190 possono
716 2138 873 2179 restar’
905 2135 952 2179 in
983 2151 1066 2180 sua
1097 2136 1319 2193 religione
1348 2142 1680 2181 securamente.
1714 2137 1771 2179 Et
1800 2135 1951 2191 quello

309 2211 394 2253 che
409 2210 447 2253 si
462 2211 561 2254 dice
578 2212 756 2262 (debent
765 2213 954 2268 posthac
971 2215 1036 2257 ita
1053 2217 1262 2270 manere)
1277 2216 1314 2258 s'
1335 2213 1537 2267 intende,
1558 2228 1687 2259 come
1704 2215 1740 2257 s'
1761 2214 1786 2257 6
1803 2213 1946 2266 (16110,

307 2288 395 2331 0116
414 2301 506 2330 11011
528 2288 740 2332 debbono
762 2290 815 2332 de
829 2290 974 2348 facto,
997 2298 1118 2335 sotto
1139 2292 1182 2336 le
1207 2306 1324 2348 pene
1354 2291 1429 2336 del
1451 2305 1646 2345 recesso,
1679 2304 1948 2347 oppugnare

311 2363 448 2419 quelli
471 2365 589 2408 della
612 2366 836 2409 contraria
859 2374 1002 2423 parte,
1028 2370 1085 2412 116
1103 2383 1256 2414 essere
1277 2367 1546 2426 oppugnati.

402 2441 518 2484 Nelli
541 2442 642 2485 altri
665 2443 839 2486 articoli
862 2446 946 2488 che
975 2453 1156 2489 restano
1179 2461 1271 2490 non
1299 2447 1372 2490 c'e
1393 2446 1508 2489 altro
1530 2447 1615 2489 che
1636 2446 1679 2489 la
1699 2445 1944 2497 confirma-

312 2516 433 2560 tione
454 2518 571 2562 della
593 2534 704 2575 pace
725 2527 826 2564 soto
848 2521 891 2564 la
913 2536 1027 2578 pena
1049 2530 1136 2566 610.
1159 2525 1245 2567 0116
1267 2523 1304 2567 51
1321 2523 1437 2567 (1106.

400 2595 527 2638 Η360
545 2611 570 2639 3
586 2596 717 2640 nobis
734 2597 855 2641 dicta
867 2598 972 2652 sint,
986 2606 1031 2643 et
1048 2600 1254 2644 subiecta
1270 2607 1534 2645 reuerenter
1550 2599 1718 2643 iudicio
1736 2600 1783 2644 S.
1807 2600 1863 2642 D.
1881 2599 1940 2643 N.

312 2676 358 2713 et
379 2679 562 2716 sanctae
584 2673 704 2716 sedis
726 2675 1014 2730 apostolicae,
1040 2677 1334 2733 omniumque
1362 2676 1531 2722 rectius
1558 2675 1852 2720 sententium.

313 2746 639 2793 HIERONYMUS
671 2752 903 2796 NATALIS.
942 2754 1137 2799 PETRUs
1168 2741 1418 2799 CANisms.
1444 2757 1662 2813 JAcossth
1691 2755 1942 2798 LEDESMA.
