2228 3548
377 257 447 303 556
895 257 1036 292 EPIST.
1063 255 1108 291 P.
1138 255 1290 292 NADAL
1297 239 1338 282 .‘
1341 266 1411 302 507

326 358 425 400 loro
447 356 478 399 il
502 359 554 400 P.
581 356 772 409 Xauier‚
797 362 1005 412 portator
1025 356 1145 399 della
1168 363 1406 412 presente3
1433 371 1527 402 non
1549 359 1718 415 perche
1740 360 1785 402 13
1807 359 1981 404 misura

324 448 408 486 sua
430 433 490 476 mi
512 433 684 489 paressi
708 434 875 489 quella,
901 432 1096 476 essendo
1120 432 1229 475 tutti
1246 434 1388 476 molto
1410 434 1638 478 sodisfatti
1654 437 1772 480 della
1794 436 1915 481 virtu
1933 445 1980 481 et

326 511 497 554 talento
519 523 620 562 suo,
647 516 692 553 et
715 510 834 553 della
857 509 1032 553 charita
1055 523 1145 553 con
1169 510 1259 553 che
1281 512 1470 555 attende
1487 512 1546 554 ad
1563 512 1796 569 aggiutar'
1820 514 1852 557 li
1868 529 1977 570 pro-

326 586 434 629 ximi
459 586 577 630 nelle
601 586 897 639 confessioni,
924 593 971 631 et
992 586 1319 643 predicationi,
1351 594 1398 632 et
1429 588 1547 633 altre
1566 603 1704 645 opere
1724 591 1799 635 del
1819 599 1976 635 nostro

325 662 536 706 instituto
560 678 568 717 ;
595 678 668 706 ma
690 664 862 720 perche
894 663 997 706 altri
1030 663 1067 707 si
1099 664 1444 708 contentassino
1471 665 1529 710 de
1558 666 1619 709 tal
1647 667 1806 722 grado,
1831 682 1858 711 a
1879 669 1975 712 loro

326 741 683 798 proportionato,
709 742 921 786 vedendo
944 742 1019 786 nel
1040 755 1125 805 suo
1147 756 1339 786 numero
1367 741 1400 785 il
1429 744 1483 786 P.
1509 742 1700 787 Xauier.
1727 744 1803 788 Ma
1830 758 1978 801 quan-

331 826 505 874 tunque
525 818 591 862 lui
621 833 700 875 per
732 833 815 862 sua
846 818 1055 862 humilita
1088 818 1127 862 si
1159 826 1377 864 contenta
1408 820 1466 863 de
1499 820 1803 877 qualsiuoglia
1833 823 1981 878 grado

329 896 492 940 dentro
514 896 633 940 della
655 895 958 953 Compagnia,
983 895 1029 939 io
1052 910 1144 939 non
1176 902 1299 940 resto
1329 897 1571 941 sodisfatto
1599 899 1688 942 che
1715 898 1780 942 lui
1801 898 1848 941 vi
1869 899 1982 943 resti

330 972 378 1016 in
401 980 578 1029 questo;
604 973 705 1017 anzi
728 973 1065 1018 discostandosi
1094 974 1258 1018 adesso
1287 974 1345 1018 de
1374 975 1519 1018 Roma
1534 1008 1544 1028 ‚
1569 982 1616 1018 et
1638 976 1906 1019 trouandosi
1937 976 1985 1020 in

330 1065 484 1107 paese,
510 1051 630 1096 doue
653 1066 790 1095 sanza
826 1052 908 1095 dar
936 1051 1177 1096 occasione
1205 1052 1263 1095 ad
1292 1051 1394 1096 altri
1429 1052 1488 1095 de
1515 1053 1823 1109 perturbarsi,
1848 1068 2008 1110 possa-

331 1141 458 1171 esser
474 1129 682 1172 admesso
700 1144 727 1172 a
747 1128 1048 1185 professione,
1068 1128 1132 1171 mi
1148 1129 1172 1172 ὲ
1189 1143 1324 1185 parso
1346 1129 1537 1174 scriuer'
1558 1137 1720 1185 questa
1738 1145 1764 1174 a
1781 1132 1838 1175 V.
1860 1132 1915 1174 R.
1937 1137 1984 1174 et

330 1206 378 1248 in
414 1219 498 1248 sua
534 1206 732 1250 absenza
769 1206 811 1249 al
850 1206 997 1249 Padre
1036 1205 1315 1262 prouinciale
1352 1205 1457 1251 dell'
1487 1206 1676 1251 inferior
1712 1207 1978 1260 Germania,

330 1284 457 1327 accio
471 1289 492 1310 ²
513 1282 557 1326 10
581 1282 668 1327 faci
689 1283 911 1340 professo,
937 1290 982 1326 et
1010 1285 1047 1326 s'
1067 1282 1436 1327 essaminandolo
1464 1283 1502 1326 si
1525 1284 1708 1328 trouera
1730 1283 1983 1328 mediocre-

333 1370 488 1406 mente
510 1359 785 1412 sufficiente,
806 1367 980 1415 quanto
1000 1360 1088 1404 alle
1103 1360 1280 1413 lettere,
1301 1360 1339 1404 si
1356 1361 1444 1405 ben
1463 1361 1664 1417 qualche
1681 1375 1799 1418 poco
1815 1362 1874 1406 de
1890 1361 1984 1405 dis-

333 1438 600 1495 pensatione
623 1436 733 1480 fossi
754 1437 1032 1490 necessaria,
1050 1436 1168 1480 facia
1185 1437 1469 1494 professione
1485 1438 1544 1482 de
1566 1451 1595 1492 4
1610 1437 1722 1491 voti,
1743 1439 1887 1483 chela
1904 1453 1987 1482 sua

332 1516 473 1559 molta
494 1514 616 1557 virtu
643 1521 690 1557 et
710 1515 830 1557 bone
859 1513 1029 1569 qualita
1061 1528 1141 1570 per
1174 1513 1459 1558 seruirbDio
1481 1516 1539 1559 N.
1567 1515 1617 1560 S.
1643 1522 1690 1559 et
1717 1516 1761 1559 la
1787 1516 1988 1572 Compa—

334 1592 444 1649 gnia
466 1593 508 1635 13
530 1591 769 1635 meritano.
798 1592 859 1635 Se
882 1590 918 1633 si
938 1591 1133 1634 trouassi
1162 1591 1282 1635 nelle
1312 1591 1474 1636 lettere
1506 1598 1635 1635 tanto
1666 1592 1879 1636 inferiore
1902 1593 1989 1636 alla

337 1669 508 1713 misura
530 1667 803 1720 necessaria,
830 1669 916 1711 che
939 1683 1076 1711 sanza
1097 1667 1341 1712 manifesto
1366 1668 1653 1726 pregiudicio
1678 1669 1795 1713 delle
1817 1668 1988 1713 consti-

336 1745 505 1789 tutioni
527 1760 620 1788 non
644 1744 814 1802 potessi
836 1746 905 1787 far
927 1744 1208 1801 professione
1230 1746 1288 1789 de
1309 1757 1337 1800 4
1358 1745 1472 1798 voti,
1498 1745 1661 1789 faciala
1682 1746 1739 1789 de
1762 1752 1830 1790 tre
1846 1746 1987 1789 alme-

335 1836 413 1876 no,
439 1823 604 1879 perche
627 1836 756 1866 come
779 1837 859 1878 per
882 1829 1044 1877 questa
1065 1836 1158 1865 non
1179 1821 1226 1865 vi
1248 1822 1272 1866 ὲ
1295 1822 1437 1866 dubio
1462 1823 1627 1866 aleuno
1650 1824 1738 1867 che
1760 1823 1803 1866 la
1818 1822 1983 1877 meriti,
2012 1819 2015 1822 ’

335 1900 431 1943 cosi
453 1899 496 1943 io
519 1899 581 1942 mi
604 1906 771 1942 truouo
793 1899 1011 1942 inclinato
1034 1913 1059 1942 a
1081 1900 1170 1944 che
1191 1900 1235 1942 13
1258 1899 1375 1943 facia
1395 1900 1454 1943 de
1475 1912 1519 1953 4,
1552 1914 1601 1943 se
1633 1914 1771 1944 sanza
1803 1907 1988 1944 contra-

334 1975 480 2022 uenir’
504 1975 577 2020 all'
599 1975 811 2019 instituto
834 1983 991 2019 nostro
1013 1975 1050 2019 si
1072 1976 1219 2032 potra.
1247 1977 1351 2020 Non
1376 1977 1402 2020 e
1430 1983 1594 2032 questa
1621 1991 1703 2032 per
1731 1977 1847 2020 altro
1873 1977 1988 2021 effe-

334 2061 426 2107 cto;
451 2060 498 2098 et
521 2053 616 2097 cosi
640 2053 891 2097 solamente
920 2053 981 2095 mi
1010 2060 1132 2098 resta
1164 2053 1559 2097 raccomandarmi
1587 2053 1728 2096 molto
1755 2053 1861 2098 nell’
1887 2068 1990 2097 ora-

336 2131 451 2175 tioni
472 2138 517 2174 et
541 2130 736 2174 sacrifici
757 2131 815 2174 de
839 2132 896 2174 V.
924 2132 978 2174 R.
1005 2138 1093 2174 etc.
1120 2132 1192 2176 De
1215 2132 1378 2184 Roma,
1406 2144 1463 2186 30
1485 2131 1543 2175 de
1565 2131 1751 2176 Genaro
1780 2131 1908 2186 1568.

424 2207 648 2251 Aduierta
670 2208 729 2251 V.
755 2208 827 2259 R„
847 2221 954 2262 que,
979 2221 1038 2250 en
1060 2221 1166 2251 caso
1189 2221 1279 2263 que
1303 2208 1409 2264 algo
1431 2208 1475 2252 le
1492 2208 1601 2252 salte
1623 2208 1680 2251 de
1697 2208 1763 2251 133
1779 2208 1934 2260 letras,
1953 2207 1991 2251 si

335 2284 458 2328 tiene
479 2284 659 2341 aptitud
681 2298 789 2340 para
811 2285 1018 2328 alcansar
1039 2284 1353 2328 mediocridad
1375 2283 1650 2328 estudiando
1678 2285 1735 2328 de
1764 2288 1935 2340 porlsi‚
1959 2299 1991 2341 y

334 2361 697 2406 ordenandoselo
720 2374 810 2416 que
832 2361 875 2404 10
897 2363 1018 2417 haga
1040 2376 1098 2406 en
1121 2376 1176 2405 su
1200 2361 1370 2418 tiempo
1392 2376 1423 2417 y
1444 2362 1596 2418 lugar,
1615 2376 1665 2405 se
1680 2362 1823 2418 podra
1840 2361 1991 2418 quitar

335 2439 379 2481 la
402 2437 673 2481 difficultad.
700 2439 741 2480 Y
764 2441 854 2480 assi
876 2439 1047 2481 bueluo
1069 2444 1087 2466 e
1117 2441 1143 2481 a
1164 2438 1304 2491 dezir,
1330 2452 1420 2494 que
1436 2453 1496 2494 yo
1519 2452 1594 2483 me
1614 2437 1799 2490 inclino,
1823 2437 1990 2482 viendo

335 2529 392 2559 su
421 2514 577 2558 virtud
606 2530 635 2570 y
665 2529 755 2558 avn
785 2514 827 2557 el
857 2515 1031 2558 talento
1058 2516 1133 2560 del
1160 2515 1388 2572 predicar,
1419 2519 1446 2558 a
1474 2514 1543 2558 103
1570 2527 1599 2568 4
1630 2521 1788 2568 votos,
1822 2515 1875 2557 in
1907 2528 1991 2557 no—

336 2593 462 2635 mine
483 2592 696 2634 Domini.
726 2591 784 2634 D.
813 2591 870 2634 V.
898 2592 953 2635 R.
980 2591 1133 2636 sieruo
1154 2606 1214 2636 en
1235 2593 1340 2646 X.⁰,

1451 2669 1746 2712 FRANCISCO.

427 2745 675 2801 Inscripiio
697 2745 749 2788 in
772 2748 939 2800 quarta
955 2746 1163 2803 pagina:
1180 2745 1211 2803 †
1227 2745 1289 2789 Al
1304 2745 1446 2788 molto
1468 2745 1586 2788 Rdo.
1612 2744 1660 2787 in
1681 2745 1802 2800 Xp0.
1824 2743 1988 2796 Padre,

335 2821 368 2863 il
391 2822 444 2865 P.
472 2823 530 2865 D.
558 2821 829 2866 Hieronimo
850 2823 1003 2875 Natal,
1028 2822 1236 2866 visitator
1265 2822 1384 2866 nelle
1413 2820 1645 2878 prouintie
1666 2821 1710 2864 d'
1731 2821 1991 2877 Alemagna

408 3010 429 3030 ι
467 3003 553 3039 Hoc
572 3005 684 3040 verb.
705 3004 899 3040 Polancus
918 3003 1069 3040 addidit
1087 3016 1205 3052 supra
1229 3004 1407 3041 vers.—b
1429 3003 1618 3051 Sequitur
1640 3015 1668 3040 a
1692 3002 1944 3039 obliteratum
1966 3012 1989 3037 a

337 3060 522 3103 Polanco,
544 3068 586 3098 ut
605 3063 846 3100 videtur.-c
894 3063 1083 3111 Archet.,
1102 3063 1242 3100 buluo.

2211 454 2228 519 1

2179 552 2228 732 ἐ

2200 887 2203 890 ’
2216 888 2228 921 ⁹!

2218 935 2228 978 ⁴.
