2228 3548
393 279 461 315 242
537 262 546 275 f
903 268 1041 302 EPIST.
1069 266 1113 300 P.
1142 264 1438 311 Narnia-433.

341 373 496 416 ordine
518 370 633 414 della
663 367 961 425 Compagnia,
987 374 1032 411 et
1054 366 1148 410 cosi
1170 367 1207 409 s’
1233 373 1530 411 acostumano
1551 382 1578 412 a
1609 368 1784 424 grande
1815 367 1978 412 liberta

341 447 477 504 quelli
500 449 584 490 che
606 453 737 489 stano
758 446 815 489 la.
848 446 899 487 In
926 443 1113 500 Dilinga
1143 443 1169 486 e
1200 443 1243 486 13
1275 443 1523 488 medesima
1558 444 1870 490 osseruatione
1900 445 1975 490 del

339 524 563 568 cardinale
585 530 630 567 et
651 523 724 567 del
747 521 1001 578 conseglio;
1027 527 1153 565 tante
1174 520 1463 576 occupationi
1483 528 1530 565 et
1551 521 1722 565 assonti
1742 523 1827 568 che
1855 524 1972 566 han—

341 617 415 653 no3
441 608 484 644 et
506 600 551 643 in
573 599 680 642 tutti
701 599 732 642 il
754 613 867 655 poco
890 599 1098 655 guberno
1119 599 1204 640 che
1227 596 1268 640 ci
1296 598 1321 641 e
1350 604 1484 651 staro,
1520 599 1840 656 specialmente
1871 600 1965 655 qui,

339 685 385 721 et
406 678 449 720 in
472 677 767 734 Ingolstadio,
792 683 837 720 et
867 675 1124 728 Monachio,
1159 681 1205 719 et
1234 673 1370 719 etiam
1402 674 1449 718 in
1480 674 1667 733 Dilinga
1697 676 1852 720 auanti
1883 679 1970 721 che

339 770 504 799 venese
525 754 555 796 il
580 756 631 797 P.
659 752 942 798 Theodorico
975 754 1001 796 ¹.
1029 751 1123 808 Qui
1145 766 1195 795 sa
1217 753 1274 796 V.
1302 753 1356 795 Ρ.
1382 753 1500 797 bene
1520 753 1564 797 la
1594 767 1785 809 persona
1811 752 1857 797 di
1889 756 1967 798 D.:

339 832 386 874 in
408 831 684 888 Ingolstadio
700 827 837 874 ‘tanta
859 829 1109 873 mutatione
1131 829 1177 872 di
1199 829 1373 882 rettori,
1399 836 1445 873 et
1472 830 1733 874 finalmente
1764 845 1856 874 vno
1887 833 1972 876 che

340 908 455 952 saria
470 910 622 952 buono
646 908 722 964 piu
744 923 824 964 per
846 907 1051 950 ministro
1073 913 1119 950 et
1141 921 1235 950 non
1257 908 1317 950 ha
1338 906 1566 951 authorita
1586 908 1600 929 ²
1626 914 1714 952 etc.
1739 914 1761 936 ²
1787 915 1833 952 et
1852 909 1896 952 la
1917 908 1973 951 li-

339 987 467 1030 berta
488 985 592 1028 delli
615 985 758 1029 nostri
780 983 966 1036 dottori,
992 984 1185 1028 essendo
1212 990 1340 1040 parte
1366 984 1485 1028 della
1511 983 1760 1029 vniuersita
1788 991 1896 1030 etc.:
1928 992 1974 1030 et

339 1062 385 1105 in
408 1062 649 1107 Monachio
670 1062 701 1104 il
726 1063 777 1105 P.
812 1062 955 1105 Paulo
986 1063 1000 1083 ³
1033 1075 1211 1117 sempre
1242 1062 1477 1117 aspirabat
1504 1061 1792 1105 uehementer
1823 1077 1849 1105 a
1879 1077 1971 1106 non

339 1142 478 1184 esser'
510 1146 693 1192 rettore,
725 1148 770 1184 et
798 1154 889 1182 non
917 1140 954 1182 s’
986 1138 1236 1195 applicaua‚
1273 1145 1318 1183 et
1349 1138 1395 1182 in
1426 1138 1532 1182 tutti
1559 1138 1589 1182 li
1622 1138 1799 1196 collegij
1835 1139 1970 1184 etiam

340 1224 464 1260 tanta
487 1216 736 1261 mutatione
758 1218 813 1260 de
835 1216 1000 1269 lettori,
1026 1215 1103 1272 poi
1131 1214 1267 1260 etiam
1299 1215 1525 1260 mandarsi
1554 1230 1746 1272 persone
1778 1223 1966 1270 tentate,

340 1309 367 1337 o
389 1293 434 1337 di
456 1308 568 1350 poco
590 1284 748 1350 spiritu
756 1309 765 1348 3
790 1301 834 1337 et
857 1294 992 1337 credo
1014 1294 1099 1336 che
1121 1293 1146 1336 e
1167 1307 1256 1336 vna
1278 1307 1393 1349 gran
1415 1307 1552 1337 causa
1574 1308 1666 1336 non
1694 1295 1833 1338 esser'
1864 1293 1970 1337 stati

340 1371 386 1413 in
409 1371 676 1426 probatione
698 1372 739 1413 13
761 1371 983 1427 maggior’
1009 1378 1136 1426 parte
1157 1371 1214 1414 de
1236 1370 1373 1425 quelli
1396 1371 1481 1415 che
1512 1385 1629 1414 sono
1663 1385 1767 1427 qua,
1804 1377 1850 1415 et
1878 1386 1970 1415 non

341 1447 522 1492 hauersi
545 1448 818 1492 essercitado
840 1449 944 1492 nell’
969 1447 1173 1492 oratione
1194 1462 1324 1492 come
1346 1446 1382 1490 si
1405 1454 1623 1504 puoteua3
1650 1454 1696 1492 et
1717 1462 1830 1491 sono
1857 1449 1971 1492 altre

340 1539 492 1576 cause,
518 1540 590 1567 ma
613 1526 760 1580 quella
782 1540 873 1567 non
894 1524 1083 1568 lasciaro
1105 1523 1151 1568 di
1172 1523 1284 1577 dire,
1317 1526 1403 1569 che
1424 1523 1485 1567 mi
1508 1539 1616 1580 pare
1643 1539 1669 1568 a
1701 1538 1774 1569 me
1801 1524 1969 1581 princi-

341 1602 456 1657 pale,
482 1603 567 1645 che
588 1601 736 1644 insino
758 1617 846 1657 qua
867 1602 897 1644 il
919 1601 1194 1658 prouinciale
1212 1616 1303 1644 non
1319 1603 1377 1644 ha
1399 1601 1597 1654 visitato,
1618 1602 1811 1646 essendo
1833 1615 1973 1645 occu-

342 1685 445 1734 pato
468 1678 513 1720 in
537 1679 649 1721 altro
671 1679 687 1699 ‘²
711 1686 818 1732 ete.‚
845 1687 888 1723 et
910 1679 1231 1735 specialmente
1257 1679 1470 1722 hauendo
1498 1680 1612 1722 satta
1649 1686 1774 1722 tanta
1806 1679 1972 1724 absen-

342 1755 419 1807 tia,
446 1754 588 1811 prima
610 1769 689 1811 per
710 1756 751 1798 la
774 1755 1144 1812 congregatione,
1169 1754 1289 1812 dipoi
1317 1770 1396 1812 per
1417 1756 1460 1799 la
1480 1755 1708 1808 missione,
1733 1758 1819 1800 che
1842 1755 1971 1811 quasi

341 1831 387 1873 in
410 1833 514 1888 quel
536 1839 686 1888 tempo
709 1832 997 1876 declinorono
1018 1833 1158 1876 molto
1178 1833 1220 1876 le
1242 1846 1348 1877 cose
1369 1831 1415 1875 di
1443 1838 1603 1888 questa
1630 1832 1880 1888 prouincia.
1914 1834 1970 1875 Et

342 1909 550 1952 uenendo
570 1908 644 1951 alli
669 1908 935 1964 particolari,
961 1909 1007 1951 in
1031 1917 1181 1966 tempo
1203 1910 1260 1953 de
1288 1911 1426 1953 Mtro.
1459 1908 1678 1964 Dionysio
1712 1910 1726 1931 ⁵
1760 1908 1797 1951 si
1828 1908 1970 1966 piglio

341 1985 501 2040 grand’
528 1985 765 2029 occasione
786 1985 831 2027 in
853 1986 1052 2042 Dilinga,
1078 1993 1124 2030 et
1145 1987 1218 2029 all’
1243 1987 1355 2029 hora
1384 1985 1422 2029 si
1459 1999 1650 2042 corrupe
1687 1986 1900 2030 Conrado
1933 1988 1967 2039 ⁶,

340 2063 516 2105 benche
539 2062 599 2104 mi
621 2061 783 2105 dicono
807 2062 941 2117 quelli
963 2065 1048 2107 che
1070 2064 1113 2107 lo
1136 2077 1445 2121 cognoscono,
1469 2069 1516 2106 et
1538 2077 1651 2106 sono
1671 2062 1777 2106 stati
1798 2077 1885 2106 con
1907 2062 1972 2106 lui

341 2138 387 2181 in
410 2140 567 2192 Roma,
594 2141 678 2183 che
701 2154 877 2195 sempre
898 2140 991 2183 vise
1014 2141 1055 2183 13
1078 2140 1288 2184 simulato
1320 2146 1365 2185 et
1391 2139 1436 2183 di
1465 2140 1583 2183 mala
1617 2146 1756 2192 sorte,
1796 2146 1843 2183 et
1873 2143 1969 2196 par’

411 2270 432 2290 a
485 2272 522 2298 11
545 2264 666 2298 verba
683 2274 791 2310 seqq.
813 2263 851 2298 in
870 2275 991 2310 marg.
1010 2265 1159 2301 addidit
1176 2264 1268 2301 libr.

414 2366 423 2385 ¹
475 2363 675 2399 Canisius.

408 2424 422 2444 ²
472 2422 616 2458 Rector
638 2421 952 2468 ingolstadiensis
977 2430 1059 2460 erat
1083 2425 1132 2461 P.
1161 2424 1350 2461 Martinus
1367 2423 1628 2470 ⁸Leibenstain
1653 2423 1764 2469 (alias
1790 2424 1969 2460 Leuben-

339 2482 467 2526 stain),
489 2481 588 2516 Vide
607 2493 696 2528 pag.
726 2481 807 2527 167,
832 2491 962 2518 annot.
988 2493 1023 2520 2.
1050 2484 1158 2519 Idem
1182 2484 1231 2519 de
1251 2486 1324 2520 hoc
1348 2484 1462 2519 Patre
1477 2483 1668 2530 judicavit
1692 2483 1739 2518 P.
1770 2482 1965 2520 Canisius.

338 2540 438 2575 Vide
457 2539 541 2586 ejus
560 2540 745 2587 epistolas
763 2550 808 2585 25
828 2541 920 2586 Julii
943 2543 1046 2589 1566,
1066 2548 1105 2578 et
1126 2543 1168 2578 18
1187 2543 1430 2591 Septembris
1451 2543 1540 2588 1567
1558 2542 1686 2578 datas.

411 2601 424 2620 ⁵
474 2600 675 2635 Hoffaeus.

410 2661 424 2680 ²*
473 2660 520 2695 B.
547 2659 685 2694 Petrus
704 2658 898 2703 Canisius,
916 2660 981 2707 qui
998 2661 1155 2707 quidem
1173 2661 1213 2697 in
1237 2661 1402 2708 epistola
1427 2660 1491 2696 die
1514 2661 1536 2696 6
1561 2660 1656 2707 Julii
1684 2660 1775 2704 1566
1802 2659 1968 2706 Borgiae

336 2717 427 2752 dita
444 2717 551 2753 dolet
567 2717 643 2753 sibi
660 2716 906 2764 provincialis
932 2730 1070 2755 munus
1087 2720 1339 2756 commissum
1356 2719 1479 2756 fuisse
1496 2719 1611 2755 simul
1630 2730 1719 2755 cum
1738 2718 1865 2755 officio
1879 2730 1970 2755 con·

335 2776 515 2811 cionandi
534 2776 573 2811 in
590 2775 803 2812 cathedrali
821 2784 1049 2823 augustana,
1069 2779 1186 2824 unde,
1204 2780 1410 2827 quominus
1435 2778 1601 2824 collegia
1625 2779 1823 2825 lustraret,
1848 2778 1971 2825 impe-

336 2834 535 2872 diebatur.
558 2835 659 2870 Vide
677 2835 848 2882 append.
873 2837 947 2872 XI.

407 2895 421 2916 ⁵
470 2894 664 2930 Henricus
682 2893 908 2940 DionysiuS‚
927 2897 993 2942 qui
1011 2908 1111 2933 anno
1133 2899 1223 2944 1564
1240 2903 1366 2934 rector
1385 2902 1425 2933 et
1442 2908 1575 2934 sacrae
1600 2896 1822 2944 theologiae
1846 2888 1971 2932 lector

333 2952 521 2998 dilingani
539 2953 696 2999 collegii
712 2953 956 2990 renuntiatus
975 2955 1066 2992 fuit.
1091 2958 1285 3004 HANSEN‚
1305 2959 1381 2993 loc.
1405 2956 1498 3003 cit.,
1517 2968 1612 3004 pag.
1634 2954 1722 3002 493.
1753 2955 1815 2992 Cf.
1846 2955 1972 2992 AGRI·

335 3020 491 3056 cOLAM,
511 3012 583 3048 loc.
604 3012 697 3058 cit.,
717 3013 747 3054 1,
768 3013 871 3048 Dec.
896 3013 966 3059 III,
986 3026 1027 3050 n.
1057 3014 1143 3052 130.

409 3072 423 3092 ὓ
472 3070 714 3116 Swagerius‚
