2228 3548
819 292 823 295 ’
849 306 894 344 27
920 298 1092 334 Annus
1120 297 1212 344 1566
1388 326 1391 329 .
1754 297 1797 334 81

206 410 253 448 et
274 401 424 459 quelle
445 402 531 445 che
552 399 629 457 gia
650 400 765 444 altra
785 400 912 444 uolta
934 402 994 443 ho
1010 400 1154 454 detto,
1173 399 1288 455 cioe,
1309 414 1402 444 una
1417 399 1464 444 di
1486 414 1620 445 mano
1636 401 1694 445 de
1711 401 1768 445 V.
1793 402 1846 445 Ρ.

209 479 315 525 delli
338 490 393 523 22
416 477 462 521 di
484 478 699 532 Febraro,
725 485 771 523 et
792 478 884 522 due
905 478 1034 530 altre,
1056 492 1146 521 una
1162 477 1269 521 delli
1285 490 1328 531 2,
1347 484 1394 521 et
1409 478 1440 521 l'
1459 478 1573 523 altra
1589 493 1670 535 per
1685 477 1852 523 comis-

212 557 340 602 sione
366 555 473 600 delli
499 570 528 614 9
557 554 604 598 di
633 557 805 608 Marzo,
835 555 923 600 alle
949 554 1074 611 quali
1100 554 1139 599 si
1166 556 1192 600 e
1219 555 1415 612 risposto
1447 557 1457 578 ¹
1488 562 1572 600 ete.
1604 557 1791 612 Quanto
1827 571 1855 600 a

214 634 365 691 quella
385 633 444 677 de
465 645 539 691 29,
563 634 622 676 ho
644 632 816 676 intesso
838 634 924 676 che
946 647 1038 676 non
1059 634 1097 677 s'
1122 634 1182 676 ha
1202 633 1260 676 da
1282 634 1364 676 far'
1390 634 1552 677 offerta
1567 635 1639 677 all’
1658 634 1854 691 impera-

216 718 316 756 tore
337 718 446 764 εἴα,
471 724 522 754 se
542 724 632 753 non
656 709 882 754 attender'
906 709 993 753 alla
1020 709 1111 754 mia
1132 709 1283 763 uisita‚
1314 709 1346 753 il
1373 711 1459 754 che
1485 711 1581 754 faro
1603 725 1689 755 con
1711 712 1754 755 la
1784 711 1856 755 di-

215 789 323 833 uina
350 787 498 846 gratia
523 788 554 831 ².
584 787 673 831 Gia
700 787 732 830 il
760 789 814 831 Ρ.
848 789 956 831 M.r⁰
990 788 1186 832 Hermes
1208 788 1234 831 e
1257 787 1352 843 qui,
1385 795 1432 832 et
1458 789 1484 832 e
1514 796 1686 833 uenuto
1715 789 1856 833 molto

214 881 240 910 a
256 865 510 924 proposito,
532 879 609 922 per
626 865 658 907 1’
677 863 977 921 occupatione
999 864 1256 908 necessaria
1277 866 1363 910 che
1384 866 1410 908 ἑ
1432 873 1604 909 uenuta
1625 866 1667 909 al
1690 867 1744 910 P.
1763 866 1856 910 Ca·-

214 942 347 998 nisio,
372 957 501 986 come
523 941 622 985 diro
650 940 800 998 dapoi‚
833 940 880 984 in
906 941 982 985 cui
1008 941 1109 985 loco
1137 941 1211 985 nel
1239 954 1375 984 nome
1402 941 1476 986 del
1504 941 1701 1000 Signore
1728 942 1858 987 inco-

215 1019 432 1063 minciara
453 1019 485 1062 il
508 1021 565 1062 P.
598 1019 793 1064 Hermes
814 1032 841 1061 a
861 1017 1081 1074 predicar’
1112 1017 1323 1062 domane.

309 1110 351 1152 3.
417 1097 494 1140 Ho
517 1097 642 1140 detto
663 1095 752 1139 alla
778 1095 855 1141 S.⁸
876 1093 959 1139 D.a
981 1094 1125 1140 Maria
1146 1095 1203 1138 de
1224 1095 1438 1139 Cardona
1458 1098 1545 1142 che
1566 1098 1624 1141 V.
1647 1098 1700 1140 P.
1721 1097 1859 1141 lascia

221 1174 262 1223 al
287 1175 344 1218 P.
376 1174 583 1218 Lorenzo
605 1172 653 1216 in
670 1171 865 1225 Vienna,
885 1178 931 1217 et
947 1186 1040 1216 non
1056 1170 1215 1215 dubita
1231 1174 1317 1217 che
1333 1172 1392 1215 da
1407 1180 1570 1228 questo
1586 1188 1636 1219 se
1652 1176 1698 1217 n'
1722 1174 1860 1218 habbi

222 1266 249 1295 a
286 1251 504 1308 rallegrar
539 1250 683 1293 molto
718 1249 748 1292 l’
789 1248 1089 1305 imperatrice,
1129 1249 1173 1292 la
1194 1249 1329 1304 quale
1356 1264 1434 1294 era
1461 1251 1591 1294 fuora
1620 1265 1681 1294 un
1704 1251 1862 1309 miglio

224 1329 269 1371 d’
295 1328 513 1385 Augusta
533 1340 620 1370 con
640 1326 671 1369 l’
696 1325 970 1382 imperatore
993 1326 1025 1368 ⁵.

312 1417 355 1460 4.
422 1403 487 1448 Mi
513 1410 645 1448 sento
673 1403 907 1447 consolato
939 1403 1014 1448 nel
1042 1402 1242 1460 Signore
1269 1405 1355 1447 che
1387 1403 1493 1447 abbi
1525 1419 1658 1461 parso
1690 1406 1806 1450 bene
1838 1421 1864 1450 a

226 1483 284 1527 V.
314 1483 365 1526 Ρ.
388 1480 419 1524 il
440 1480 634 1538 disegno
656 1480 730 1525 del
754 1482 806 1524 Ρ.
833 1481 1006 1537 Lanoy;
1032 1487 1078 1524 et
1099 1487 1270 1536 quanto
1293 1480 1372 1537 pisi
1392 1480 1431 1524 si
1456 1495 1513 1526 ua
1535 1481 1702 1535 inanzi,
1735 1491 1861 1527 tanto

227 1558 290 1602 mi
311 1572 420 1616 pare
440 1557 520 1615 pin
541 1557 814 1612 necessario,
839 1571 970 1602 come
990 1556 1192 1601 scriuero
1213 1557 1349 1615 dapoi
1366 1558 1399 1602 ⁴.

317 1646 358 1692 5.
423 1635 511 1679 Nel
532 1634 725 1692 disegno
747 1636 834 1679 che
855 1635 916 1679 V.
951 1637 1003 1678 P.
1030 1634 1091 1677 mi
1112 1634 1213 1680 dice
1234 1635 1280 1678 di
1303 1637 1598 1694 Brunsperga
1615 1643 1661 1682 et
1680 1638 1862 1692 Plozca,

226 1727 320 1757 non
341 1726 476 1770 posso
497 1711 732 1769 giudieare
751 1725 859 1756 cosa
885 1711 1097 1766 alchuna,
1129 1710 1371 1768 percioche
1401 1727 1493 1757 non
1521 1715 1580 1757 ho
1608 1715 1767 1759 lettera
1795 1716 1862 1759 ni-

228 1805 344 1834 suna
365 1789 411 1833 di
433 1789 582 1846 quelle
603 1788 770 1843 bande,
795 1795 840 1834 et
862 1789 921 1832 V.
950 1790 1002 1832 Ρ.
1027 1789 1126 1831 solo
1147 1787 1208 1831 mi
1229 1789 1288 1832 da
1304 1790 1622 1835 commissione
1643 1793 1729 1837 che
1745 1792 1867 1849 dipoi

229 1867 276 1910 d’
299 1868 457 1911 hauer'
482 1865 610 1909 udito
631 1865 662 1908 il
686 1867 738 1910 P.
764 1865 946 1919 Sunier,
971 1864 1175 1923 giudichi
1196 1879 1247 1910 se
1267 1868 1304 1910 s'
1329 1867 1388 1910 ha
1409 1868 1467 1911 de
1483 1871 1646 1912 mutar’
1671 1870 1868 1914 alchuna

231 1958 359 1997 cosa,
389 1944 432 1988 al
459 1943 593 2000 quale
620 1942 837 1996 scriuero,
869 1944 931 1985 m’
962 1942 1077 1987 auisi
1105 1943 1179 1987 del
1205 1950 1324 1987 stato
1352 1945 1470 1990 delle
1505 1959 1626 2000 cose3
1667 1962 1739 1991 ma
1775 1962 1867 1992 non

230 2022 366 2066 credo
387 2021 550 2078 puotro
570 2021 730 2064 hauer'
754 2019 957 2077 giudicio
985 2019 1132 2064 insino
1162 2021 1250 2064 alla
1274 2022 1519 2078 presentia,
1550 2037 1679 2068 come
1708 2026 1766 2069 V.
1800 2027 1858 2069 P.

229 2097 291 2142 mi
317 2098 529 2155 significa
559 2099 590 2141 ³.
622 2097 750 2141 Iddio
778 2104 934 2141 nostro
963 2096 1161 2154 Signore
1198 2098 1273 2142 dia
1308 2099 1458 2156 gratia
1494 2101 1568 2144 all'
1607 2101 1753 2145 amico
1795 2103 1868 2146 del

231 2177 283 2220 P.
311 2174 571 2232 Rodriguez
588 2176 622 2227 ⁶,
642 2174 688 2217 di
707 2175 801 2218 fare
819 2174 970 2230 quello
992 2176 1078 2218 che
1098 2174 1137 2218 si
1158 2189 1292 2231 spera
1311 2176 1370 2220 da
1390 2177 1454 2220 lui
1479 2180 1510 2231 ⁷,
1535 2185 1582 2222 et
1598 2179 1641 2222 al
1658 2179 1835 2223 fratello
1851 2181 1867 2202 ⁸

230 2253 289 2297 de
314 2254 531 2308 Montoya
553 2252 586 2303 ⁹,
612 2252 697 2295 che
719 2265 811 2294 non
833 2250 1114 2307 impedischi‚
1139 2258 1227 2295 etc.
1257 2259 1295 2296 ⁸.

323 2330 366 2373 6.
432 2330 618 2385 Quanto
640 2328 726 2371 alla
748 2328 956 2384 postdata
977 2328 1153 2372 inclusa
1170 2328 1218 2372 in
1240 2330 1390 2387 quella
1405 2331 1462 2375 de
1485 2343 1558 2389 29,
1579 2347 1670 2376 non
1687 2333 1725 2376 si
1741 2349 1870 2378 man-

236 2407 407 2453 darano
428 2406 590 2450 lettere
606 2420 687 2461 per
702 2405 746 2448 la
764 2403 837 2448 uia
853 2405 910 2449 de
932 2404 1142 2459 Venetia,
1162 2407 1248 2451 che
1268 2421 1361 2451 non
1382 2407 1624 2465 importino
1646 2411 1800 2463 molto,
1825 2418 1873 2455 et

238 2484 431 2527 durante
452 2483 496 2526 la
515 2482 638 2526 dieta
659 2496 751 2525 non
772 2481 810 2525 si
832 2482 1126 2535 mandaranO,
1146 2497 1195 2527 se
1212 2497 1304 2527 non
1323 2498 1406 2541 per
1421 2485 1495 2529 via
1510 2486 1584 2531 del
1600 2487 1799 2531 cardinal
1815 2489 1872 2532 de

309 2602 331 2623 a
360 2595 470 2630 Haec
487 2599 579 2630 nota
595 2596 672 2631 etc.
695 2593 846 2629 Natalis
864 2604 981 2629 manu
999 2592 1130 2629 addita
1147 2599 1226 2630 est.

309 2698 320 2718 ¹
371 2694 521 2733 Omnes
549 2696 623 2731 hae
652 2695 807 2731 litterae
834 2705 950 2742 supra
980 2693 1109 2730 editae
1139 2700 1232 2731 sunt
1260 2697 1334 2732 sub
1359 2709 1430 2734 nn.
1460 2697 1544 2743 353,
1570 2698 1655 2746 354,
1679 2699 1764 2753 358,
1789 2700 1875 2749 366,

184 2777 187 2779 -
296 2753 318 2790 3
376 2782 384 2790 .

237 2761 278 2791 et
308 2763 475 2849 274Vide
493 2813 614 2860 epist.
636 2813 721 2858 366,
741 2825 785 2849 n.
813 2822 845 2848 1.
1063 2813 1078 2833 ³
1127 2812 1229 2849 Vide
1247 2814 1362 2861 epist.
1380 2814 1464 2861 359,
1483 2829 1526 2853 n.
1554 2826 1586 2862 13
1606 2823 1646 2853 et
1663 2817 1746 2867 366,
1764 2832 1803 2857 n.
1830 2820 1870 2857 3.

309 2874 325 2895 ⁴
374 2872 441 2909 Cf.
460 2873 581 2919 epist.
605 2871 690 2918 380,
709 2884 752 2909 n.
777 2881 816 2917 5.
1064 2872 1079 2894 ⁵
1129 2872 1230 2908 Vide
1248 2873 1367 2920 epist.
1391 2874 1478 2922 366,
1496 2888 1562 2912 nn.
1583 2887 1605 2921 4
1623 2882 1664 2913 et
1681 2886 1717 2923 5.

310 2933 325 2954 ⁶
376 2930 420 2967 Id
438 2936 514 2977 est,
532 2943 684 2967 summo
702 2930 896 2978 pontifici.
920 2929 1021 2965 Vide
1039 2930 1160 2977 epist.
1185 2930 1270 2976 353,
1288 2943 1378 2970 cum
1396 2941 1535 2970 annot.

311 2993 324 3013 ⁷
376 2990 440 3026 Sc.
460 2989 637 3026 fundatio
654 2990 812 3037 collegii
830 2989 993 3026 romani.
1069 2991 1084 3012 ⁸
1134 2989 1352 3039 Philippus,
1371 3005 1440 3029 rex
1459 2993 1692 3041 Hispaniae.

228 3048 232 3053 ⁴
314 3050 330 3072 ⁹
380 3050 531 3096 Joanna
553 3049 603 3085 de
627 3049 801 3096 Austria,
820 3060 929 3085 soror
945 3048 1051 3095 regis
1069 3048 1255 3097 Philippi.
1279 3050 1381 3087 Vide
1399 3052 1530 3100 Epist.
1549 3054 1705 3096 Natal„
1724 3056 1777 3103 ΙΙ,
1794 3055 1879 3103 324,

247 3114 381 3145 annot.
402 3107 442 3144 3.

391 3173 508 3202 Emsr.
531 3173 573 3202 P.
596 3172 732 3210 NAmx„
752 3180 831 3202 rou.
854 3172 915 3202 111.
1724 3178 1741 3206 6
