2228 3548
926 267 972 306 29
997 259 1191 295 Auous‘rr
1218 266 1310 305 1575
1820 257 1894 305 697

292 358 481 404 dientia,
507 358 565 402 In
582 373 756 416 genere
776 359 852 403 doi
867 374 978 405 cose
997 359 1147 405 vorrei
1167 367 1323 404 tratar:
1347 376 1454 414 vna,
1479 368 1638 407 contra
1659 359 1865 413 heretici,
1888 373 1942 404 se

297 451 432 495 posso
459 437 528 480 far
555 436 726 493 alguna
753 451 874 481 cosa.
906 438 959 481 L'
984 437 1099 481 altra
1124 437 1229 480 finir
1255 439 1299 483 le
1327 437 1632 483 exhortationi
1652 439 1663 459 ²
1693 444 1740 482 et
1767 436 1943 481 scriuer

297 514 492 570 qualche
519 527 628 557 cosa
655 515 741 558 che
766 528 900 571 possa
926 514 1127 571 agiuttar
1154 515 1327 572 alguno
1354 516 1474 560 nella
1501 514 1801 572 Compagnia.
1833 515 1941 559 Alle

297 591 374 636 doi
395 605 500 634 cose
521 591 584 634 ho
603 590 870 635 inclination
891 598 937 636 et
958 591 1125 645 animo,
1149 606 1224 636 ma
1250 591 1455 636 dificulta
1482 592 1530 636 in
1552 599 1670 637 tutte
1697 591 1773 635 doi
1792 606 1876 649 per
1896 592 1942 636 la

294 670 387 722 eta,
412 668 492 711 hoc
512 671 589 722 est,
613 669 670 726 69
691 668 800 712 anni
822 668 1066 712 comincati
1086 676 1249 725 questo
1270 683 1394 714 mese
1410 670 1444 723 ³,
1465 676 1511 715 et
1532 684 1614 726 per
1635 669 1679 714 le
1694 668 1939 726 indisposi-

295 745 424 798 tioni,
458 746 502 789 le
533 745 658 802 quali
684 746 861 790 benche
891 761 985 790 non
1015 745 1144 790 siano
1175 753 1302 791 tante
1329 761 1458 790 come
1488 746 1536 789 in
1567 746 1716 798 Italia,
1741 760 1815 789 ma
1842 760 1938 790 non

296 837 535 866 mancano.
561 824 618 866 Et
638 837 719 880 per
739 830 898 867 contra
919 822 984 880 gli
1006 822 1196 868 heretici
1222 825 1284 867 ho
1312 823 1492 880 propria
1519 823 1745 876 dificulta,
1769 825 1938 880 perche

288 901 443 944 .veddo
479 902 564 944 che
600 914 693 943 non
731 899 793 943 mi
829 914 1024 957 possano
1061 900 1171 945 dare
1206 900 1254 943 in
1294 907 1456 956 questa
1491 899 1727 957 prouincia
1762 899 1838 943 chi
1874 899 1938 943 mi

292 977 475 1035 agiutti:
501 983 547 1022 et
568 976 616 1021 in
638 977 767 1023 venir
787 977 959 1034 alguno
979 977 1024 1020 d'
1048 976 1177 1020 Italia
1192 976 1230 1020 si
1247 978 1435 1034 spende,
1456 984 1501 1022 et
1519 976 1557 1020 si
1573 976 1760 1034 pagaria
1781 977 1824 1021 al
1841 977 1934 1020 col-

296 1054 418 1111 legio
439 1069 495 1097 ex
516 1054 842 1097 contributione
855 1054 1129 1110 prouinciae
1149 1068 1207 1111 90
1229 1053 1379 1097 fiorini
1400 1067 1481 1111 per
1502 1054 1545 1097 la
1566 1068 1721 1110 spesa,
1746 1053 1785 1097 si
1806 1068 1937 1099 come

294 1131 499 1185 intend03
525 1139 570 1176 et
592 1130 711 1176 saria
730 1130 905 1176 incerto
926 1132 1012 1174 che
1034 1129 1262 1185 riuscisse,
1280 1145 1411 1176 come
1433 1131 1645 1175 Saluator
1661 1145 1754 1174 non
1770 1130 1931 1175 riesce.

294 1210 355 1251 Et
375 1210 512 1252 etiam
534 1223 615 1266 per
635 1207 808 1252 scriuer
830 1208 1081 1252 solamente
1103 1221 1194 1251 non
1216 1207 1255 1250 si
1278 1214 1408 1251 troua
1430 1221 1520 1263 qua
1542 1207 1747 1260 nissuno,
1767 1209 1936 1264 perche

292 1285 333 1328 si
363 1287 407 1328 fa
439 1301 500 1328 vn
528 1284 747 1342 principio
775 1286 860 1330 che
887 1283 1094 1342 perderia
1130 1284 1162 1327 il
1193 1291 1346 1342 tempo
1382 1285 1488 1341 quel
1518 1286 1605 1330 che
1636 1284 1698 1327 mi
1728 1285 1931 1328 dassero.

293 1363 508 1406 Eduardo
530 1364 615 1406 che
636 1361 699 1405 mi
723 1362 771 1406 fu
792 1363 899 1405 dato
927 1363 953 1406 e
984 1368 1111 1405 tanto
1137 1362 1357 1415 enfermo,
1382 1363 1467 1406 che
1494 1361 1540 1405 io
1574 1377 1679 1418 may
1700 1363 1760 1405 ho
1789 1363 1932 1405 hauto

287 1437 442 1483 anim'o
464 1439 510 1483 di
532 1453 750 1496 cooperar
771 1441 857 1484 che
889 1438 1023 1484 stessi
1045 1453 1132 1483 con
1154 1453 1300 1493 mecO,
1324 1453 1374 1483 se
1395 1454 1488 1483 non
1510 1440 1652 1483 lassar
1682 1439 1763 1482 far.
1791 1441 1879 1482 Per
1901 1438 1932 1481 il

290 1516 519 1560 contrario
538 1519 600 1560 ho
621 1523 668 1560 et
688 1518 748 1560 ho
769 1517 910 1560 hauto
931 1531 993 1559 vn
1014 1515 1238 1573 principio
1264 1516 1384 1560 nella
1410 1515 1697 1574 Compagnia
1728 1515 1773 1559 di
1803 1517 1871 1560 far
1899 1516 1931 1559 il

291 1594 460 1650 meglio
481 1596 568 1639 che
589 1593 759 1651 potessi
776 1609 803 1637 a
819 1593 1006 1637 seruitio
1022 1593 1069 1636 di
1085 1593 1229 1648 Iddio,
1248 1607 1336 1638 con
1352 1593 1520 1637 iudicio
1536 1594 1656 1638 della
1673 1600 1804 1637 santa
1819 1594 1932 1638 obe-

289 1670 477 1724 dientia,
507 1671 802 1728 proponendo
837 1685 925 1714 con
951 1670 1241 1715 indiferentia
1277 1671 1320 1716 le
1355 1670 1444 1715 mie
1481 1670 1779 1714 inclinationi.
1816 1670 1930 1714 Cusl

233 1755 235 1758 ⁴
259 1781 265 1786 .
289 1749 454 1793 adesso
480 1747 526 1791 di
557 1762 680 1792 nouo
708 1762 948 1805 propongo
976 1748 1063 1791 alla
1091 1749 1145 1792 Ρ.
1173 1749 1230 1793 V.
1255 1747 1288 1791 il
1314 1756 1451 1802 tutto,
1477 1748 1642 1805 perche
1664 1747 1719 1790 sii
1739 1747 1931 1804 guidato

291 1826 490 1869 secondo
510 1826 556 1869 lo
578 1824 739 1882 spiritu
761 1825 879 1869 della
908 1823 1206 1881 Compagnia.
1232 1826 1291 1869 V.
1318 1827 1371 1869 P.
1397 1839 1479 1882 per
1504 1839 1630 1868 amor
1657 1824 1731 1868 del
1759 1823 1930 1881 Signor

289 1902 352 1944 mi
372 1902 600 1959 risponda,
624 1901 678 1955 si,
703 1916 731 1945 o
753 1915 828 1955 no;
853 1908 899 1945 et
920 1900 1049 1958 pensi
1070 1902 1156 1944 che
1171 1916 1260 1945 vna
1280 1916 1387 1946 cosa
1408 1909 1455 1945 et
1477 1902 1591 1945 altra
1612 1900 1674 1943 mi
1696 1902 1797 1944 sara
1818 1915 1928 1957 gra-

290 1978 462 2022 tissima
483 1979 558 2023 nel
579 1978 764 2036 Signor,
789 1986 835 2022 et
857 1992 948 2021 non
971 1977 1185 2022 miri‘che
1211 1978 1273 2022 mi
1299 1978 1469 2022 inclino
1497 1994 1523 2021 a
1551 1977 1732 2022 scriuir.
1765 1977 1924 2034 Sappi,

239 2046 242 2049 ’
289 2056 452 2108 Padre,
478 2057 564 2100 che
585 2056 647 2099 mi
666 2055 836 2099 inclino
857 2056 901 2098 d’
921 2056 1036 2098 altra
1055 2062 1182 2112 parte
1203 2070 1231 2099 a
1245 2070 1338 2100 non
1359 2055 1547 2109 scriuer;
1569 2061 1672 2098 maa
1695 2061 1816 2098 temo
1833 2069 1928 2098 non

286 2146 472 2176 mancar
498 2133 541 2177 al
568 2132 771 2189 miglior3
803 2134 888 2177 che
909 2147 959 2176 se
981 2139 1144 2188 questo
1169 2147 1261 2176 non
1288 2133 1402 2177 fussi
1422 2133 1444 2161 ¹²
1464 2137 1580 2176 totus
1593 2133 1764 2191 ferrer
1785 2146 1813 2175 a
1833 2146 1925 2174 non
1983 2163 1990 2169 .

283 2209 473 2254 scriuer.
506 2209 669 2254 Faccia
691 2211 748 2254 V.
775 2211 829 2254 P.
862 2217 907 2253 et
934 2209 996 2252 mi
1016 2209 1118 2253 dica
1143 2209 1439 2254 liberamente
1462 2210 1568 2266 quel
1590 2211 1675 2252 che
1703 2208 1769 2265 gli
1796 2223 1922 2265 pare;

285 2288 453 2343 perche
475 2287 626 2342 quello
653 2285 844 2343 pigliaro
866 2286 910 2329 io
936 2300 1068 2331 come
1092 2301 1150 2330 ex
1175 2301 1253 2330 ore
1274 2288 1324 2330 X
1326 2287 1368 2340 θ’,
1391 2288 1471 2344 qui
1497 2291 1563 2330 est
1583 2288 1711 2329 Deus
1742 2285 1924 2327 benedi-

285 2367 384 2406 ctus
406 2364 456 2405 in
478 2364 643 2406 secula,
666 2364 830 2406 Amen.
857 2362 935 2407 Gli
956 2363 1058 2406 libri
1079 2363 1141 2406 mi
1157 2370 1175 2392 Ε
1194 2363 1444 2408 seruiriano
1465 2378 1546 2421 per
1566 2377 1762 2419 occupat
1785 2362 1874 2405 ben
1892 2361 1925 2404 il

288 2449 456 2497 tempo,
482 2447 528 2483 et
549 2439 670 2497 dipoi
686 2455 766 2497 per
782 2442 941 2484 Roma.
958 2441 1062 2484 Non
1079 2454 1263 2485 occorre
1278 2442 1392 2485 altro
1408 2457 1490 2499 per
1506 2447 1682 2497 questa.
1700 2439 1735 2482 Il
1753 2438 1925 2495 Signor

287 2531 368 2573 per
381 2532 464 2560 sua
478 2516 787 2562 misericordia
798 2517 1033 2575 augmenti
1045 2532 1222 2575 sempre
1235 2518 1299 2575 gli
1312 2518 1380 2562 soi
1394 2518 1513 2563 santi
1530 2517 1638 2561 doni
1654 2517 1772 2561 nella
1790 2518 1843 2559 P.
1864 2517 1919 2560 V.

285 2609 366 2650 per
388 2593 514 2637 molti
535 2594 642 2637 anni
660 2609 687 2638 a
708 2594 916 2651 maggior
938 2594 1083 2651 gloria
1103 2595 1151 2638 di
1171 2610 1254 2639 sua
1269 2595 1424 2640 diuina
1441 2595 1550 2639 Mta.
1569 2601 1615 2639 et
1637 2592 1817 2650 magior
1830 2593 1923 2636 ben

356 2737 378 2758 a
415 2731 502 2766 Hoc
525 2731 642 2767 verb.
670 2741 787 2777 supra
810 2741 914 2766 vers.
939 2730 1088 2767 addidit
1111 2730 1240 2767 N.—b
1260 2731 1447 2780 Sequitur
1470 2734 1574 2767 tutto
1599 2729 1922 2765 obliteratum.—

280 2797 301 2817 (ἰ
322 2790 408 2826 Hoc
426 2790 537 2826 verb.
557 2801 674 2837 supra
692 2801 802 2825 vers.
825 2789 974 2825 addidit
992 2789 1041 2825 N.

356 2891 365 2912 ¹
417 2891 499 2927 Has
518 2890 809 2927 exhortationes
827 2890 986 2926 minime
1004 2890 1187 2927 absolvit.
1206 2891 1349 2940 Aliqua
1365 2891 1415 2928 de
1432 2891 1510 2927 illis
1534 2889 1775 2936 attingemus
1797 2887 1839 2924 in
1861 2888 1922 2923 ul-

281 2949 378 2985 timo
396 2950 609 2993 volumine,
629 2951 716 2986 Deo
734 2949 919 2996 juvante.

353 3012 368 3032 ²
419 3009 543 3045 Natus
576 3008 650 3045 fuit
683 3008 834 3045 Natalis
866 3007 931 3044 die
967 3017 1007 3045 11
1043 3009 1216 3055 Augusti
1248 3020 1351 3046 anno
1392 3018 1495 3055 1507.
1530 3007 1632 3043 Vide
1667 3007 1798 3056 Epist.
1834 3005 1918 3042 Na-

281 3069 374 3114 tal„
393 3069 498 3115 1,v1.
