2228 3548
42 0 59 15 ,τ
95 0 107 10 -¹
133 0 349 25 wregsmq:
403 0 412 8 v-
452 2 458 9 v*
495 0 499 3 ⁷
539 3 559 6 —=
617 0 621 3 ·
699 0 705 5 ¹

887 239 1232 276 Supammtm
1762 236 1834 274 831

1036 411 1078 449 6

706 494 1003 532 ELISABETH
1027 495 1098 531 DE
1122 489 1419 532 BRIGANTIA

586 574 797 618 PATRI
834 573 1261 618 HIERONYMO
1298 573 1544 618 NADAL

765 669 1042 708 ULYssxpomz,
1059 661 1083 696 6
1098 669 1194 705 MAJI
1217 669 1309 708 1554
1326 661 1352 697 ¹.

532 739 722 776 Fratrem
738 750 861 775 suum
882 738 1148 775 Theutom'um
1165 738 1311 775 Natali
1326 740 1591 776 commendat.

202 865 212 873 ⁴
334 819 454 861 Ihus.
480 816 626 862 Muito
646 817 761 861 Rdo.
789 816 937 860 Padre
963 815 1217 859 comisairo.
1244 818 1351 861 Meu
1378 816 1552 861 irmaho
1579 818 1684 860 dom
1717 819 1875 863 Theo-

246 877 369 921 tonio
385 878 400 898 ²
424 891 510 920 uos
530 876 605 920 uai
625 875 806 928 busear,
831 889 961 919 como
981 874 1056 932 pai
1076 890 1102 919 e
1124 875 1322 918 remedio
1343 876 1400 919 de
1428 890 1513 919 sua
1534 877 1820 933 consolaQaO,
1846 893 1873 923 e

247 951 355 994 para
375 935 570 993 praticar
590 949 691 978 com
727 949 867 979 uosco
902 948 1064 978 cousas
1100 948 1191 990 que
1227 939 1358 978 tocao
1379 949 1406 978 a
1426 949 1510 979 sua
1544 936 1661 979 alma
1688 952 1714 981 e
1742 951 1769 980 a
1788 951 1874 980 sua

250 996 367 1039 uida.
397 997 489 1039 Por
517 1009 643 1038 amor
670 995 728 1038 de
755 1008 893 1037 nosso
925 994 1103 1038 Senhor
1125 1007 1208 1036 uos
1235 1007 1362 1049 peqo,
1388 1008 1476 1049 que
1498 1010 1570 1039 em
1599 995 1711 1039 tudo
1733 1009 1761 1038 o
1782 1010 1874 1052 que

249 1055 474 1112 puderdes
496 1053 724 1098 consolalo
746 1067 774 1096 ο
796 1053 960 1108 faqaes,
998 1053 1347 1096 lembrandouos
1383 1061 1578 1109 quantos
1599 1068 1750 1098 somos
1771 1069 1823 1098 os
1845 1069 1874 1098 a

248 1128 337 1169 que
357 1113 494 1157 fazeis
516 1122 614 1158 esta
648 1111 906 1164 charidade,
939 1126 965 1155 e
992 1126 1019 1155 a
1045 1110 1152 1154 mim
1178 1111 1552 1168 principalmente
1574 1128 1600 1156 a
1637 1114 1776 1158 fazeis
1798 1128 1873 1159 em

250 1180 460 1218 estrem0:
485 1186 656 1229 porque
677 1185 818 1227 quero
839 1172 1054 1215 tamanho
1070 1171 1173 1214 bem
1191 1185 1217 1214 a
1233 1178 1329 1215 este
1346 1171 1503 1224 irmao,
1524 1186 1613 1227 que
1630 1172 1750 1216 sinto
1766 1187 1874 1217 seus

253 1233 483 1275 trabalhos
505 1231 727 1275 dobrados
748 1231 807 1274 do
829 1245 918 1286 que
938 1244 990 1273 os
1010 1230 1096 1274 elle
1117 1237 1262 1274 sente.
1294 1231 1392 1275 Elle
1419 1232 1478 1275 he
1501 1235 1576 1274 tao
1605 1231 1826 1286 uirtuoso‚
1846 1248 1875 1276 e

252 1298 343 1335 tem
367 1298 515 1334 tantas
536 1296 701 1346 partes,
727 1304 835 1347 para
856 1296 925 1334 ter
946 1296 1070 1332 certo
1091 1289 1148 1332 de
1168 1303 1250 1332 vos
1271 1289 1474 1334 fazerdes
1497 1291 1602 1334 todo
1623 1305 1651 1334 o
1673 1291 1873 1347 possiuel

253 1351 356 1406 polo
375 1350 597 1402 consolat,
623 1363 712 1404 que
733 1364 783 1394 se
803 1353 892 1392 nao
915 1349 1011 1391 fora
1030 1348 1231 1404 cumprir
1250 1348 1448 1405 comigo,
1479 1349 1582 1394 bem
1606 1351 1776 1406 pudera
1797 1365 1874 1394 es-

251 1423 384 1453 cusar
403 1410 460 1453 de
481 1409 584 1452 volo
605 1422 815 1452 escreuer
844 1407 1334 1460 encomendandovolo,
1366 1422 1538 1464 porque
1560 1423 1642 1465 por
1668 1424 1763 1453 sem
1784 1410 1874 1452 du-

252 1467 358 1512 uida
379 1470 518 1512 tenho
555 1467 740 1511 vsardes
777 1481 864 1510 con
886 1467 971 1512 elle
992 1467 1049 1511 de
1071 1467 1201 1510 todos
1238 1481 1289 1510 os
1324 1467 1674 1523 comprimentos
1701 1483 1728 1513 e
1748 1483 1874 1511 amor

251 1541 338 1571 con
360 1542 449 1584 que
469 1542 519 1571 se
555 1527 717 1571 deuem
754 1533 893 1570 tratar
914 1540 964 1569 as
983 1539 1168 1582 pessoas
1189 1526 1247 1570 de
1267 1532 1391 1570 tanta
1428 1526 1683 1581 qualidade:
1708 1542 1734 1571 e
1755 1535 1873 1571 tam—

251 1587 354 1630 bem
374 1586 447 1630 vai
470 1590 543 1630 tao
563 1586 746 1637 doente‚
770 1599 860 1641 que
881 1584 1013 1628 ainda
1034 1599 1176 1641 agora
1191 1591 1349 1629 estaua
1364 1586 1477 1629 mais
1499 1600 1607 1642 para
1622 1601 1650 1630 o
1667 1600 1873 1630 curarem

251 1650 342 1689 nfla
362 1644 659 1697 emfermaria,
684 1658 773 1700 que
800 1658 908 1700 para
934 1658 962 1687 ο
1000 1644 1207 1687 trabalho
1242 1644 1370 1688 deste
1406 1645 1628 1689 caminho.
1656 1647 1872 1702 Rogovos

252 1705 409 1757 muito,
437 1706 598 1758 Padre,
623 1718 712 1759 que
733 1718 760 1747 ο
782 1717 871 1759 que
888 1703 1172 1747 assentardes
1192 1717 1295 1747 com
1317 1718 1422 1749 meu
1444 1704 1599 1756 irmao,
1624 1719 1650 1748 e
1671 1706 1800 1748 todas
1821 1719 1872 1748 as

253 1763 516 1808 charidades
538 1778 627 1819 que
650 1777 730 1818 por
751 1777 877 1805 amor
896 1762 954 1806 de
977 1764 1036 1805 mi
1062 1762 1137 1806 lhe
1164 1763 1382 1816 fezerdes,
1414 1778 1488 1807 me
1514 1763 1729 1815 screuais,
1761 1778 1872 1820 para

254 1836 337 1866 vos
362 1837 420 1867 eu
447 1823 558 1866 ficar
586 1823 690 1865 toda
716 1821 869 1865 minha
894 1821 1000 1864 vida
1025 1835 1083 1864 en
1110 1821 1368 1878 obrigacao,
1401 1836 1507 1878 para
1535 1824 1729 1867 tambern
1752 1824 1876 1867 facer

257 1882 474 1937 qualquer
496 1895 635 1925 cousa
656 1895 745 1936 que
765 1895 847 1924 vos
870 1887 998 1924 nesta
1020 1886 1138 1923 terra
1160 1881 1356 1937 comprir
1376 1881 1518 1925 muito
1540 1882 1870 1926 inteiramente.

256 1942 326 1984 Eu
347 1941 435 1984 fico
455 1941 500 1983 in
524 1955 651 1984 cama
678 1939 822 1983 muito
850 1940 939 1983 mal
959 1939 1189 1996 desposta,
1219 1955 1246 1984 e
1266 1954 1347 1997 por
1373 1939 1464 1984 isso
1486 1955 1569 1983 vos
1598 1945 1685 1984 nao
1711 1955 1875 1984 screuo

256 2006 353 2044 esta
372 2007 496 2043 carta
518 2001 575 2044 de
596 1998 750 2042 minha
784 2003 902 2050 mac,
941 2013 1045 2042 nem
1081 2013 1162 2042 vos
1184 2013 1318 2055 posso
1353 1999 1476 2043 dizer
1498 2006 1676 2055 muytas
1713 2014 1876 2043 cousas

257 2066 412 2102 outras
428 2073 517 2114 que
539 2058 735 2114 quisera.
755 2059 904 2101 Nosso
922 2057 1098 2102 Senhor
1119 2072 1252 2102 vossa
1267 2058 1410 2102 muito
1426 2060 1538 2102 Rda.
1560 2073 1721 2114 pessoa
1738 2061 1877 2103 tenha

254 2132 310 2161 en
326 2132 408 2161 sua
429 2117 623 2174 especial
646 2118 837 2173 guarda.
864 2118 933 2160 De
955 2116 1142 2170 Lixboa,
1167 2121 1194 2161 a
1213 2117 1257 2173 vj
1281 2117 1337 2161 de
1365 2120 1500 2173 Mayo
1521 2118 1578 2162 de
1606 2128 1732 2172 1554.

1048 2177 1258 2221 IFFANTA
1291 2190 1419 2221 DONA
1451 2178 1637 2221 ISABEL.

342 2237 383 2279 A
405 2239 551 2293 tergo,
576 2250 718 2278 manu
741 2236 904 2277 Patris
925 2235 1138 2278 Polanco:
1165 2246 1290 2290 1554
1316 2236 1461 2293 Copia
1482 2237 1538 2279 de
1560 2251 1648 2279 vna
1670 2236 1782 2279 letra
1803 2235 1875 2279 del

256 2296 409 2351 duque
429 2310 459 2351 y
481 2296 539 2339 de
563 2301 660 2338 otra
680 2295 738 2339 de
758 2294 802 2337 la
822 2293 995 2337 infanta
1015 2294 1135 2338 dofia
1155 2295 1314 2339 Isabel

330 2426 342 2447 ¹
392 2425 450 2460 Ex
467 2424 687 2471 apographo
703 2434 862 2465 coaevo,
881 2423 922 2459 in
941 2422 1036 2459 Cod.
1057 2434 1124 2468 44,
1144 2423 1259 2460 unico
1280 2423 1362 2470 fol„
1383 2433 1453 2470 207
1470 2425 1583 2470 (564).
1604 2423 1667 2459 Ad
1683 2425 1782 2459 hanc
1799 2423 1880 2470 epi·

257 2484 396 2519 stolam
413 2483 551 2518 melius
570 2482 864 2529 intelligendam
877 2481 929 2517 cf.
943 2482 1073 2530 Epist.
1088 2482 1244 2527 Natat„
1258 2483 1290 2528 1,
1308 2483 1385 2529 148,
1406 2493 1485 2529 157,
1501 2491 1671 2529 205·211‚
1686 2492 1768 2529 259,
1783 2487 1878 2527 etc.;

259 2542 387 2589 Epist.
414 2542 580 2585 Mixtae,
610 2541 680 2588 IV,
714 2539 835 2587 17-23,
867 2548 948 2587 101,
982 2549 1063 2586 102,
1093 2546 1185 2586 etc.;
1216 2547 1256 2578 et
1283 2541 1502 2589 Pomnco,
1536 2542 1700 2588 chron„
1730 2542 1782 2587 Il,
1813 2542 1879 2586 111,

257 2607 298 2637 et
313 2602 383 2646 VI,
400 2600 567 2648 saepius.

327 2660 342 2681 ²
389 2659 634 2695 Theutonius
651 2658 701 2694 de
720 2660 918 2704 Braganea
934 2663 1017 2694 erat
1033 2658 1136 2695 filius
1154 2660 1301 2706 jacobi,
1328 2661 1438 2697 ducis
1462 2661 1531 2705 IV,
1551 2665 1591 2695 et
1614 2660 1717 2696 illius
1740 2669 1879 2695 secun·

256 2718 327 2754 dae
350 2717 482 2754 uxoris
505 2719 680 2764 Joannae
703 2716 754 2753 de
777 2716 978 2753 Mendoza.
1003 2717 1204 2754 Elisabeth
1228 2724 1359 2755 autem
1375 2720 1426 2755 de
1439 2720 1652 2769 Braganqa,
1666 2729 1766 2765 quae
1779 2718 1880 2753 hanc

255 2778 458 2825 epistolam
475 2776 645 2823 scripsit,
664 2781 747 2812 erat
764 2776 845 2812 filia
861 2775 1037 2823 ejusdem
1054 2776 1193 2823 Jacobi
1209 2778 1279 2824 IV,
1296 2784 1336 2814 et
1353 2778 1491 2826 prioris
1509 2777 1640 2814 uxoris
1664 2778 1881 2813 Eleonorae

253 2836 303 2872 de
319 2836 520 2873 Mendoza.
540 2835 685 2883 Nupsit
701 2834 896 2879 Eduard0‚
914 2834 1004 2871 duci
1020 2834 1070 2871 de
1089 2835 1335 2875 Guimaraes.
