2228 3548
374 345 444 390 476
898 343 1037 378 Eprsr.
1064 342 1112 378 P.
1139 342 1411 389 NADAL-484

328 446 463 498 Ionia,
489 452 534 488 et
565 445 621 488 de
650 457 697 489 11
725 452 771 489 et
794 456 850 488 20
879 445 937 487 de
974 443 1134 501 Aprile
1169 443 1446 501 dupplicate,
1487 452 1606 492 tutte
1640 445 1846 499 insieme,
1882 445 1969 489 3116

327 522 448 578 quali
472 522 568 565 faro
607 521 814 578 risposta,
855 520 1033 566 benche
1068 535 1161 564 non
1189 534 1241 564 so
1276 522 1396 566 doue
1432 529 1592 579 queste
1629 529 1904 567 trouaranno
1925 522 1968 566 la

327 601 381 643 R.
403 600 461 643 V.
482 600 541 643 Se
564 597 594 641 li
617 613 694 642 era
715 597 890 651 scritto,
916 598 1138 643 uedendo·
1152 604 1280 642 tanto
1295 600 1558 655 perturbate
1572 601 1615 645 16
1635 614 1740 645 0056
1756 600 1874 645 della
1894 599 1965 643 in-

327 676 461 720 ferior
482 675 744 728 Germania,
767 677 854 720 che
875 689 967 719 non
988 675 1027 719 si
1048 674 1221 719 curassi
1242 675 1289 719 di
1307 675 1464 720 uisitar
1486 677 1635 733 quella
1655 677 1702 720 in
1719 676 1964 734 presentia,

326 768 399 796 ma
421 755 507 797 che
528 753 744 798 chiamasi
766 754 798 797 il
814 753 1085 812 prouintiale
1106 769 1133 798 a
1155 755 1355 799 Treuere
1379 769 1407 798 0
1429 769 1455 798 3
1477 753 1682 808 Colonia,
1707 769 1787 812 per
1807 761 1967 799 trattar

326 831 444 876 delle
465 845 571 876 cose
591 830 637 874 di
666 832 816 887 quella
844 831 1086 889 prouintia.
1118 831 1315 888 Doppoi,
1338 832 1546 877 uedendo
1568 833 1654 876 che
1675 831 1800 876 Iddio
1820 833 1879 877 N.
1911 833 1962 878 S.

325 908 444 951 daua
466 908 661 953 serenita
684 909 835 966 doppo
855 910 898 954 la
921 915 1158 966 tempesta,
1184 907 1219 952 s’
1242 908 1266 953 ὲ
1289 909 1476 954 rimesso
1498 924 1525 953 a
1546 910 1604 954 V.
1637 910 1692 953 R.
1717 909 1745 952 l'
1775 910 1918 954 andar
1940 924 1968 953 o

327 999 418 1028 non
439 987 820 1042 personalmente;
846 993 892 1030 et
913 985 1008 1030 cosi
1037 985 1075 1030 si
1097 987 1142 1030 fa
1178 986 1356 1040 adesso,
1396 986 1572 1032 benche
1610 985 1906 1044 ringratiamo
1926 987 1970 1030 13

325 1061 480 1107 diuina
501 1063 657 1116 bonta,
683 1063 973 1108 entendendo
995 1062 1159 1108 essersi
1182 1069 1308 1107 tanto
1330 1063 1531 1120 quietate
1561 1064 1603 1109 le
1630 1077 1752 1117 cose,
1783 1065 1869 1108 che
1890 1062 1965 1121 gia

325 1139 462 1183 etiam
484 1141 570 1185 che
591 1142 648 1185 V.
675 1142 730 1185 R.
764 1140 810 1184 ui
838 1140 1034 1194 andassi,
1060 1155 1152 1184 non
1181 1140 1391 1185 uediamo
1419 1140 1655 1198 probabile
1682 1140 1897 1197 pericolo,
1921 1147 1968 1185 et

327 1231 420 1261 non
441 1217 479 1261 si
500 1217 659 1262 dubita
680 1218 872 1263 sarebbe
893 1218 1036 1262 molto
1059 1216 1167 1262 utile
1189 1218 1232 1262 13
1259 1233 1343 1262 5113
1372 1218 1520 1263 uisita.
1549 1218 1683 1262 Circa
1703 1217 1735 1261 11
1757 1216 1900 1262 nostri
1918 1217 1967 1275 di

330 1294 521 1348 Phrisia,
542 1296 646 1351 quel
670 1297 756 1340 che
772 1297 830 1340 V.
857 1297 911 1340 R.
938 1297 996 1339 ha
1019 1297 1147 1351 fatto,
1172 1311 1279 1352 pare
1301 1295 1388 1340 stia
1410 1296 1542 1350 bene;
1569 1303 1616 1341 et
1637 1310 1729 1340 non
1747 1295 1965 1340 accadera

326 1369 366 1415 si
387 1371 640 1415 rimandino
662 1372 818 1415 mastri
834 1372 881 1415 in
902 1372 1052 1428 quelle
1067 1373 1233 1427 bande,
1258 1372 1407 1417 insino
1429 1389 1455 1418 a
1482 1379 1609 1417 tanto
1643 1374 1728 1417 che
1755 1372 1797 1416 01
1825 1371 1863 1416 51
1891 1371 1966 1416 dia

325 1448 472 1492 auiso.
499 1448 551 1492 Li
574 1449 718 1492 scritti
735 1464 869 1506 sopra
890 1450 932 1493 16
954 1464 1059 1495 0056
1087 1451 1144 1493 de
1166 1451 1225 1495 N.
1253 1451 1306 1494 P.
1332 1449 1511 1508 Ignatio
1547 1449 1585 1494 si
1612 1464 1727 1494 sono
1749 1449 1965 1503 riceuuti,

322 1532 370 1569 et
391 1524 493 1569 altri
529 1525 699 1570 diuersi
731 1526 849 1570 della
871 1526 1021 1580 uisita;
1047 1534 1093 1572 et
1130 1542 1179 1571 se
1215 1527 1451 1571 occorrera
1487 1526 1582 1571 dar’
1611 1527 1804 1584 qualche
1835 1525 1966 1570 auiso

325 1617 461 1660 sopra
482 1602 637 1659 quelli,
663 1602 701 1647 si
724 1604 848 1647 dara.

417 1692 459 1724 2.
526 1680 724 1736 Quando
745 1681 789 1724 la
825 1681 994 1725 maesta
1032 1681 1106 1725 del
1128 1697 1177 1727 re
1218 1683 1228 1703 ¹
1255 1680 1437 1727 uenessi
1464 1681 1513 1725 in
1534 1682 1570 1725 F
1573 1680 1746 1736 iandra,
1776 1680 1815 1724 si
1837 1679 1967 1737 potra

331 1757 470 1802 ueder
498 1771 547 1801 56
584 1757 683 1802 sara
721 1757 957 1814 spediente
993 1758 1273 1803 domandarli
1308 1757 1499 1803 licencia
1519 1757 1565 1802 di
1592 1772 1728 1802 cauar
1751 1764 1892 1815 gente
1918 1756 1964 1800 di

327 1835 530 1892 Spagna,
551 1849 630 1891 per
647 1834 793 1878 aiutar
809 1835 840 1878 li
857 1835 961 1879 stati
980 1835 1079 1880 suoi
1096 1837 1227 1880 fuora
1247 1836 1294 1879 di
1315 1836 1480 1892 quella,
1505 1842 1551 1881 et
1572 1834 1896 1893 specialmente
1919 1848 1967 1879 56

326 1910 367 1955 51
388 1912 740 1956 domandassero
762 1912 939 1969 collegij
963 1927 1044 1969 per
1065 1927 1148 1958 sua
1168 1919 1312 1970 parte,
1338 1914 1425 1958 che
1446 1913 1520 1956 all'
1543 1914 1656 1956 hora
1676 1911 1794 1956 saria
1815 1912 1969 1956 buona

328 1988 356 2031 l’
378 1987 632 2034 occasione.
655 1990 842 2045 Quanto
864 1990 949 2034 3116
971 2003 1077 2034 0056
1093 1990 1139 2033 di
1162 1989 1368 2043 Colonia,
1393 1989 1417 2034 ὲ
1439 1987 1563 2034 certo
1585 1991 1670 2034 che
1687 1989 1718 2032 il
1734 1991 1877 2033 frutto
1894 1988 1968 2034 del

326 2065 521 2123 collegio
545 2072 704 2109 nostro
725 2067 751 2110 6
772 2072 892 2110 stato
915 2073 961 2110 et
983 2068 1006 2111 ὲ
1026 2068 1165 2111 molto
1189 2066 1464 2124 importante
1480 2081 1561 2124 per
1582 2066 1614 2109 il
1642 2065 1799 2110 diuino
1821 2065 1970 2110 serui-

328 2143 392 2187 tio
414 2149 460 2186 et
482 2143 573 2188 ben
594 2143 712 2188 della
734 2142 901 2187 chiesa.
928 2145 1027 2188 Con
1050 2151 1212 2200 questo
1234 2158 1405 2201 parono
1427 2143 1545 2187 assai
1571 2143 1773 2200 indegne
1795 2143 1839 2187 16
1866 2156 1975 2186 0056

330 2222 416 2263 0116
438 2219 461 2264 ὲ
483 2220 679 2263 sforzato
703 2234 729 2263 a
752 2220 896 2276 patire
917 2221 1036 2265 della
1058 2221 1184 2278 citta,
1209 2228 1255 2267 et
1285 2220 1608 2278 specialmente
1638 2220 1744 2265 dell’
1782 2218 1974 2264 vniuer-

331 2296 432 2341 sita.
459 2295 589 2342 Saria
605 2297 723 2341 bene
745 2298 829 2340 che
852 2298 909 2342 V.
936 2299 1010 2351 R.,
1031 2305 1076 2343 et
1095 2299 1162 2355 gl'
1187 2297 1288 2342 altri
1306 2299 1392 2342 che
1413 2312 1527 2341 sono
1542 2296 1736 2354 pratichi
1752 2295 1800 2339 in
1821 2295 1972 2352 quella

331 2373 441 2418 citta
463 2373 750 2417 considerino
778 2380 823 2419 et
851 2374 988 2419 diano
1017 2374 1145 2419 auiso
1176 2374 1283 2421 delli
1306 2374 1448 2419 mezzi
1483 2376 1570 2419 che
1605 2373 1637 2417 li
1674 2386 1971 2418 occorrerano

331 2465 413 2507 per
428 2451 556 2496 leuar
579 2449 656 2495 tali
677 2449 1035 2496 inconuenienti.
1068 2452 1128 2496 Di
1150 2467 1241 2509 qua
1270 2466 1366 2496 non
1387 2451 1426 2495 si
1447 2453 1660 2496 mancara
1685 2449 1731 2494 di
1752 2463 1973 2507 procurar

331 2527 470 2584 quelli
491 2527 622 2573 breui
644 2542 724 2584 per
754 2527 798 2572 la
824 2527 933 2572 citta
956 2535 1002 2572 et
1029 2528 1294 2583 vniuersita‚
1329 2543 1466 2574 senza
1503 2527 1584 2572 far’
1606 2526 1840 2572 mentione
1862 2524 1969 2571 delli

330 2604 602 2661 portamenti
623 2604 718 2648 loro
742 2618 875 2649 uerso
896 2605 928 2648 11
950 2606 1109 2650 nostri.
1131 2607 1320 2663 Quanto
1341 2605 1415 2649 alli
1437 2605 1544 2649 beni
1560 2605 1633 2649 del
1663 2606 1714 2648 P.
1743 2602 1909 2647 Rhetio
1931 2603 1965 2656 ¹,

330 2687 377 2725 et
394 2683 538 2726 anche
556 2681 603 2724 di
622 2680 792 2725 Mathia
808 2682 1085 2737 coloniense,
1099 2682 1351 2726 hauendosi
1368 2698 1395 2726 a
1412 2682 1633 2739 spendere
1650 2681 1697 2724 in
1714 2680 1837 2724 aiuto
1852 2679 1971 2725 della

332 2757 584 2814 prouincia,
609 2772 702 2802 non
725 2758 842 2803 uedo
865 2759 982 2804 doue
1004 2774 1199 2817 possano
1220 2759 1389 2816 meglio
1417 2757 1678 2815 impiegarsi
1700 2759 1786 2802 che
1807 2756 1855 2800 in
1878 2757 1972 2800 Co-

330 2834 471 2888 lonia3
496 2842 542 2878 et
564 2834 659 2879 cosi
677 2835 806 2892 potra
824 2835 945 2880 farsi.
968 2837 1025 2880 Et
1041 2835 1161 2880 circa
1177 2836 1221 2880 la
1236 2835 1517 2893 professione
1533 2835 1607 2880 del
1625 2835 1751 2878 detto
1772 2835 1825 2878 Ρ.
1846 2834 1972 2877 Rhe-

332 2910 412 2964 tio,
437 2912 650 2955 hauendo
671 2911 736 2955 lui
756 2913 932 2956 hauuto
954 2913 1135 2957 licentia
1162 2913 1208 2956 di
1236 2919 1391 2956 nostro
1421 2914 1474 2957 P.
1507 2913 1706 2968 Laynez,
1731 2910 1774 2954 io
1803 2923 1971 2954 ancora

340 3020 342 3022 Ι
403 3034 412 3054 ¹
465 3035 667 3083 Philippus
686 3036 736 3081 II,
755 3047 825 3072 rex
844 3035 1071 3083 Hispaniae,
1091 3037 1131 3074 in
1149 3036 1372 3073 Flandriam
1390 3035 1556 3072 transire
1575 3034 1850 3076 meditabatur,
1869 3031 1974 3080 quod

331 3093 491 3130 tandem
509 3094 669 3131 minime
687 3094 897 3142 praestitit.
917 3095 1018 3131 Vide
1036 3108 1168 3144 supra,
1187 3107 1281 3143 pag.
1305 3103 1391 3143 251,
1409 3100 1543 3131 annot.
1563 3103 1605 3131 2.

402 3154 417 3174 ²
467 3153 641 3199 Joannes
658 3154 824 3192 Rhetius
842 3155 936 3202 (von
953 3154 1101 3203 Reidt),
1117 3167 1262 3202 regens
1285 3154 1443 3201 collegii
1460 3153 1715 3209 coloniensis.
