2228 3548
417 251 488 287 208
941 251 1079 287 Emsr.
1108 250 1152 286 P.
1180 249 1452 295 NADAL—420

364 360 526 408 questo
548 352 665 404 loco,
693 353 779 396 che
800 367 876 396 era
899 352 993 395 sola
1008 366 1098 395 vna
1114 357 1256 408 punta
1272 351 1316 394 d’
1336 365 1490 405 arena,
1511 365 1588 395 era
1603 351 1743 394 molto
1762 350 2015 396 uerisimile

364 432 448 474 che
478 430 508 472 il
536 435 676 472 uento
703 435 749 472 et
781 435 1002 485 tempesta
1029 428 1070 471 ci
1099 442 1295 472 menaua
1323 442 1350 471 a
1378 434 1600 481 trauerso,
1625 442 1652 471 a
1680 428 1777 471 dar'
1807 428 1853 471 in
1882 435 2008 474 certe

367 506 465 550 sirti
485 513 531 550 et
552 505 755 563 virgulti.
781 506 869 548 Sed
890 507 1125 548 Dominus
1139 506 1242 563 fuit
1263 505 1511 548 nobiscum.

454 596 493 637 4.
558 582 709 626 Insino
731 583 891 626 adesso
910 598 1002 626 non
1025 584 1085 626 ho
1106 583 1280 639 parlato
1301 596 1387 626 con
1408 582 1453 626 la
1474 583 1650 628 Maesta
1665 582 1738 628 del
1755 582 2003 639 imperato-

367 676 432 714 re,
458 661 515 704 ne
538 674 624 703 con
645 661 676 702 1’
700 659 1000 716 imperatrice,
1026 660 1064 703 si
1084 675 1166 717 per
1186 660 1230 705 le
1250 659 1339 703 mie
1361 659 1664 716 occupationi,
1684 674 1813 704 come
1834 661 2004 716 perche

368 739 417 783 S.
444 739 506 781 M.
528 738 553 780 ἑ
575 743 694 780 tutta
715 744 844 794 posta
866 737 911 780 in
935 736 1184 794 partirsene
1206 751 1293 780 con
1321 737 1363 780 la
1385 751 1469 780 sua
1496 743 1622 781 corte
1643 737 1730 780 alla
1751 751 1932 794 guerra,
1957 743 2006 782 et

368 817 429 857 n1'
453 816 478 858 e
500 821 618 858 stato
640 815 767 858 detto
789 816 873 858 che
895 813 973 870 pisi
996 813 1255 859 facilmente
1276 813 1307 856 li
1338 815 1502 870 puotro
1524 814 1682 870 parlar=
1694 813 1743 857 in
1764 814 2003 867 Possonio,

365 893 574 936 andando
595 907 622 935 a
650 891 894 949 Tyrnauia.
921 893 1025 935 Non
1053 906 1238 935 occorre
1267 891 1382 935 altro
1410 892 1452 935 al
1481 898 1709 948 presente.
1736 890 1856 935 Nelli
1885 890 2005 935 santi

363 968 568 1025 sacrificij
593 975 639 1013 et
659 968 851 1012 orationi
868 970 925 1013 de
947 970 1005 1013 V.
1033 970 1085 1012 P.
1112 969 1251 1012 molto
1273 968 1312 1012 si
1335 968 1728 1013 raccomandiamo
1751 967 1874 1012 tutti.
1907 969 2008 1011 Do-

362 1047 518 1090 minus
534 1047 594 1089 sit
615 1046 845 1089 nobiscum
868 1051 1061 1103 semper.
1082 1047 1246 1090 Amen.
1272 1047 1343 1090 Da
1365 1045 1564 1100 Vienna,
1589 1044 1663 1089 alli
1681 1058 1710 1100 4
1726 1045 1783 1089 de
1799 1044 1968 1102 Luglio
1991 1047 2002 1094 4

371 1124 497 1179 1566.
523 1125 594 1167 De
615 1125 673 1168 V.
696 1125 746 1167 P.
770 1138 904 1167 seruo
926 1139 983 1168 en
1006 1122 1110 1177 X.⁰,

1451 1205 1481 1265 †
1512 1207 1700 1324 NAssAL.
1735 1205 1765 1264 †

456 1355 701 1411 Inscriptio
722 1355 772 1397 in
795 1359 960 1411 quarta
979 1356 1178 1412 pagina:
1199 1356 1332 1413 Jhus.
1358 1354 1420 1398 Al
1441 1355 1583 1398 molto
1605 1355 1720 1398 Rdo.
1747 1355 1895 1398 Padre
1916 1368 2004 1397 no-

369 1438 464 1475 stro
481 1431 525 1474 in
545 1431 728 1476 Christo
744 1431 775 1474 il
788 1434 839 1474 Ρ.
861 1433 896 1475 F
901 1445 1114 1475 rancesco
1131 1432 1189 1476 de
1206 1431 1394 1489 Borgia,
1407 1431 1637 1489 preposito
1653 1432 1869 1489 generale
1885 1431 2003 1476 della

370 1508 654 1565 Compagnia
690 1509 747 1552 de
771 1511 881 1567 Jessi
909 1516 991 1552 etc.
1030 1509 1059 1567 †
1087 1510 1246 1553 Roma.
1278 1509 1386 1553 Alia
1422 1524 1566 1552 manu
1587 1524 1601 1552 .·
1642 1510 1768 1565 1566.
1804 1508 2003 1555 Vienna.

369 1587 423 1630 P.
449 1586 621 1630 Natale.
646 1598 674 1640 4
702 1586 746 1629 di
769 1586 948 1643 Luglio.
975 1587 1029 1631 C.
1065 1587 1317 1645 Vestigium
1340 1587 1506 1644 sigilli.

1126 1698 1250 1740 ⁴121>

816 1782 860 1818 S.
904 1782 1235 1820 FRANCISCUS
1273 1783 1343 1818 DE
1379 1782 1550 1830 BORJA

715 1861 923 1903 PATRI
955 1861 1380 1906 HIERONYMO
1411 1861 1656 1905 NADAL

872 1946 1030 1984 ROMAE,
1061 1946 1105 1973 10
1135 1945 1320 1974 Ancus’ri
1347 1937 1438 1983 1566
1461 1938 1493 1974 ².

365 2019 399 2045 Ι.
421 2008 700 2057 Confirmatur
713 2008 848 2044 electio
864 2009 911 2043 Β.
927 2009 1043 2044 Petri
1059 2007 1216 2044 Canisii
1228 2009 1283 2044 ad
1297 2020 1445 2044 munus
1456 2008 1737 2056 provincialis:
1752 2008 1904 2055 scripta
1917 2008 2002 2044 Na·-

413 2069 510 2105 talis
531 2070 687 2115 recepta
702 2079 715 2102 .-
741 2066 928 2103 canisius
950 2068 1076 2103 sacris
1100 2067 1416 2115 expeditionibus
1439 2079 1519 2103 non
1543 2068 1722 2115 amplius
1745 2069 2003 2115 occupandus

412 2130 713 2175 speratum—2.
738 2125 799 2162 De
816 2127 931 2161 sociis
944 2129 1019 2173 per
1036 2127 1208 2175 collegia
1223 2126 1526 2163 distribuendis.

461 2217 498 2249 1.
556 2205 689 2262 Jhus.
716 2203 857 2247 Molto
879 2205 992 2247 Rdo.
1018 2203 1065 2246 in
1087 2205 1206 2261 Xpo.
1229 2204 1389 2249 Padre.
1414 2206 1511 2248 Pax
1532 2203 1658 2261 Xpi.,
1679 2211 1766 2249 etc.
1788 2206 1864 2248 Ho
1879 2203 1998 2248 rice-

364 2289 479 2325 uuto
502 2281 651 2338 quelle
672 2279 717 2323 di
739 2281 796 2324 V.
818 2281 871 2323 R.
893 2280 937 2322 di
962 2293 1012 2338 19
1034 2287 1078 2324 et
1098 2293 1154 2325 20
1171 2280 1217 2324 di
1234 2280 1417 2338 Luglio,
1437 2281 1549 2326 fatte
1566 2281 1614 2324 in
1630 2280 1832 2339 Dilinga,
1853 2288 1899 2326 et
1913 2296 1996 2338 per

363 2359 525 2403 lettere
546 2357 616 2402 de]
647 2359 700 2401 P.
726 2356 908 2400 Canisio
942 2357 991 2413 (il
1024 2358 1129 2413 qual
1160 2357 1227 2402 sia
1253 2357 1300 2401 in
1322 2358 1447 2402 buon
1474 2360 1587 2403 hora
1614 2358 1883 2402 confirmato
1913 2373 1994 2415 per

439 2533 450 2553 ¹
501 2530 568 2566 Sic
584 2529 625 2566 in
647 2529 873 2576 archetypo,
897 2529 966 2564 sed
990 2535 1050 2566 est
1074 2542 1180 2567 error
1201 2530 1364 2567 evidens
1387 2530 1514 2567 Patris
1537 2531 1729 2577 Jimenez,
1748 2531 1815 2578 qui
1838 2531 1997 2578 scripsit

369 2590 515 2638 Luglio
531 2600 601 2637 pro
625 2589 789 2635 Agosto.
809 2589 922 2623 Patet
941 2600 989 2624 ex
1006 2591 1077 2625 hac
1095 2589 1179 2636 ipsa
1196 2589 1375 2637 epistola,
1395 2589 1435 2626 in
1452 2601 1528 2637 qua
1545 2589 1599 2626 ait
1616 2589 1782 2636 Natalis,
1800 2601 1844 2626 se
1867 2589 1931 2626 die
1949 2598 1997 2636 27

364 2650 440 2692 (sc.
471 2647 594 2695 Julii),
620 2646 893 2683 Vindobonam
923 2647 1166 2695 pervenisse,
1193 2653 1233 2684 et
1262 2649 1468 2696 epistolam
1496 2647 1676 2695 Borgiae,
1701 2647 1765 2684 die
1798 2647 1841 2684 13
1865 2649 1997 2686 datam

362 2706 447 2751 (ubi
463 2707 513 2743 de
536 2706 725 2745 Olomutii
747 2706 913 2752 collegio
930 2707 1145 2744 seeundum
1164 2707 1360 2755 pontificis
1384 2707 1569 2755 placitum
1592 2707 1832 2755 acceptando
1852 2708 2000 2745 scribe-

362 2767 445 2812 bat)
461 2766 677 2814 recepisse.
699 2764 815 2802 Unde
833 2771 965 2812 aperte
981 2766 1103 2814 liquet
1120 2767 1184 2803 die
1201 2777 1224 2813 4
1241 2766 1338 2814 Julii
1354 2768 1454 2803 hanc
1472 2767 1677 2815 epistolam
1695 2767 1815 2803 scribi
1839 2778 1917 2804 non
1929 2779 1999 2816 po-

366 2825 507 2862 tuisse.

432 2885 447 2905 ²
494 2885 553 2920 Ex
571 2885 796 2931 archetypo,
816 2895 838 2919 a
858 2884 888 2919 F
890 2885 1084 2921 ernandez
1109 2891 1282 2932 exarato,
1301 2891 1342 2923 et
1367 2885 1534 2932 Borgiae
1559 2897 1676 2922 manu
1700 2886 1937 2933 subscripto,
1956 2886 1998 2924 in

360 2943 459 2980 Cod.
492 2954 540 2990 34
563 2942 708 2991 duplici
725 2942 795 2978 fol.
808 2970 817 2988 ,
840 2942 903 2988 185
924 2943 1013 2990 (69).
1039 2945 1133 2980 Post
1150 2945 1338 2992 scriptum
1357 2946 1407 2981 ab
1425 2944 1504 2981 illis
1527 2945 1674 2981 verbis:
1705 2945 1763 2993 Oy
1787 2948 1940 2982 estuue.
1956 2972 1965 2982 .
1980 2974 1988 2983 .

358 3014 482 3049 usque
499 3002 549 3037 ad
564 3002 696 3046 finem,
716 3000 881 3047 Borgiae
900 3013 1015 3038 manu
1033 3009 1233 3041 exaratum
1251 3009 1326 3040 est.
1346 3003 1446 3040 Vide
1466 3003 1582 3050 epist.
1601 3012 1673 3050 414
1690 3008 1730 3040 et
1746 3011 1830 3049 415,
1849 3003 1995 3051 quibua

357 3061 455 3097 haee
471 3059 696 3108 respondet.
