2228 3548
389 295 459 332 330
903 291 1043 327 Emsr.
1071 289 1115 325 P.
1143 289 1415 337 Nason—456

338 399 392 441 P.
415 398 548 439 Mtro.
570 395 751 449 Laynez
774 394 803 446 ¹,
823 392 999 436 benche
1017 391 1090 433 dal
1106 404 1296 435 numero
1317 391 1363 434 di
1386 403 1443 446 70
1463 392 1528 436 lui
1543 383 1789 439 medesimo
1806 393 1970 437 sminui

336 474 463 518 (11666
486 485 564 528 per
584 471 627 514 le
651 468 903 512 fundationi
924 467 969 511 di
991 467 1253 522 Germania;
1279 475 1325 513 et
1346 468 1389 512 io
1411 469 1527 515 sarci
1541 471 1597 514 de
1618 485 1793 527 parere,
1813 473 1897 516 che
1919 486 1969 516 56

336 565 395 594 116
417 547 684 592 sminuisero
706 545 889 589 alchuni
910 544 1005 600 piu,
1025 544 1345 600 specialmente
1361 547 1528 603 perche
1549 561 1726 605 sempre
1747 563 1922 593 saremo
1941 565 1966 593 a

338 635 490 683 tempo
512 626 557 668 d’
577 625 860 681 augmentar'
881 622 911 664 il
928 636 1118 665 numero
1133 621 1179 664 in
1197 623 1457 676 Germania,
1477 625 1605 668 modo
1619 626 1861 670 habbiamo
1876 641 1966 670 vna

337 702 640 748 conueniente
678 700 943 744 fundatione
979 700 1021 743 al
1058 698 1294 756 principio,
1325 701 1530 744 almanco
1569 715 1627 745 ne
1656 703 1966 747 deterreamus

329 781 610 839 fundatores
627 779 677 821 in
698 778 970 831 Germania,
995 777 1114 820 doue
1135 777 1160 819 6
1177 776 1391 820 1111136010
1407 779 1492 821 6116
1513 778 1699 835 uoglino
1721 781 1804 824 far'
1827 782 1966 825 60116-

335 859 422 916 gij,
447 865 493 901 et
519 858 626 900 dare
656 854 831 900 rendite
859 861 1091 911 perpetue.
1124 856 1312 898 Passata
1348 861 1508 911 questa
1535 855 1746 912 prattica,
1771 866 1967 903 restamo

333 935 463 993 quasi
479 933 659 979 confusi
675 933 722 976 in
740 939 860 975 tutto
877 931 909 974 il
922 931 1107 988 negotio
1123 931 1272 976 insino
1288 933 1374 976 alla
1390 932 1575 986 matina,
1593 935 1677 978 che
1693 934 1743 978 fu
1759 934 1790 978 il
1806 935 1966 992 giorno

332 1014 379 1056 di
396 1015 492 1058 Sta.
514 1010 773 1055 Catharina.
796 1008 1061 1053 Hauendosi
1078 1009 1124 1052 di
1140 1009 1306 1065 partire
1322 1024 1401 1066 per
1417 1009 1528 1054 certi
1545 1011 1715 1067 negotij
1734 1012 1780 1054 d’
1798 1011 1966 1069 impor-

336 1098 470 1134 tanza
491 1089 522 1132 11
543 1086 829 1139 631166113110,
849 1100 1041 1130 venemo
1063 1101 1090 1130 a
1110 1086 1222 1130 certi
1245 1086 1433 1142 articoli,
1457 1087 1488 1130 li
1511 1087 1632 1143 quali
1653 1087 1690 1131 si
1711 1088 1901 1133 scrisero
1922 1090 1968 1133 di

332 1169 484 1220 modo,
505 1169 591 1211 che
612 1167 650 1208 s’
673 1164 800 1208 offeri
822 1163 868 1206 di
890 1163 1088 1220 compire
1115 1163 1263 1207 insino
1291 1179 1316 1207 a
1343 1164 1463 1209 mille
1491 1164 1790 1221 cinquecento
1817 1166 1966 1210 fiorini

331 1244 564 1303 perpetui,
595 1243 922 1298 comprehenso
949 1240 980 1283 il
1008 1241 1296 1294 monasterio,
1322 1241 1353 1284 11
1379 1242 1513 1299 quale
1540 1244 1578 1286 s’
1602 1245 1660 1286 ha
1687 1258 1712 1287 a
1741 1243 1966 1300 applicare

330 1324 678 1380 perfettamente
701 1319 787 1362 alla
815 1317 1113 1374 Compagnia,
1139 1319 1339 1363 secondo
1367 1318 1398 1361 il
1426 1320 1566 1364 breue
1595 1320 1667 1365 del
1695 1335 1837 1378 papa,
1865 1306 1913 1365 et
1934 1320 1965 1364 il

330 1399 539 1443 instituto
562 1397 607 1440 di
629 1396 793 1452 quella.
815 1397 872 1438 Et
888 1395 1054 1451 perche
1076 1409 1167 1438 non
1190 1397 1215 1438 6
1237 1396 1351 1439 31110
1373 1403 1551 1452 questo,
1572 1399 1657 1443 che
1673 1397 1892 1454 principio
1908 1399 1966 1444 de

334 1475 616 1528 fundatione,
638 1474 811 1518 secerno
827 1474 912 1515 che
929 1471 1018 1515 fusi
1035 1478 1249 1516 contento
1266 1472 1297 1516 11
1314 1473 1598 1528 631166113110,
1618 1476 1704 1519 6116
1719 1474 1751 1518 11
1766 1489 1964 1519 vescouo

333 1559 610 1611 promettese
631 1551 688 1594 de
710 1555 1005 1606 augmentare
1026 1549 1070 1593 13
1091 1549 1382 1604 fundatione,
1406 1555 1456 1594 ut
1485 1551 1729 1608 satisfieret
1760 1553 1965 1595 instituto

332 1630 579 1682 societatis,
602 1627 798 1672 secondo
820 1628 904 1669 che
926 1626 989 1668 lui
1011 1628 1192 1671 haueua
1213 1627 1379 1671 sentito
1396 1629 1454 1672 da
1470 1628 1562 1672 noi.
1583 1629 1820 1673 Voleuano
1841 1636 1964 1674 certe

332 1709 446 1752 altre
468 1704 734 1762 obligationi
757 1704 813 1747 de
835 1710 1034 1758 cantare,
1065 1703 1249 1748 scriuer’
1274 1704 1392 1758 libri,
1417 1713 1462 1749 et
1483 1705 1751 1761 visitationi,
1778 1713 1824 1751 et
1845 1713 1964 1750 tutto

331 1785 403 1829 cio
424 1783 658 1828 leuasimo.
684 1783 742 1824 Et
762 1795 842 1837 per
865 1780 1070 1824 facilitar’
1094 1781 1173 1837 piu
1193 1788 1354 1837 questo
1380 1781 1618 1839 principio,
1643 1782 1960 1840 agiongesimo

330 1863 417 1907 che
432 1876 525 1904 non
542 1859 581 1903 si
594 1860 763 1903 daseno
779 1857 928 1900 lettori
945 1857 1080 1900 insin'
1099 1858 1171 1901 all'
1184 1859 1378 1903 Ottobre
1393 1859 1497 1904 dell'
1510 1874 1631 1903 anno
1645 1861 1732 1904 che
1747 1859 1895 1914 viene,
1913 1867 1960 1904 et

329 1940 404 1984 all'
416 1941 527 1982 hora
543 1939 695 1981 fusero
707 1936 764 1978 de
781 1934 922 1977 nostri
940 1950 1002 1978 un
1019 1935 1233 1993 theologo
1244 1942 1290 1980 et
1304 1938 1382 1979 un’
1396 1936 1678 1994 philosopho,
1694 1943 1740 1982 et
1754 1952 1847 1981 non
1864 1938 1954 1991 doi,

328 2015 479 2060 insino
501 2015 575 2058 all’
595 2014 709 2057 altro
731 2026 850 2055 anno
872 2019 1107 2067 sequente,
1127 2019 1173 2057 et
1194 2014 1279 2056 che
1295 2027 1384 2056 non
1403 2013 1564 2058 (135610
1585 2013 1615 2056 11
1631 2013 1774 2058 nostri
1789 2014 1820 2057 1’
1840 2029 1959 2059 anno

328 2095 414 2137 che
435 2092 567 2136 viene
589 2095 777 2146 regente
800 2103 878 2144 per
898 2088 929 2130 li
951 2088 1211 2144 conuittori,
1235 2097 1323 2134 etc.
1342 2097 1363 2118 ²²
1381 2123 1391 2143 ‚
1416 2097 1462 2134 et
1483 2092 1568 2134 che
1595 2091 1680 2135 alla
1702 2092 1954 2149 quadrage-

326 2171 441 2214 sima
457 2168 648 2214 uerrebe
660 2168 792 2210 Mtro.
815 2165 996 2208 03111510
1014 2180 1093 2222 per
1109 2166 1357 2223 predicare,
1377 2173 1423 2211 et
1441 2168 1561 2224 dipoi
1577 2167 1608 2211 11
1624 2169 1961 2214 succederebbe

325 2249 508 2292 alchun’
534 2245 664 2289 altro.
692 2242 854 2299 Questi
878 2242 1051 2285 articoli
1067 2245 1232 2287 furono
1249 2244 1342 2287 dati
1360 2245 1403 2288 al
1418 2259 1617 2289 vescouo
1633 2251 1678 2290 et
1693 2245 1725 2288 li
1742 2246 1957 2303 approbo.

326 2324 464 2380 Dipoi
486 2322 600 2379 parti
622 2321 652 2363 il
673 2318 940 2363 cancellario
962 2334 1041 2375 per
1061 2320 1161 2363 suoi
1183 2321 1374 2378 negotij,
1399 2328 1445 2365 et
1461 2321 1505 2366 io
1520 2337 1601 2379 per
1617 2323 1954 2380 Aschemburg,

326 2415 455 2445 come
475 2402 536 2443 ho
559 2397 714 2442 scritto
737 2403 782 2440 et
803 2393 915 2439 diro.
937 2398 1075 2441 Resto
1092 2400 1231 2442 Mtro.
1260 2398 1443 2442 Canisio
1460 2399 1746 2456 aspetandosi
1766 2416 1793 2444 a
1806 2400 1828 2427 b
1848 2400 1955 2443 tutti

324 2477 415 2531 doi,
441 2479 525 2520 6116
546 2478 801 2519 haueuamo
824 2488 850 2515 a
872 2473 1090 2518 ritornare
1113 2475 1169 2518 ad
1191 2477 1269 2518 un'
1294 2482 1469 2532 tempo:
1494 2476 1540 2519 in
1563 2483 1723 2532 questo
1745 2491 1898 2520 mezzo
1919 2476 1951 2520 il

324 2557 379 2598 P.
406 2553 589 2598 Canisio
612 2552 709 2594 fece
734 2550 823 2593 due
847 2550 1072 2606 prediche,
1092 2567 1180 2596 vna
1202 2551 1249 2595 in
1265 2554 1465 2606 castello,
1485 2554 1515 2596 1’
1535 2554 1648 2597 altra
1664 2554 1781 2598 nella
1797 2553 1949 2596 chiesa

322 2631 574 2688 maggiore‚
600 2634 645 2673 et
667 2628 716 2670 fu
738 2635 1023 2671 accarezzato
1053 2636 1097 2672 et
1125 2628 1316 2673 inuitato
1347 2631 1420 2673 dal
1447 2629 1689 2686 preposito.
1715 2630 1950 2674 Ritornato

322 2707 366 2750 io
387 2707 435 2750 111
457 2704 708 2762 Herbipoli,
732 2710 777 2747 et
799 2705 990 2748 essendo
1012 2713 1191 2761 passato
1214 2705 1243 2748 il
1262 2712 1429 2763 tempo,
1454 2707 1528 2751 nel
1545 2707 1678 2762 quale
1694 2709 1873 2752 haueua
1894 2708 1951 2752 (13

391 2832 413 2853 a
450 2822 664 2871 Sequentia
682 2833 805 2869 usque
825 2821 873 2857 ad
890 2823 1160 2860 alchun'altro
1179 2824 1274 2860 incl.
1298 2823 1429 2861 addita
1448 2830 1539 2861 sunt
1557 2824 1596 2861 in
1618 2836 1742 2872 marg.
1769 2837 1791 2861 a
1807 2825 1953 2862 libr.—

318 2884 342 2911 b
354 2884 465 2920 Haec
483 2882 673 2930 particula
691 2892 806 2928 supra
823 2892 930 2918 verS.
954 2882 1084 2918 addita
1103 2888 1163 2919 est
1187 2895 1209 2918 a
1226 2883 1318 2920 libr.

387 2986 399 3006 ¹
450 2985 515 3022 Cf.
540 2988 671 3020 nosti-a
690 2983 951 3018 Monumenta
964 2986 1261 3033 paedagogica,
1282 2996 1402 3032 pagg.
1425 2993 1548 3032 49-513
1569 2991 1609 3022 et
1627 2986 1862 3022 [nstitutum
1881 2987 1949 3023 So-

314 3044 471 3080 cietatis
480 3044 595 3090 Jesu,
615 3042 668 3088 ΙΙ,
689 3050 771 3086 2143
791 3046 831 3076 et
849 3041 931 3086 531,
951 3042 1018 3078 ubi
1036 3043 1076 3078 in
1094 3055 1242 3080 canone
1260 3043 1283 3079 6
1301 3044 1496 3080 secundae
1516 3044 1831 3092 congregationis
1854 3045 1946 3081 alle-

315 3107 451 3149 gatum
468 3103 590 3138 habes
607 3103 681 3138 hoc
699 3101 826 3137 Lainii
845 3107 1153 3138 monumentum.
