2274 3606
401 746 910 806 PROOEMIUM
969 748 1250 806 TERTII
1302 746 1772 808 VOLUMINIS

335 994 415 1062 ⁴En
440 992 537 1046 tibi,
563 993 708 1038 lector
730 995 970 1051 benevole,
990 995 1175 1040 tertium
1198 1003 1245 1039 et
1271 995 1480 1039 ultimum
1498 994 1793 1052 epistolarum
1812 995 1901 1039 Na·

252 1076 358 1120 talis
393 1076 608 1120 volumen
653 1077 944 1133 exhibemus;
983 1069 1196 1123 ultimum
1234 1078 1418 1136 quidem
1456 1078 1775 1136 epistolarum,
1816 1092 1908 1122 non

254 1167 407 1204 autem
434 1166 719 1205 caeterorum
762 1162 938 1206 Natalis
977 1162 1275 1219 scriptorum;
1307 1170 1527 1218 sequetur
1562 1160 1685 1205 enim
1718 1168 1909 1219 quartus

253 1247 422 1294 tomus,
446 1238 494 1284 in
515 1253 607 1297 quo
628 1241 875 1298 praecipua
896 1241 1018 1286 illius
1046 1241 1224 1300 egregii
1253 1241 1339 1286 viri
1362 1248 1674 1294 monumenta,
1707 1256 1825 1299 quae
1848 1242 1908 1285 ad

252 1323 484 1368 historiam
502 1323 746 1370 Societatis
762 1340 928 1371 novam
945 1327 1095 1371 lucem
1113 1326 1280 1372 addere
1303 1333 1536 1383 poterunt,
1556 1324 1692 1369 simul
1710 1326 1905 1371 collecta

250 1409 551 1466 proferemus.
576 1409 627 1452 In
650 1409 739 1453 hac
761 1417 915 1456 autem
936 1409 1222 1468 praefatione
1243 1411 1301 1454 ab
1323 1409 1483 1455 ordine
1505 1409 1553 1453 in
1572 1408 1803 1467 prioribus
1820 1423 1905 1452 vo—

249 1490 498 1536 luminibus
525 1500 708 1537 servato
735 1493 923 1538 minime
950 1494 1258 1539 recedendum
1288 1493 1619 1546 existimamus3
1653 1500 1704 1537 ut
1739 1506 1904 1550 nempe

246 1574 395 1632 primo
415 1576 519 1620 loco
545 1576 603 1621 de
640 1590 851 1632 numero,
883 1584 979 1621 tum
1007 1578 1065 1621 de
1098 1584 1278 1631 natura,
1303 1576 1502 1635 denique
1525 1578 1583 1622 de
1616 1576 1904 1635 argumentis

244 1659 540 1719 epistolarum
563 1676 709 1719 pauca
730 1662 1099 1720 praemittamus.

342 1923 358 1955 1
371 1947 381 1956 .
444 1912 760 1968 Epistolarum
782 1915 1073 1972 aliorumque
1090 1918 1491 1958 monumentorum
1512 1914 1892 1958 numerus.-Ac

245 1994 393 2052 primo
417 1996 620 2053 quidem,
650 2013 767 2054 quae
795 2001 852 2044 de
881 1999 1012 2056 copia
1043 2006 1444 2045 monumentorum
1466 1998 1513 2041 in
1541 1999 1630 2042 hoc
1653 1997 1887 2042 volumine

241 2079 524 2124 edendorum
547 2081 595 2124 in
622 2083 863 2138 prodromo
886 2081 1078 2127 secundi
1099 2081 1349 2126 voluminis
1370 2081 1652 2136 dicebamus,
1681 2080 1892 2125 «uberio-

242 2178 353 2215 rem,
385 2162 574 2217 scilicet‚
606 2172 812 2221 segetem
842 2166 900 2209 ad
931 2165 1110 2210 tertiam
1146 2165 1354 2222 ejusdem
1393 2163 1602 2222 [Natalis]
1627 2163 1673 2210 in
1694 2164 1891 2207 Germa-

241 2245 363 2290 niam
383 2245 646 2292 missionem
668 2249 756 2292 sub
786 2249 837 2294 S.
863 2250 898 2292 F
901 2248 1107 2293 rancisco
1129 2249 1187 2294 de
1220 2248 1358 2305 Borja
1378 2247 1651 2306 pertinere»,
1677 2247 1773 2302 jam
1794 2246 1890 2290 suis

236 2329 429 2387 ipsemet
449 2330 595 2374 lector
615 2331 760 2375 oculis
782 2332 1041 2388 perspicere
1062 2331 1247 2390 poterit.
1279 2332 1338 2376 Et
1360 2347 1409 2376 re
1431 2330 1617 2387 quidem
1639 2343 1765 2383 vera,
1785 2329 1885 2386 epi—

239 2413 378 2458 stolas
394 2427 487 2457 non
509 2413 660 2458 minus
683 2426 786 2470 275,
816 2416 1041 2460 hactenus
1062 2415 1109 2459 in
1137 2414 1331 2460 diversis
1355 2413 1589 2458 tabulariis
1610 2412 1886 2458 delitescen-

240 2502 325 2549 tes,
348 2496 451 2542 heic
473 2497 760 2551 exhibemuS,
780 2513 806 2542 a
821 2512 979 2544 mense
993 2498 1167 2543 scilicet
1181 2498 1432 2543 Februario
1449 2497 1557 2541 anni
1585 2496 1697 2551 1566
1714 2495 1771 2539 ad
1788 2497 1884 2540 De-

234 2579 465 2624 cembrem
493 2587 605 2636 15'77
627 2581 780 2635 datas;
815 2595 1008 2638 quarum
1035 2582 1118 2640 169
1145 2588 1254 2625 sunt
1285 2582 1340 2626 P.
1365 2579 1540 2626 Natalis
1563 2579 1880 2636 autographae

234 2662 308 2706 vel
333 2664 624 2721 archetypae‚
656 2678 829 2720 eaeque
859 2665 1027 2722 longae
1058 2672 1110 2708 ut
1131 2663 1379 2722 plurimum
1402 2678 1455 2707 ac
1484 2660 1775 2706 documentis
1807 2661 1882 2704 hi-

228 2746 408 2791 storicis
424 2745 703 2812 locupletes,
729 2749 787 2793 Iis
810 2750 1090 2806 respondent
1118 2749 1217 2804 106,
1237 2756 1284 2794 et
1302 2748 1513 2806 amplius,
1535 2745 1688 2791 Natali
1710 2760 1737 2788 a
1762 2748 1879 2789 Bor-

224 2828 303 2886 gia
333 2831 407 2875 vel
443 2832 500 2874 ab
538 2831 637 2876 aliis
668 2833 818 2886 datae;
854 2833 1038 2889 quibus,
1069 2833 1167 2878 sive
1202 2833 1251 2877 in
1282 2831 1672 2883 annotationibus,
1714 2844 1798 2875 seu
1829 2830 1877 2874 in

162 2944 165 2947 -
229 2913 573 2969 appendicibus,
599 2916 829 2961 accedunt
858 2917 938 2970 167
961 2923 1257 2979 monumenta
1272 2915 1504 2967 historica,
1526 2914 1663 2959 etiam
1679 2913 1871 2966 inedita,

224 2994 285 3038 ad
300 2994 500 3052 ipsarum
516 2997 810 3055 epistolarum
828 3006 1100 3056 argumenta
1117 2999 1401 3044 illustranda.
1422 2999 1472 3042 In
1493 2999 1581 3041 hoc
1603 2997 1763 3042 ultimo
1787 3009 1874 3039 nu-

230 3091 355 3123 mero
377 3079 673 3126 continentur
701 3083 751 3127 18
773 3083 969 3136 litterae,
995 3097 1021 3126 a
1049 3082 1181 3127 nobis
1202 3090 1305 3140 post
1326 3081 1459 3140 primi
1480 3081 1555 3126 vel
1576 3079 1771 3126 secundi
1792 3092 1877 3122 vo-
