2228 3548
0 104 34 140 Η·

13 368 15 370 ’
39 370 55 394 0·

941 269 985 306 13
1010 270 1122 317 Jumr
1148 269 1240 317 1567
1785 270 1857 318 493

265 360 382 420 Mro.
408 373 541 420 Retio
561 375 572 395 ¹
596 373 806 417 scriuano
828 373 889 430 (et
910 375 948 416 s’
971 373 1122 417 alcun'
1141 373 1256 417 altro
1277 375 1437 431 parera
1457 389 1485 418 a
1507 375 1622 418 Mro.
1648 374 1905 430 Leonardo)

263 452 297 495 il
316 466 447 509 parer
466 452 566 495 loro
586 452 672 494 alla
700 453 752 495 Ρ.
779 452 836 495 V.
857 451 892 494 Il
912 450 1160 495 medesimo
1181 452 1241 495 ho
1262 451 1388 497 detto
1410 451 1487 508 gia
1508 451 1551 494 al
1574 453 1627 495 P.
1654 452 1846 496 Costero
1863 452 1900 506 ³,

266 530 352 572 che
372 529 398 572 e
419 527 611 586 prattico
631 528 677 571 di
698 529 755 572 la.
781 529 825 572 A
846 543 920 572 me
939 542 1034 572 non
1056 530 1117 571 m'
1142 542 1331 574 occorre
1351 529 1466 572 altra
1486 542 1612 582 cosa,
1635 543 1684 573 se
1706 543 1798 572 non
1814 530 1902 572 che

266 606 306 649 si
327 605 541 649 mandino
564 605 702 661 quelli
723 604 851 649 breui
869 606 902 659 ⁵,
921 612 969 650 et
983 619 1033 649 se
1049 620 1199 651 venne
1220 605 1251 648 il
1272 621 1320 650 re
1342 606 1581 660 catholico,
1607 621 1634 650 a
1655 606 1729 649 chi
1751 606 1901 662 quella

267 682 356 726 cita
377 685 436 726 ha
456 697 571 740 gran
600 683 787 739 rispetto
814 696 893 739 per
923 689 1060 725 conto
1087 683 1205 727 della
1234 682 1419 727 vicinita
1445 683 1492 726 di
1519 682 1762 737 Gheldria‚
1786 690 1897 736 etc.,

265 761 351 805 che
387 759 426 804 si
461 760 703 817 proeurino
738 761 896 804 lettere
931 760 1060 804 calde
1096 759 1143 803 in
1179 760 1618 813 raccomandatione,
1641 767 1699 804 -et
1736 761 1821 804 che
1858 761 1900 804 s’

261 837 426 894 aspetti
446 853 507 880 vn
528 837 821 882 arciuescouo
838 835 1102 880 fauorabile.
1124 838 1182 880 Et
1198 843 1396 880 tratanto
1418 837 1644 894 guardino
1667 837 1731 894 gli
1753 837 1898 881 nostri

260 913 307 957 di
337 928 427 958 non
461 915 556 959 fare
593 921 750 957 contra
786 912 815 956 il
854 912 1078 966 instituto,
1103 913 1432 958 dissimulando
1463 929 1550 958 con
1579 915 1622 958 13
1648 913 1901 959 vniuersita

260 998 431 1046 quanto
453 998 730 1047 puotrann03
756 991 923 1048 perche
944 989 988 1033 io
1010 1004 1101 1034 non
1123 1003 1267 1047 penso
1289 992 1374 1034 che
1396 998 1705 1047 apertamente
1719 992 1902 1047 possint

261 1069 326 1111 vti
347 1068 551 1111 instituto
574 1069 622 1111 in
655 1068 840 1111 Colonia
862 1082 949 1111 con
978 1067 1022 1111 la
1049 1065 1317 1119 vniuersita.
1339 1082 1390 1112 se
1418 1082 1511 1111 non
1543 1068 1679 1113 facesi
1710 1068 1767 1112 da
1788 1083 1900 1114 vero

264 1145 387 1188 forza
407 1145 453 1187 in
477 1152 637 1200 questo
659 1145 754 1190 Sua
774 1143 966 1196 Santita,
991 1143 1023 1186 il
1050 1145 1136 1188 che
1157 1143 1326 1200 meglio
1349 1143 1386 1187 si
1408 1146 1661 1201 puotrebbe
1682 1146 1900 1190 effettua·

266 1237 316 1267 re
329 1229 351 1250 ²
373 1222 604 1279 pigliando
626 1222 716 1267 tale
735 1227 969 1278 assumpto
992 1236 1052 1265 vn
1072 1235 1271 1265 vescouo
1299 1223 1578 1267 fauoreuole.
1605 1222 1744 1267 Siano
1764 1237 1845 1279 per
1866 1223 1897 1265 l'

266 1313 392 1342 amor
412 1299 470 1344 de
490 1298 579 1343 Dio
599 1298 630 1342 li
652 1297 782 1356 grani
802 1297 1050 1343 benedetti:
1076 1312 1189 1342 sono
1210 1298 1351 1342 buoni
1373 1307 1419 1343 et
1450 1299 1735 1352 buonissimi,
1758 1314 1897 1344 anco-

265 1377 401 1420 rache
421 1375 548 1419 siano
570 1375 718 1432 pochi.
743 1375 830 1420 Del
851 1374 1018 1419 vestire
1039 1375 1145 1420 delli
1166 1375 1309 1420 nostri
1335 1390 1417 1432 per
1443 1376 1691 1421 Germania
1704 1411 1714 1429 ‚
1740 1377 1835 1420 faro
1856 1377 1899 1421 la

264 1452 500 1510 diligentia
521 1454 606 1497 che
628 1454 686 1498 V.
714 1454 766 1496 P.
792 1451 853 1495 mi
875 1451 1023 1496 scriue
1044 1466 1054 1506 ;
1079 1459 1125 1497 et
1157 1452 1234 1510 gia
1253 1453 1285 1496 l'
1318 1454 1379 1497 ho
1400 1455 1514 1498 satta
1536 1454 1581 1497 in
1605 1461 1766 1510 questa
1789 1469 1898 1511 pro—

263 1529 414 1574 uincia
435 1543 516 1587 per
537 1544 693 1574 mezzo
715 1531 788 1574 del
812 1531 864 1573 P.
897 1530 1111 1574 Costero.

353 1618 395 1662 5.
460 1609 647 1663 Quanto
668 1623 694 1652 a
717 1607 868 1663 quello
899 1606 944 1650 di
974 1606 1105 1664 Spira
1132 1614 1179 1651 et
1207 1607 1460 1665 Herbipoli‚
1486 1616 1556 1652 sta
1584 1609 1727 1653 molto
1758 1610 1894 1654 bene.

262 1685 326 1737 Io,
349 1697 477 1728 come
498 1686 558 1728 ho
579 1683 739 1728 scritto
762 1699 788 1728 a
810 1685 924 1728 Mro.
951 1683 1155 1728 Antonio
1172 1684 1205 1738 ⁴,
1224 1692 1271 1729 et
1291 1684 1355 1728 lui
1375 1700 1403 1729 a
1424 1700 1512 1739 me,
1533 1700 1666 1743 spero
1688 1692 1734 1730 et
1758 1686 1898 1730 credo

264 1762 350 1804 che
370 1761 479 1818 ogni
501 1775 608 1805 cosa
623 1761 660 1804 si
678 1761 868 1818 guidara
884 1776 910 1804 a
927 1760 1136 1817 maggior
1152 1761 1386 1819 seruiggio
1401 1763 1475 1806 del
1492 1762 1704 1820 Signore.
1727 1763 1790 1807 So
1811 1764 1899 1806 che

263 1837 296 1881 il
318 1840 372 1883 Ρ.
396 1838 599 1882 Antonio
619 1845 667 1883 et
689 1841 804 1883 Mro.
830 1837 1014 1882 Canisio
1037 1838 1374 1884 sebhaueuano
1403 1855 1430 1883 a
1456 1839 1679 1884 ritrouare
1707 1839 1895 1885 insieme

264 1915 310 1958 in
332 1915 569 1972 Herbipoli
588 1922 606 1943 ⁰
627 1915 656 1958 il
678 1915 839 1972 giorno
861 1915 907 1958 di
929 1921 1059 1958 santo
1074 1914 1287 1969 Gioanni,
1310 1922 1358 1960 et
1384 1918 1500 1961 Mro.
1526 1917 1730 1961 Antonio
1751 1919 1812 1961 m’
1835 1919 1895 1961 ha

262 1991 419 2035 scritto
436 1993 521 2037 che
538 1994 667 2037 verra
684 2007 710 2035 a
726 1991 942 2036 trouarmi
959 2006 1064 2047 qua,
1085 1992 1172 2036 alla
1192 1993 1336 2048 fonte,
1355 1994 1510 2038 auanti
1528 1996 1602 2038 ch’
1622 1994 1666 2038 io
1689 1994 1749 2038 mi
1766 2002 1895 2051 parta

279 2065 407 2125 ’quidi
421 2067 458 2111 d.
479 2070 612 2112 Altro
628 2083 722 2112 non
744 2083 795 2112 so
816 2068 862 2111 di
879 2069 984 2125 quel
1005 2067 1198 2125 negocio
1215 2075 1249 2112 θ.
1269 2069 1358 2114 Gia
1373 2072 1543 2115 hauera
1562 2071 1680 2115 visto
1696 2072 1739 2115 la
1757 2073 1810 2115 P.
1831 2073 1890 2116 V.

260 2161 389 2191 corne
411 2146 647 2202 Herbipoli
668 2147 706 2189 s’
731 2147 756 2189 e
780 2146 891 2189 satta
912 2145 1029 2188 della
1052 2145 1286 2201 prouincia
1307 2147 1381 2191 del
1404 2149 1579 2192 Rheno:
1607 2155 1653 2192 et
1674 2148 1829 2192 riceuo
1850 2149 1896 2191 la

260 2223 433 2267 charita
453 2225 538 2266 che
557 2223 601 2266 13
624 2225 677 2266 P.
698 2224 755 2266 V.
781 2222 842 2264 mi
865 2222 1014 2266 scriue
1032 2221 1048 2250 f
1066 2221 1111 2265 di
1132 2237 1215 2267 sua
1234 2238 1384 2277 mano,
1405 2227 1543 2269 esser'
1565 2225 1641 2282 gia
1661 2226 1892 2282 assegnati

262 2299 445 2344 alchuni
470 2314 551 2356 per
571 2300 651 2343 dar
673 2299 842 2343 susidio
864 2315 891 2343 a
913 2300 1017 2355 quel
1044 2299 1252 2357 collegio.
1278 2300 1449 2346 Riceuo
1470 2317 1635 2347 ancora
1658 2303 1698 2346 la
1720 2301 1894 2346 charita

264 2379 350 2422 che
373 2377 417 2420 fa
438 2377 480 2420 la
503 2379 556 2420 P.
582 2377 634 2420 V.
660 2376 703 2419 al
725 2378 778 2420 P.
806 2375 1010 2420 Oliuerio
1027 2377 1043 2398 ⁵
1064 2390 1144 2432 per
1158 2377 1203 2420 13
1221 2392 1305 2422 sua
1324 2378 1574 2436 prouincia,
1595 2387 1639 2424 et
1657 2394 1705 2423 se
1722 2378 1759 2422 si
1775 2393 1892 2436 puo-

267 2462 363 2498 tese
384 2454 598 2514 mandare
619 2468 679 2496 vn
702 2460 869 2497 rettore
891 2467 970 2509 per
991 2453 1195 2497 Mouriac
1212 2461 1236 2488 ἔ
1252 2488 1263 2509 ,
1287 2455 1406 2499 saria
1424 2470 1536 2513 gran
1569 2471 1690 2508 cosa,
1715 2470 1846 2499 como
1866 2456 1895 2498 e

268 2531 357 2576 tale
377 2531 421 2574 13
442 2530 680 2575 necessita.

332 2645 354 2665 ²²
392 2637 578 2684 Sequitur
593 2637 717 2672 etiam
731 2635 993 2672 obliteratum.
1003 2636 1067 2663 —b
1082 2643 1103 2670 2
1118 2636 1238 2673 verba
1250 2648 1359 2686 seqq.
1376 2650 1491 2686 supra
1506 2651 1608 2674 vers.
1630 2638 1787 2685 scripsit
1801 2638 1891 2674 libr.

261 2696 393 2732 deleto
413 2706 490 2732 uno
507 2696 711 2731 verba—0
730 2703 750 2740 5
770 2696 891 2730 verba
908 2705 1017 2741 seqq.
1039 2694 1079 2730 in
1096 2705 1218 2741 marg.
1243 2695 1394 2733 addidit
1418 2698 1579 2733 libr.—d
1602 2697 1786 2745 Sequitur
1812 2696 1894 2733 Gi&

260 2755 414 2791 hauerd
432 2755 682 2790 obliteratum
701 2766 722 2790 a
740 2755 899 2790 libr.—e
917 2754 1002 2789 Hoc
1021 2754 1130 2789 verb.
1149 2765 1266 2801 supra
1283 2767 1386 2792 vers.
1407 2756 1558 2793 addidit
1576 2757 1731 2792 libr.—f
1752 2757 1894 2792 Emen-

261 2814 394 2850 datum
411 2825 434 2849 3
451 2813 540 2850 libr.
560 2825 609 2848 ex
626 2814 814 2850 scriueua
832 2812 967 2859 (?).—g
980 2812 1059 2856 Sic,
1080 2823 1150 2859 pro
1165 2813 1367 2852 Mauriac.

338 2903 347 2924 ¹
398 2905 569 2950 Joannes
585 2903 765 2949 Rhefius,
782 2914 925 2950 regens
943 2901 1119 2949 ejusdem
1137 2903 1305 2950 collegii.

332 2966 347 2986 ²
398 2961 626 2998 Franciscus
644 2963 845 3007 Costerus,
865 2961 1113 3010 provincialis
1132 2961 1365 3000 Germaniae
1384 2963 1595 3001 inferioris.

335 3023 350 3044 ³
399 3021 499 3058 Vide
518 3021 632 3068 epist.
653 3030 736 3067 474,
756 3034 795 3057 n.
815 3029 850 3067 5.
1042 3022 1058 3043 ⁴
1107 3020 1249 3067 Vinck‚
1264 3024 1488 3070 provinciae
1507 3023 1633 3060 Rheni
1652 3022 1888 3060 moderator.

338 3082 354 3103 ⁵
402 3081 621 3127 Manareus,
638 3079 885 3127 provincialis
902 3079 1103 3116 Franciae.
