2228 3548
363 260 435 297 320
880 259 1018 294 Emsr.
1045 257 1090 292 P.
1118 257 1391 303 NADAL—454

314 364 376 407 mi
404 368 556 419 presto
578 360 668 404 co’l
690 359 959 403 cancellario
982 358 1027 402 di
1050 359 1156 415 quel
1177 372 1376 404 vescouo
1397 373 1407 413 ;
1430 361 1483 412 set
1503 361 1643 404 Mtro.
1676 360 1880 404 Antonio
1907 368 1954 406 et

315 440 560 484 Lamberto
583 444 765 481 starano
787 435 931 493 hoggi
953 435 1030 491 qui
1052 449 1132 492 per
1153 436 1196 479 13
1215 435 1468 492 speditione
1487 435 1532 479 di
1549 438 1684 481 Mtro.
1706 436 1879 491 Pietro,
1905 444 1952 482 et

318 519 447 560 Mtro.
469 514 672 559 Antonio
694 514 863 557 andara
883 528 909 555 a
938 511 1198 570 Maguntia,
1223 518 1270 556 et
1290 512 1335 556 di
1357 513 1401 556 13
1423 515 1554 558 uerra
1575 528 1601 558 a
1622 513 1876 558 ritrouarmi
1903 515 1950 558 in

316 593 465 650 Spira,
490 592 609 634 doue
642 606 700 634 ua
729 589 883 633 diritto
905 592 1039 634 Mtro.
1067 590 1325 634 Lamberto.
1353 591 1442 634 Per
1468 597 1630 646 questa
1649 605 1741 635 non
1763 592 1888 635 altro.
1914 593 1948 636 Il

318 670 518 727 Signore
539 667 605 712 sia
627 681 714 711 con
741 666 831 711 noi.
865 667 964 710 Ora
984 671 1074 723 pro
1102 667 1248 721 nobis,
1266 668 1426 710 Pater.
1452 668 1524 711 Da
1550 668 1887 726 Aschemburg‚
1919 669 1950 713 il

318 747 463 804 primo
496 745 542 788 di
563 745 818 788 Decembre
846 745 972 799 1566.
999 746 1070 788 De
1091 745 1148 788 V.
1177 746 1230 788 Ρ.
1255 758 1390 789 seruo
1413 759 1471 789 en
1492 745 1595 798 X.⁰,

1398 826 1428 886 †
1460 828 1646 945 NAssAL.
1684 827 1713 886 γ

404 979 651 1035 Inscriptio
687 979 739 1021 in
773 981 940 1034 quarta
970 978 1169 1034 pagina:
1201 963 1329 1034 Jhus.
1369 977 1632 1020 Admodum
1669 977 1784 1020 Rdo.
1826 977 1953 1021 Patri

316 1062 475 1099 nostro
504 1055 551 1098 in
579 1055 763 1099 Christo
790 1056 826 1098 F
829 1053 1033 1098 rancisco
1061 1069 1087 1097 a
1125 1053 1314 1110 Borgia,
1341 1053 1587 1099 Societatis
1609 1055 1720 1112 Jesu
1753 1054 1954 1111 generali

317 1133 591 1191 praeposito,
612 1139 700 1177 etc.
721 1133 878 1176 Roma.
896 1132 1004 1174 Alia
1020 1146 1178 1174 manu:
1197 1132 1251 1175 C.
1266 1146 1325 1175 m.
1343 1147 1384 1176 e.
1405 1146 1449 1188 p.
1471 1130 1501 1190 †
1518 1132 1769 1189 Vestigium
1786 1131 1950 1189 sigilli.

1077 1245 1196 1285 454

788 1328 830 1364 S.
857 1328 1190 1366 FRANCISCUS
1215 1330 1286 1365 DE
1310 1328 1482 1376 BORJA

644 1396 856 1439 PATRI
910 1396 1345 1439 HIERONYMO
1392 1396 1638 1440 NADAL

823 1480 983 1517 ROMAE,
1003 1471 1026 1506 3
1044 1480 1284 1509 DECEMBms
1305 1472 1395 1517 1566
1418 1475 1447 1508 ¹.

314 1524 350 1575 1.
370 1539 518 1575 Petrus
536 1538 694 1584 Sylvius
710 1537 1085 1573 sublevandus.—2.
1106 1538 1319 1583 Quaedam
1328 1541 1483 1586 puncta
1496 1539 1543 1575 de
1559 1538 1726 1586 collegio
1743 1538 1959 1574 trevirensi

441 1610 467 1633 a
488 1598 540 1633 P.
564 1597 730 1632 Andrea
745 1597 1058 1643 proposita.-3.
1082 1597 1142 1633 De
1162 1597 1249 1632 ΡΡ.
1271 1597 1535 1634 Stevordiano
1558 1600 1596 1633 et
1613 1597 1836 1646 Swagerio.

415 1688 452 1719 1.
511 1677 644 1732 Jhus.
671 1674 828 1718 Molto.
857 1675 969 1717 Rdo.
996 1674 1042 1717 in
1070 1675 1190 1731 Xpo.
1216 1675 1378 1718 Padre.
1406 1677 1502 1719 Pax
1524 1675 1650 1731 Xpi.,
1681 1682 1769 1720 etc.
1795 1673 1960 1720 Scriue

319 1753 350 1795 il
374 1754 426 1796 P.
454 1751 608 1796 Pietro
631 1750 774 1795 Siluio
795 1751 809 1771 ²
834 1753 918 1795 che
939 1751 982 1794 10
1000 1765 1219 1807 premono
1240 1751 1357 1796 assai
1379 1752 1487 1796 duoi
1503 1752 1633 1808 uffitij
1658 1754 1742 1797 che
1764 1751 1884 1796 tiene
1906 1751 1953 1795 in

318 1831 534 1873 Treuere.
562 1829 618 1871 V.
650 1829 705 1871 R.
732 1828 864 1881 ueda,
905 1828 1179 1871 trattandolo
1201 1828 1271 1872 col
1308 1829 1455 1872 Padre
1492 1843 1576 1872 suo
1610 1826 1882 1886 prouincial,
1903 1843 1957 1873 se

317 1908 418 1950 sara
441 1904 676 1962 spediente
697 1904 960 1948 scarricarlo
983 1906 1160 1950 almeno
1182 1906 1270 1951 del’
1297 1921 1403 1950 uno.
1424 1924 1427 1927 ¹

409 1996 450 2038 3.
516 1984 582 2026 La
609 1983 762 2025 buona
787 1982 1002 2026 memoria
1031 1984 1104 2026 del
1133 1985 1186 2027 P.
1228 1984 1429 2036 Andrea,
1460 1990 1607 2027 morto
1635 1981 1783 2039 questi
1805 1982 1955 2039 giomi

316 2060 363 2103 in
396 2061 596 2104 Treuere
619 2060 651 2113 ⁵,
677 2058 838 2102 scrisse
867 2074 956 2103 una
984 2060 1145 2105 lettera
1172 2061 1229 2105 de
1250 2059 1418 2105 diuersi
1439 2059 1586 2117 punti,
1612 2074 1740 2104 come
1762 2073 1956 2116 persona

315 2137 467 2181 zelosa
483 2137 554 2180 del
579 2137 705 2179 buon
735 2137 977 2191 procedere
1005 2144 1050 2181 et
1078 2136 1292 2195 religioso
1315 2137 1433 2181 dela
1463 2136 1747 2194 Compagnia
1774 2135 1822 2179 in
1852 2136 1959 2192 quel

316 2213 529 2270 collegio.
556 2212 650 2269 Qui
671 2212 709 2255 si
738 2213 903 2256 manda
929 2229 955 2256 a
977 2215 1034 2258 V.
1068 2216 1143 2268 R.,
1174 2214 1300 2258 366ἱό
1324 2215 1439 2260 ueda
1467 2229 1517 2258 se
1548 2213 1578 2257 li
1600 2215 1759 2270 patera
1790 2227 1958 2270 proue—

317 2291 426 2335 dere
447 2290 495 2333 in
518 2291 709 2346 qualche
731 2304 852 2333 cosa.

407 2381 450 2422 3.
514 2368 549 2410 11
572 2369 624 2410 Ρ.
651 2366 845 2411 Martino
863 2367 879 2387 ⁴
896 2367 941 2410 di
959 2369 1200 2412 Monachio
1216 2369 1501 2413 domandaua
1516 2368 1706 2413 licencia
1722 2367 1768 2411 di
1789 2368 1951 2425 legger

315 2444 418 2488 libri
439 2443 642 2488 heretici:
668 2443 706 2487 si
728 2442 906 2488 rimette
936 2460 1069 2502 sopra
1097 2447 1245 2502 quella
1267 2462 1293 2490 3
1321 2448 1378 2491 V.
1405 2448 1459 2490 R.
1486 2446 1536 2492 Si
1566 2445 1713 2489 scriue
1740 2446 1884 2488 anche
1907 2445 1950 2488 31

315 2522 467 2565 dottor
487 2521 698 2565 Conrado
728 2522 759 2574 ⁵,
792 2524 1101 2567 essortandolo
1129 2539 1155 2567 a
1179 2523 1307 2568 uenir
1329 2539 1434 2581 qua,
1465 2538 1493 2567 o
1514 2524 1692 2568 almeno
1722 2522 1780 2566 ad
1809 2522 1950 2565 andar

386 2658 398 2678 ¹
450 2658 509 2692 Ex
532 2657 759 2704 archetypo,
779 2668 800 2692 a
819 2658 1045 2695 Fernandez
1069 2665 1241 2707 exarato,
1267 2665 1308 2696 et
1330 2660 1496 2707 Borgiae
1519 2671 1635 2696 manu
1659 2659 1893 2706 subscripto,
1911 2658 1952 2695 in

320 2716 415 2752 Cod.
437 2727 500 2763 34,
521 2716 636 2753 unico
655 2716 740 2763 fol.,
763 2716 829 2762 189
847 2718 936 2762 (77).

384 2779 399 2798 ²
450 2776 545 2823 Ejus
564 2788 730 2812 examen
747 2775 838 2812 vide
863 2777 902 2812 in
921 2778 1052 2825 Epist.
1078 2779 1241 2827 NataL,
1262 2780 1315 2826 ΙΙ,
1335 2788 1422 2826 579.

385 2836 400 2856 ³
449 2835 495 2871 ln
512 2836 691 2882 catalogo
708 2836 864 2882 collegii
883 2837 1109 2874 trevirensis
1127 2839 1218 2875 anni
1239 2839 1330 2884 1566
1343 2841 1439 2875 haec
1452 2838 1502 2876 de
1519 2839 1562 2874 P.
1579 2838 1736 2875 Andrea
1753 2838 1953 2886 reperiun-

314 2899 389 2930 tur:
412 2894 483 2930 «P.
509 2894 686 2930 Andreas
705 2895 1070 2944 valkenburgensis‚
1092 2907 1138 2933 20
1156 2898 1399 2945 Septembris
1422 2899 1495 2934 hoc
1519 2909 1634 2945 anno,
1660 2902 1861 2945 correptus
1885 2909 1951 2945 pe-

313 2958 389 2999 ste,
410 2953 592 2999 migravit
609 2953 658 2989 ad
677 2953 901 2989 Dominum.
922 2956 1013 2992 Erat
1031 2957 1252 3003 praefectus
1269 2957 1312 2994 S.
1342 2959 1550 3003 Barbarae,
1570 2963 1610 2994 et
1633 2957 1790 3003 collegii
1814 2967 1950 3004 procu-

312 3016 428 3047 rator.
451 3012 742 3048 Professionem
760 3011 782 3047 3
800 3017 980 3050 votorum
999 3016 1131 3052 emisit
1151 3008 1192 3061 15
1212 3017 1434 3063 Januarii.»

384 3072 401 3092 ⁴
451 3071 748 3108 Stevordianus.
1194 3078 1208 3098 ⁵
1258 3075 1502 3123 Swagerius.
