2228 3548
391 264 464 311 560
570 315 573 318 ι
903 261 1046 299 ΕΡιετ.
1075 259 1120 296 Ρ.
1149 241 1340 297 ΝΑυΑι-
1354 269 1426 309 509

343 366 375 409 il
404 367 457 409 P.
487 363 689 415 Canisio,
715 376 796 418 per
818 362 1036 406 atendere
1059 361 1102 404 al
1124 361 1326 406 scriuere
1347 368 1508 407 contra
1529 363 1572 409 le
1589 363 1811 418 centurie,
1832 378 1913 421 per
1929 377 2006 407 or·

349 442 455 485 dine
477 440 522 483 di
549 441 645 484 Sua
663 437 861 483 Santita.

436 532 476 572 3.
545 517 734 572 Quanto
756 516 799 558 al
821 513 1017 571 collegio
1039 515 1125 559 che
1147 514 1375 560 uorrebbe
1398 515 1466 559 far
1487 515 1534 560 in
1550 517 1711 560 Duaco
1733 516 1765 560 il
1780 518 1895 562 Rdo.
1918 518 2001 561 ab-

340 597 447 639 bate
469 593 515 636 di
545 591 809 649 Aquecinto
835 594 865 646 ¹,
890 606 1000 648 pare
1016 593 1075 635 ha
1094 591 1209 634 tanti
1226 591 1505 649 contrapesi,
1525 594 1610 638 che
1627 578 1722 638 non
1736 593 1998 651 giudicamo
2027 578 2029 581 ¹

341 670 580 728 spediente
602 669 669 713 sia
690 675 919 714 accettato
940 668 989 712 in
1009 669 1074 712 tal
1100 670 1260 712 forma.
1285 670 1342 712 Et
1370 668 1539 727 poiche
1565 669 1614 714 in
1640 669 1786 716 simile
1813 671 1999 715 vniuer-

340 748 427 792 sita
451 763 544 791 non
567 746 659 804 puo
687 745 851 804 pigliar
879 753 1070 789 assunto
1102 745 1147 789 di
1177 746 1370 803 leggere
1399 747 1444 791 la
1472 745 1775 804 Compagnia‚
1808 749 1999 793 sarebbe

343 827 462 870 forse
485 824 563 882 piu
585 823 823 881 spediente
846 824 931 867 che
953 822 991 866 si
1014 824 1190 867 facesse
1211 837 1275 866 un
1298 823 1495 881 collegio
1517 838 1648 869 come
1670 824 1810 880 quelli
1837 824 1884 868 di
1915 826 2002 871 Sa-

340 903 548 947 lamanca
570 908 615 947 et
638 900 818 955 Alcala,
844 901 968 946 doue
990 901 1115 944 fusse
1145 915 1207 944 un
1241 915 1434 946 numero
1465 901 1512 955 di
1544 900 1746 946 scholari
1778 901 1922 946 nostri
1955 902 2003 947 in

342 979 590 1036 theologia,
616 985 662 1024 et
684 978 722 1022 si
744 977 993 1031 accadessi‚
1020 979 1167 1022 anche
1199 978 1247 1021 in
1264 977 1569 1036 philosophia,
1603 979 1727 1034 quali
1759 978 2003 1024 andassino

342 1058 430 1102 alle
451 1055 631 1101 lettioni
652 1055 852 1113 publice,
894 1056 1073 1100 benche
1111 1054 1359 1100 hauessino
1398 1056 1594 1112 qualche
1614 1051 1785 1100 mastro
1807 1056 1854 1099 in
1875 1070 1999 1112 casa,

340 1149 422 1191 per
445 1133 592 1178 aiutar
613 1147 704 1177 con
733 1132 928 1189 qualche
960 1131 1149 1176 lettione
1175 1132 1443 1187 domestica;
1478 1132 1647 1190 perche
1679 1132 1775 1177 cosi
1807 1139 1935 1177 tanto
1967 1133 1999 1177 li

342 1210 567 1268 discipoli,
598 1217 771 1266 quanto
798 1209 831 1252 li
858 1209 1031 1262 mastri,
1058 1209 1405 1266 aiutarebbono,
1431 1217 1477 1253 et
1499 1224 1593 1254 non
1621 1209 1997 1267 impedirebbono

341 1289 386 1332 la
407 1287 674 1341 vniuersita3
700 1301 728 1331 o
750 1301 878 1339 uero,
899 1301 949 1331 se
965 1286 1044 1342 piu
1061 1293 1215 1342 presto
1233 1286 1402 1330 uolessi
1425 1288 1509 1331 far'
1528 1286 1772 1333 seminario
1793 1286 1839 1330 di
1862 1287 1995 1332 noui-

343 1366 392 1422 tij
418 1367 504 1409 che
532 1364 579 1408 di
608 1363 803 1408 scholari
833 1363 923 1421 (gia
951 1365 1036 1407 che
1067 1370 1196 1407 tocca
1225 1364 1344 1408 nelle
1372 1378 1456 1409 sue
1483 1365 1645 1409 lettere
1667 1365 1754 1410 che
1775 1379 1865 1409 non
1881 1365 1997 1408 hab-

343 1443 496 1486 biamo
525 1442 572 1485 in
602 1442 753 1498 quella
783 1440 1012 1498 prouintia
1039 1455 1143 1484 casa
1172 1440 1218 1484 di
1246 1441 1549 1499 probatione),
1584 1442 1806 1499 potrebbe
1838 1456 1926 1486 con
1954 1442 1998 1486 la

345 1521 455 1564 dote
479 1521 564 1563 che
589 1517 800 1563 offerisce
822 1518 988 1562 fundar
1011 1533 1102 1561 una
1125 1532 1231 1561 0353
1253 1517 1299 1561 di
1322 1517 1607 1575 probatione.
1633 1518 1693 1563 Di
1716 1526 1877 1575 queste
1893 1533 1999 1565 cose

343 1597 374 1640 li
399 1596 549 1640 scriue
571 1596 602 1639 il
633 1597 686 1639 P.
724 1594 958 1638 Euerardo
990 1593 1022 1648 ⁹,
1059 1609 1189 1639 come
1221 1609 1305 1639 suo
1331 1594 1566 1639 familiare.
1602 1597 1650 1640 Io
1682 1596 1933 1642 solamente
1966 1596 1997 1641 li

343 1673 496 1717 scriuo
519 1687 609 1716 una
632 1672 893 1716 amoreuole
930 1671 1150 1728 negatiua
1173 1672 1248 1716 del
1270 1671 1482 1729 collegio,
1507 1687 1590 1729 per
1611 1687 1704 1717 non
1726 1673 1890 1718 alterar
1911 1688 1996 1718 no-

343 1759 440 1794 stro
462 1750 692 1803 instituto,
718 1755 890 1805 quanto
913 1749 954 1791 al
977 1749 1206 1805 ensegnar
1233 1749 1379 1806 gratis
1410 1756 1498 1794 etc.
1535 1750 1571 1794 ll
1586 1765 1679 1794 non
1710 1764 1835 1794 esser
1866 1757 1994 1795 tanto

341 1827 543 1884 compita
563 1828 607 1871 la
628 1826 877 1878 dotatione,
903 1825 941 1868 si
962 1834 1130 1882 poteua
1163 1825 1332 1884 meglio
1363 1841 1445 1883 per
1475 1826 1507 1870 li
1537 1826 1745 1884 principij
1779 1828 1989 1883 tolerare,

342 1918 432 1949 con
465 1918 699 1961 speranza,
721 1904 898 1947 benche
922 1917 1014 1946 non
1035 1917 1284 1959 promessa‚
1309 1903 1367 1948 de
1396 1910 1663 1960 augmento3
1689 1911 1735 1949 et
1756 1904 1802 1948 di
1830 1912 1992 1961 questa

339 1981 531 2025 materia
553 1995 633 2037 per
655 1980 817 2023 adesso
840 1994 931 2022 non
953 1980 1053 2023 diro
1075 1980 1206 2023 altro.

428 2072 472 2114 4.
538 2058 627 2102 Del
650 2063 779 2105 tener
802 2056 833 2099 li
861 2056 1003 2100 nostri
1032 2057 1061 2099 l’
1095 2055 1255 2100 ultima
1283 2057 1440 2101 schola
1467 2056 1514 2100 di
1541 2057 1660 2114 putti
1688 2057 1733 2101 in
1764 2058 1931 2102 Tornai
1955 2059 1988 2113 ³,

337 2151 387 2180 se
408 2136 446 2180 si
470 2135 732 2180 intendesse
748 2135 836 2179 che
856 2133 1175 2199 insegnassino
1192 2134 1236 2178 la
1251 2133 1455 2179 dottrina
1469 2133 1670 2191 xpiana.,
1691 2142 1738 2179 et
1754 2149 1836 2192 per
1851 2136 1990 2180 modo

335 2214 394 2257 de
416 2212 604 2256 mission
626 2226 764 2256 senza
792 2211 907 2254 altro
941 2211 1112 2267 obligo,
1149 2210 1186 2254 si
1204 2212 1426 2268 potrebbe
1444 2212 1555 2266 fare3
1578 2219 1708 2257 tener
1732 2212 1877 2257 classe
1894 2214 1990 2256 for-

341 2298 465 2334 mata
502 2288 608 2333 delli
646 2287 790 2331 infimi
825 2302 904 2344 per
943 2287 1193 2345 insegnarli
1222 2287 1255 2331 li
1277 2287 1539 2342 rudimenti,
1575 2303 1602 2332 o
1634 2290 1780 2334 anche
1811 2290 1854 2333 13
1885 2290 1989 2333 dot-

344 2367 463 2410 trina
486 2366 667 2424 xpiana.
692 2379 772 2422 per
795 2364 965 2420 obligo,
991 2379 1082 2408 non
1104 2379 1212 2421 pare
1239 2366 1431 2409 sarebbe
1459 2380 1597 2410 senza
1613 2365 1983 2412 inconueniente.

429 2454 470 2499 5.
538 2442 693 2487 Prima
714 2441 760 2484 di
783 2448 944 2496 questa
966 2455 1128 2497 espero
1151 2456 1346 2485 saranno
1363 2442 1406 2485 13
1423 2442 1455 2485 11
1471 2442 1546 2485 doi
1564 2442 1701 2486 Padri
1716 2449 1736 2470 a
1750 2444 1923 2486 Acosta
1938 2449 1986 2487 et

336 2520 529 2573 Xauier;
558 2528 604 2564 et
626 2519 721 2563 cosi
745 2532 837 2561 non
859 2519 1050 2563 acadera
1073 2525 1234 2561 trattar
1255 2519 1329 2563 del
1352 2520 1406 2562 P.
1431 2518 1615 2562 Ramiro
1632 2519 1665 2562 ⁴.
1701 2520 1766 2564 Le
1788 2533 1986 2576 occupa—

406 2640 427 2661 a
466 2633 554 2667 Hoc
574 2632 685 2667 verb.
705 2628 855 2666 addidit
874 2629 961 2664 libr.
985 2641 1102 2677 supra
1121 2640 1227 2665 vers.

406 2721 415 2740 ¹
470 2720 620 2756 «Duaci
650 2717 829 2764 Collegio
860 2717 1014 2754 initium
1044 2717 1193 2754 factum
1224 2718 1341 2764 [anno
1374 2716 1494 2764 1568].
1528 2719 1700 2764 Joannes
1724 2718 1986 2755 Lentaillerus

332 2781 471 2825 abbaS,
492 2785 533 2816 et
551 2779 784 2816 Conventus
802 2777 929 2813 saneti
948 2777 1164 2813 saluatoris
1184 2776 1504 2825 Aquicinctinus‚
1529 2776 1690 2815 Ordinis
1713 2777 1840 2814 sancti
1863 2778 1987 2814 Bene-

331 2838 429 2874 dicti
448 2837 692 2875 instituit...»
712 2836 971 2880 SAccrnNtxs,
994 2837 1067 2872 loc.
1089 2835 1173 2883 eit.,
1193 2834 1261 2872 lib.
1282 2835 1354 2881 IV,
1373 2848 1419 2872 n.
1442 2844 1527 2882 204.

404 2901 417 2920 ἓ
470 2897 754 2941 Mercurianus,
773 2894 962 2931 assistens
981 2895 1233 2940 Germaniae,
1252 2900 1292 2931 et
1310 2894 1404 2932 dein
1420 2900 1582 2944 quartus
1599 2895 1808 2932 Societatis
1821 2906 1982 2943 praepo-

330 2957 431 2993 situs
451 2956 665 3003 generalis.

402 3015 417 3036 ⁵
467 3015 570 3051 Vide
589 3015 706 3063 epist.
727 3014 813 3060 489,
833 3025 874 3049 n.
894 3022 929 3048 2.

399 3076 415 3096 ⁴
467 3074 567 3110 Vide
587 3075 702 3122 epist.
724 3081 810 3118 5003
830 3080 915 3118 502,
935 3084 972 3108 n.
998 3082 1029 3118 13
1051 3081 1136 3118 5o5;
1157 3077 1197 3109 et
1215 3072 1300 3119 508,
1320 3083 1358 3109 n.
1386 3081 1418 3108 1.
