2228 3548
379 266 450 313 426
893 268 1033 303 Emsr.
1062 267 1108 302 P.
1137 267 1330 304 NADAL—
1337 278 1407 315 474

325 371 414 413 che
452 369 606 411 hanno
645 366 790 421 afitto,
830 381 968 411 senza
1004 368 1182 423 puoter’
1207 367 1454 425 predicare,
1490 371 1548 415 ne
1584 371 1746 428 leger',
1778 371 1835 414 ne
1872 370 1973 415 dire

327 460 498 500 messa,
535 446 578 488 la
618 445 752 499 quale
789 453 938 488 tamen
969 443 1133 487 dicono
1164 444 1212 488 in
1243 459 1348 490 casa
1379 454 1723 493 secretamente.
1751 449 1808 491 Et
1840 454 1970 491 tanto

325 527 477 567 hanno
499 521 657 579 patito,
686 523 772 565 che
793 535 885 564 non
904 519 1048 577 ’penso
1071 522 1160 566 che
1180 521 1296 566 altro
1318 522 1482 566 nisuno
1503 538 1592 567 non
1612 524 1650 568 si
1667 525 1756 568 fusi
1778 523 1966 568 retirato

325 616 351 644 a
373 599 578 652 Colonia,
603 612 653 642 se
675 613 766 641 non
789 600 903 642 Mr0.
932 598 1133 651 Andrea,
1158 598 1189 641 il
1205 600 1339 655 quale
1355 601 1414 643 ha
1430 601 1623 644 hauutto
1640 615 1817 658 sempre
1835 608 1963 645 tanta

325 676 577 722 intentione
599 676 644 719 di
667 676 845 733 giouar’
871 675 902 717 il
923 690 1007 719 suo
1024 690 1176 732 paese.
1202 677 1260 719 Et
1277 678 1611 722 tamenadesso
1628 693 1735 735 pare
1750 680 1836 722 che
1858 679 1964 735 quel

326 753 549 799 desiderio
571 753 608 796 si
630 755 655 797 e
677 752 795 796 assai
818 752 1022 796 rimesso.
1049 753 1241 797 lntendo
1263 755 1348 798 che
1370 754 1521 809 quella
1541 768 1694 810 opera,
1712 769 1803 798 non
1821 756 1870 798 fu
1892 755 1962 798 in-

328 831 598 876 cominciata
618 845 705 875 con
728 844 935 887 espresso
957 837 1003 875 et
1030 829 1184 874 chiaro
1212 844 1437 875 consenso
1466 831 1512 874 di
1540 832 1597 875 N.
1625 833 1678 875 P.
1705 833 1819 877 Mro.
1845 834 1965 889 Lay-

326 924 426 962 nez,
451 924 502 954 se
523 923 614 952 non
637 922 718 965 per
740 915 866 952 certa
889 907 1208 952 commissione
1231 909 1317 952 che
1338 907 1503 951 dicono
1524 909 1684 952 hauer'
1703 910 1895 953 hauutto
1917 910 1964 952 d'

327 988 495 1031 andare
533 989 647 1030 Mro.
690 986 877 1030 Andrea
909 986 968 1038 la,
1004 1000 1030 1028 a
1063 986 1229 1030 vedere
1260 1000 1310 1030 se
1342 985 1379 1028 si
1411 985 1662 1042 puotrebbe
1693 986 1774 1029 far’
1800 986 1966 1030 alchun

336 1066 496 1107 frutto.
523 1065 581 1107 Et
603 1069 764 1120 questo
786 1063 911 1105 buon
936 1063 1097 1115 Padre,
1123 1062 1332 1105 andando
1354 1069 1398 1107 et
1414 1063 1623 1106 venendo
1641 1069 1801 1118 quatro
1822 1077 1850 1106 o
1870 1062 1970 1107 cin-

326 1156 416 1197 que
437 1142 560 1185 volte
582 1142 669 1184 alla
694 1146 820 1185 corte
841 1139 887 1183 di
910 1141 946 1182 F
949 1139 1121 1192 iandra,
1148 1139 1246 1183 fece
1266 1139 1527 1183 finalmente
1551 1146 1679 1183 tanto
1709 1154 1791 1196 per
1811 1153 1970 1185 mezzo

325 1220 400 1262 del
421 1217 575 1275 Viglio
597 1224 642 1262 et
665 1218 820 1274 Opero
842 1218 870 1269 ¹,
898 1217 986 1262 che
1008 1230 1121 1260 sono
1144 1215 1271 1272 frisij,
1292 1215 1426 1261 cheli
1450 1217 1611 1259 furono
1632 1216 1862 1274 assegnati
1881 1230 1968 1272 300

327 1295 474 1339 fiorini
497 1294 684 1338 carolini
707 1309 842 1351 sopra
863 1293 976 1338 certi
1005 1293 1111 1339 beni
1132 1292 1175 1336 d'
1197 1308 1261 1337 un
1289 1293 1562 1337 monasterio
1584 1294 1802 1347 desolato,
1828 1286 1971 1338 senza

332 1387 452 1425 casa,
477 1386 613 1416 senza
636 1371 803 1424 chiesa,
829 1386 966 1415 senza
987 1371 1156 1416 schole.
1181 1371 1431 1414 Andorono
1452 1371 1676 1415 cercando
1707 1372 1828 1415 doue
1849 1385 1966 1428 puo-

334 1458 483 1494 tesero
504 1449 733 1501 fermarsi,
758 1455 803 1492 et
831 1449 1093 1493 finalmente
1123 1448 1162 1491 si
1194 1436 1452 1493 fermorono
1480 1447 1527 1490 in
1548 1458 1638 1491 vna
1666 1456 1786 1493 terra
1817 1451 1902 1492 che
1928 1450 1971 1492 si>

332 1527 433 1570 dice
455 1527 561 1570 Ilsta
578 1527 610 1579 ²,
636 1526 702 1570 sei
723 1526 932 1582 giornate
954 1527 1138 1569 lontano
1160 1526 1218 1569 da
1239 1524 1444 1570 Colonia.
1465 1526 1523 1568 Et
1545 1525 1720 1570 benche
1742 1526 1903 1570 adesso
1925 1526 1967 1570 ci

331 1606 358 1648 e
380 1619 441 1647 vn
463 1610 596 1647 conte
618 1617 707 1647 con
735 1612 873 1659 gente
902 1603 946 1646 di
976 1617 1142 1660 guerra
1169 1610 1327 1646 contra
1355 1602 1420 1660 gli
1447 1602 1658 1657 heretici,
1694 1606 1845 1646 tamen
1877 1617 1971 1647 non

335 1684 486 1724 hanno
508 1681 586 1737 piu
608 1681 769 1725 liberta
786 1683 870 1725 che
891 1680 1062 1733 auanti,
1088 1681 1178 1723 imo
1200 1687 1384 1725 temono
1411 1679 1540 1736 quasi
1566 1680 1643 1736 piu
1671 1680 1833 1725 adesso
1862 1680 1968 1724 dalli

332 1759 499 1802 soldati
518 1765 555 1813 a,
587 1773 679 1802 non
705 1759 897 1803 essendo
928 1759 1125 1802 anchora
1155 1757 1320 1802 ridotta
1351 1759 1395 1802 13
1426 1765 1566 1812 terra,
1597 1759 1687 1800 imo
1718 1758 1967 1802 temendosi

333 1837 497 1880 adesso
520 1843 884 1887 comunemente‚
911 1843 956 1879 et
978 1836 1188 1879 hauendo
1210 1835 1288 1892 piu
1315 1835 1525 1879 incertitu
1554 1836 1642 1878 che
1670 1835 1775 1878 mai.
1799 1836 1847 1878 Io
1868 1837 1971 1880 fece.

332 1912 359 1955 l’
383 1928 558 1958 essame
578 1913 844 1970 particolare
866 1927 951 1956 con
981 1915 1097 1957 Mro.
1124 1913 1332 1966 Andrea,
1357 1920 1403 1958 et
1431 1914 1475 1956 lo
1511 1912 1734 1957 confessai
1757 1913 1967 1969 general-

331 1997 500 2043 mente,
525 1997 571 2035 et
593 1990 858 2047 applicando
880 1990 909 2032 il
932 1990 1165 2047 conseglio
1181 1991 1239 2035 de
1255 1989 1402 2046 questi
1421 1989 1556 2034 Padri
1578 1990 1634 2033 de
1656 2003 1760 2033 casa
1781 2003 1867 2032 con
1885 1989 1966 2042 lui,

330 2082 461 2125 parse
484 2083 510 2111 a
531 2068 637 2111 tutti
654 2069 756 2120 che,
778 2068 823 2110 di
846 2068 909 2111 sei
927 2069 1013 2111 che
1035 2082 1146 2111 sono
1168 2069 1226 2121 la,
1250 2074 1484 2111 restaseno
1505 2066 1598 2119 doi,
1623 2069 1738 2111 Mro.
1763 2067 1967 2120 Andrea,

329 2152 376 2190 et
400 2145 612 2201 Philippo
630 2146 644 2166 ³
669 2159 748 2201 per
770 2145 1040 2201 compagnio
1063 2153 1108 2190 et
1130 2145 1407 2198 coadiutore;
1434 2143 1498 2201 gli
1521 2143 1620 2187 altri
1642 2151 1804 2199 quatro
1827 2157 1968 2188 vene-

333 2236 435 2266 sero
457 2237 483 2266 a
506 2222 710 2275 Colonia,
736 2229 782 2266 et
801 2222 1075 2277 aspettasino
1097 2222 1128 2265 il
1151 2230 1300 2278 tempo
1322 2222 1379 2266 de
1400 2223 1597 2265 alchuna
1625 2220 1888 2264 fundatione
1920 2219 1966 2264 di

332 2300 481 2355 quella
502 2312 653 2355 opera,
673 2313 722 2342 se
743 2297 778 2341 s’
802 2300 861 2341 ha
883 2314 908 2342 a
932 2299 1141 2352 ritenere,
1162 2299 1322 2356 poiche
1344 2298 1391 2342 in
1413 2305 1575 2355 questo
1598 2306 1764 2354 tempo,
1784 2304 1830 2342 et
1851 2311 1967 2342 sono

402 2408 422 2428 a
461 2399 646 2447 Sequitur
662 2402 699 2435 et
715 2399 980 2434 obliteratum.
1008 2399 1069 2435 Ad
1087 2400 1233 2436 calcem
1251 2398 1366 2446 hujus
1385 2399 1530 2446 primae
1548 2399 1723 2445 pagellae
1737 2398 1834 2433 haec
1847 2408 1965 2432 anno-

329 2459 428 2494 tavit
445 2459 557 2494 libr.:
578 2457 747 2504 Hijuela
765 2459 865 2493 delle
883 2459 1060 2504 epistole.

404 2552 414 2570 ¹
466 2549 526 2583 De
544 2548 604 2584 his
622 2547 705 2595 ipse
724 2548 768 2583 P.
787 2549 994 2584 Boccatius
1011 2550 1107 2585 haec
1121 2549 1226 2585 Patri
1241 2549 1396 2594 Kessel,
1410 2548 1550 2584 rectori
1565 2546 1789 2594 coloniensi,
1806 2545 1965 2592 scripsit

330 2607 375 2642 28
394 2606 486 2653 Julii
509 2611 612 2652 1504:
634 2620 672 2642 «.
688 2635 695 2643 .
711 2607 768 2643 .d.
794 2607 1017 2653 Joachimus
1042 2609 1247 2655 Hopperus
1266 2607 1408 2644 secreti
1425 2607 1578 2643 consilii
1594 2605 1838 2642 consiliarius
1856 2610 1896 2640 et
1914 2604 1957 2639 d.

330 2666 485 2712 Viglius
503 2678 636 2713 preses
656 2667 909 2713 impetrarunt
928 2667 1020 2702 mihi
1034 2667 1167 2703 literas
1181 2672 1360 2714 patentes
1379 2666 1533 2702 nomine
1551 2665 1656 2710 regis
1675 2664 1839 2712 scriptas
1858 2663 1965 2710 sigil-

328 2727 367 2761 lo
386 2726 489 2772 regis
506 2737 694 2773 appenso,
718 2736 794 2773 que
818 2726 1010 2772 omnibus,
1035 2727 1102 2774 qui
1126 2727 1166 2762 in
1190 2726 1318 2774 aliquo
1343 2725 1470 2762 officio
1496 2730 1601 2771 sunt,
1621 2726 1772 2768 iubent,
1798 2728 1840 2760 ut
1866 2722 1961 2758 mihi

328 2785 514 2821 assistant
531 2791 663 2821 contra
681 2784 857 2820 homines
875 2784 976 2830 illos,
996 2786 1062 2833 qui
1086 2786 1180 2822 mihi
1199 2785 1416 2822 molestiam
1441 2784 1608 2832 aliquam
1634 2784 1884 2820 exhiberent.
1901 2809 1909 2818 .
1925 2809 1933 2819 .
1945 2794 1965 2817 »

331 2844 526 2890 HANSEN‚
546 2845 618 2880 loc.
639 2845 724 2888 cit„
742 2843 825 2889 498.

401 2905 414 2924 ²
464 2903 573 2949 Ilsta,
594 2902 820 2950 oppidulum
839 2903 1026 2939 Bataviae
1045 2904 1084 2939 in
1103 2903 1244 2939 Frisia.

403 2963 416 2981 ⁵
466 2962 510 2997 In
539 2963 716 3007 catalogo
747 2961 970 3007 provinciae
988 2963 1129 3009 Rheni,
1158 2962 1426 2998 Harlamensis
1457 2961 1769 3008 cognominatur,
1790 2965 1830 2995 et
1847 2958 1896 2994 de
1915 2969 1963 2994 eo

329 3021 426 3056 haec
445 3026 595 3056 tantum
612 3021 817 3056 adduntur:
840 3033 856 3054 «
869 3047 877 3055 .
893 3047 901 3056 .
916 3022 998 3068 ‚qui
1016 3033 1105 3058 cum
1123 3023 1172 3058 P.
1197 3022 1354 3058 Andrea
1371 3021 1555 3057 Boceatio
1573 3026 1634 3056 est
1651 3018 1829 3066 Louanii,
1843 3029 1958 3066 quem

331 3090 421 3114 cum
439 3079 524 3115 aliis
543 3085 708 3127 expecto
726 3085 769 3115 vt
786 3080 991 3116 veniant.»
