2228 3548
947 299 990 336 14
1015 293 1127 339 JULn
1156 294 1247 341 1567
1790 306 1861 344 497

275 391 438 436 lettera
459 390 569 435 mia:
594 392 650 435 ne
673 394 818 437 ancho
838 394 898 437 ha
918 401 1093 450 portate
1124 410 1229 440 seco
1265 404 1390 442 certe
1420 397 1633 443 scritture
1660 400 1734 443 ch'
1758 398 1802 443 io
1822 401 1907 444 ha-

281 482 400 512 ueuo
420 469 533 512 fatto
555 469 650 514 fare
671 485 697 513 a
723 471 837 514 Mro.
864 471 1087 516 Balduino
1113 474 1142 526 ¹,
1165 473 1238 518 del
1261 489 1502 532 progresso
1529 476 1574 519 d'
1600 475 1630 519 il
1652 476 1838 534 negotio
1859 477 1906 521 di

277 545 428 601 quella
449 530 728 600 fundatione,
754 548 797 591 la
818 562 993 593 summa
1013 549 1087 593 del
1108 551 1242 607 quale
1262 551 1433 608 impero
1459 552 1503 596 io
1525 553 1622 597 diro
1649 552 1696 597 in
1725 562 1901 610 questa,

280 629 328 666 et
354 629 473 666 tutto
501 623 572 667 cio
599 625 682 668 che
718 627 778 668 m’
816 629 1052 671 occorrera
1087 642 1220 684 sopra
1255 629 1360 684 quel
1396 629 1602 687 collegio.
1644 631 1709 674 La
1730 630 1839 675 citta
1860 631 1905 675 di

280 699 378 744 Sto.
405 701 668 745 Audomaro
690 709 759 746 sta
780 703 867 746 alla
882 702 1097 747 frontiera
1117 704 1164 747 di
1185 706 1221 748 F
1224 719 1360 749 ranza
1388 720 1521 750 uerso
1548 707 1698 760 Cales,
1724 715 1769 752 et
1792 709 1904 751 Ter-

278 789 414 831 uana,
438 779 522 821 che
544 779 569 821 e
598 777 791 832 ruinata,
816 786 924 823 etc.:
949 786 996 824 et
1023 795 1165 837 penso
1187 783 1328 826 esser'
1357 781 1736 840 incomoditaper
1762 786 1905 828 hauet

277 854 471 912 collegio
498 855 614 899 della
652 856 949 913 Compagnia,
981 863 1026 902 et
1053 857 1251 914 pericolo
1286 858 1332 902 di
1357 859 1531 916 perder’
1567 861 1597 903 l’
1635 860 1801 905 intrata
1829 863 1905 905 in-

270 935 470 989 gruente
506 932 624 984 bello,
648 940 734 976 etc.
776 934 841 977 La
862 933 951 977 cita
983 948 1075 978 non
1103 935 1128 978 e
1157 936 1348 992 grande,
1381 937 1439 980 ne
1460 938 1702 993 populosa,
1733 939 1790 982 ne
1819 939 1905 982 alla

275 1009 409 1064 quale
429 1009 662 1065 venghino
698 1009 891 1054 scholari
927 1010 973 1054 di
1009 1012 1045 1055 F
1048 1026 1199 1065 ranza3
1231 1018 1278 1056 et
1307 1018 1458 1056 tamen
1481 1013 1519 1056 si
1546 1029 1676 1071 spera
1698 1017 1782 1059 che
1813 1030 1904 1059 non

274 1087 518 1130 manchera
539 1100 771 1131 concorSO.
798 1088 833 1131 Il
852 1102 1050 1132 vescouo
1078 1089 1316 1133 fundatore
1338 1090 1353 1110 ⁹
1378 1090 1402 1133 ἐ
1431 1091 1535 1135 delli
1564 1092 1747 1135 vescoui
1776 1093 1900 1146 noui,

274 1164 444 1206 huomo
466 1163 631 1216 nobile,
656 1170 703 1208 et
723 1165 885 1208 abbate
901 1163 948 1207 di
964 1165 1102 1223 lungo
1119 1172 1270 1222 tempo
1290 1165 1336 1209 di
1353 1167 1421 1212 S.t
1457 1168 1647 1221 Bertin',
1668 1171 1753 1214 che
1771 1171 1793 1213 c
1812 1170 1903 1213 rica

277 1240 474 1294 abbatia,
499 1240 611 1284 fatto
634 1242 775 1298 (come
797 1241 859 1285 lui
882 1241 1127 1287 medesimo
1154 1242 1268 1300 dice)
1288 1258 1511 1298 vescouo,
1531 1244 1576 1288 in
1605 1246 1756 1290 buona
1777 1254 1904 1303 parte

276 1319 441 1374 perche
462 1318 576 1361 altro
597 1331 810 1372 vescouo,
835 1320 920 1364 che
956 1333 1047 1363 non
1084 1319 1173 1364 fusi
1200 1319 1312 1375 rico,
1351 1335 1442 1365 non
1464 1323 1722 1366 hauerebbe
1745 1331 1903 1380 potuto

274 1401 528 1440 sustentare
549 1394 580 1438 il
602 1402 720 1440 stato
737 1410 836 1450 suo,
855 1411 947 1440 non
964 1397 1156 1442 essendo
1172 1398 1329 1442 dotato
1346 1397 1377 1440 il
1393 1407 1653 1443 vescouato.
1678 1388 1714 1444 E
1732 1402 1900 1444 huomo

273 1473 390 1516 assai
417 1472 620 1526 vecchio,
653 1474 820 1526 buono,
849 1479 895 1517 et
923 1473 961 1517 si
992 1481 1194 1518 muostra
1229 1475 1372 1519 molto
1408 1477 1612 1520 afiettato
1648 1478 1735 1520 alla
1764 1478 1903 1521 Com-

270 1550 439 1607 pagnia
459 1557 506 1595 et
527 1565 553 1594 a
568 1551 723 1596 buone
743 1565 894 1607 opere.
921 1552 1098 1607 Questo
1119 1550 1306 1608 negotio
1327 1551 1372 1596 di
1393 1553 1499 1610 quel
1520 1553 1729 1611 collegio,
1751 1553 1901 1598 trouai

271 1629 463 1673 essendo
490 1628 550 1680 la,
589 1629 675 1672 che
709 1627 739 1670 1’
779 1629 959 1671 haueua
994 1627 1227 1684 negotiato
1262 1628 1293 1671 il
1329 1629 1606 1686 prouinciale
1638 1631 1829 1676 Costero
1856 1637 1901 1675 et

267 1707 383 1750 Mro.
410 1705 649 1758 Balduino‚
674 1712 719 1748 et
741 1711 921 1761 passato
943 1710 1069 1748 tanto
1091 1704 1260 1758 auanti,
1291 1706 1377 1765 che
1404 1708 1646 1752 haueuano
1675 1714 1900 1752 accettato

270 1784 302 1827 il
321 1782 514 1839 collegio
535 1783 568 1835 ³,
594 1782 766 1826 benche
789 1781 819 1824 li
840 1781 998 1827 hauesi
1025 1781 1182 1826 scritto
1209 1782 1252 1826 io
1273 1783 1332 1827 da
1359 1784 1549 1828 Colonia
1575 1786 1677 1838 che,
1709 1784 1784 1841 gia
1809 1786 1894 1828 che

267 1875 404 1906 senza
426 1859 585 1904 ordine
606 1861 847 1904 haueuano
875 1859 1085 1902 mandato
1108 1859 1151 1902 la
1189 1859 1339 1903 alcuni
1359 1859 1404 1904 di
1426 1860 1586 1914 nostri,
1619 1875 1711 1905 non
1742 1875 1900 1918 passa-

269 1952 370 1983 sero
392 1936 563 1990 auanti,
587 1935 720 1979 insin'
752 1936 838 1979 alla
859 1935 948 1979 mia
975 1941 1159 1989 venuta,
1183 1943 1230 1980 et
1257 1938 1342 1981 che
1369 1937 1446 1994 gia
1469 1951 1518 1982 se
1540 1952 1632 1982 non
1654 1945 1898 1995 puotesero

267 2013 504 2067 reuocarli,
523 2028 615 2057 non
639 2012 1010 2056 incominciasero
1033 2013 1200 2056 schole.
1221 2013 1339 2058 Loro
1355 2013 1739 2059 incominciorono
1759 2016 1895 2058 scho-

265 2092 324 2145 le,
344 2098 389 2136 et
410 2092 566 2136 detero
587 2096 655 2133 tre
676 2089 847 2142 mastri,
866 2088 896 2131 il
919 2090 972 2132 P.
993 2090 1028 2132 F
1031 2089 1212 2134 lorenzo
1234 2089 1268 2143 ⁴,
1287 2092 1401 2135 Mro.
1427 2090 1660 2136 Giacobeo
1684 2093 1717 2145 ⁵,
1750 2098 1797 2134 et
1819 2092 1894 2133 vn'

264 2169 394 2213 altro.
420 2167 737 2212 Dimandando
758 2165 801 2210 io
823 2165 1044 2222 raggione
1065 2180 1091 2209 a
1112 2168 1227 2210 Mro.
1252 2167 1445 2213 Costero
1467 2169 1632 2224 perche
1652 2170 1895 2212 haueuano

264 2251 446 2303 passato
466 2244 560 2287 cosi
588 2242 758 2296 auanti,
790 2242 852 2286 mi
873 2241 968 2286 dise
990 2243 1159 2287 hauere
1179 2244 1371 2288 hauutta
1397 2244 1716 2288 commissione
1743 2258 1828 2287 con
1850 2244 1892 2286 la

264 2322 398 2378 quale
417 2327 616 2378 puoteua
643 2320 770 2373 farlo,
795 2326 841 2364 et
869 2332 955 2362 con
982 2319 1131 2374 quella
1157 2318 1348 2376 risposta
1374 2320 1435 2364 mi
1463 2320 1687 2366 satisfece.
1720 2319 1889 2364 Trouai

265 2399 379 2442 oltre
400 2397 446 2440 di
467 2402 627 2454 questo
649 2397 732 2440 che
761 2397 1000 2439 haueuano
1022 2396 1132 2438 satta
1158 2410 1248 2439 vna
1269 2397 1472 2454 supplica
1499 2412 1525 2441 a
1555 2398 1776 2449 madama,
1812 2397 1892 2439 lzoc

337 2511 346 2531 ¹
398 2510 611 2547 Balduinus
628 2510 677 2544 ab
696 2508 862 2554 Angelo,
882 2506 949 2554 qui
967 2507 1062 2542 haec
1080 2506 1183 2543 inter
1198 2507 1274 2544 alia
1290 2507 1339 2544 de
1357 2508 1486 2557 seipso
1503 2510 1575 2545 hoc
1593 2520 1694 2545 anno
1717 2508 1887 2555 scripsit:

264 2571 450 2609 «...modo
468 2581 562 2606 vero
580 2573 641 2604 est
658 2572 785 2603 rector
802 2565 950 2602 inutilis
968 2565 1008 2601 in
1025 2561 1168 2602 Sancto'
1187 2565 1420 2604 Andomaro.
1442 2567 1758 2614 Audomaropoli,
1782 2567 1883 2613 1567,

262 2632 318 2669 3.⁰
335 2629 557 2670 Octobris.»
577 2627 704 2674 Epist.
725 2625 881 2671 Natal.,
899 2625 950 2669 11,
971 2623 1053 2670 543.

331 2694 346 2714 ²
397 2687 593 2727 Gerardus
611 2686 660 2722 de
677 2684 950 2721 Hamericourt
966 2682 1091 2728 (1563—
1108 2683 1129 2718 t
1156 2686 1274 2729 1577).
1294 2684 1428 2731 GAMS,
1449 2687 1523 2722 loc.
1543 2685 1609 2722 cit.
1629 2684 1690 2721 Cf.
1712 2685 1886 2721 SACCffl.

258 2759 362 2794 NUM,
381 2749 456 2786 loc.
475 2747 560 2793 eit„
575 2746 644 2782 lib.
664 2745 734 2788 III,
755 2756 793 2779 n.
817 2751 896 2788 151.

328 2810 343 2830 ³
392 2807 452 2844 Cf.
473 2806 736 2848 SAccmmm,
758 2803 830 2839 loe.
852 2812 976 2849 nuper
992 2800 1061 2837 cit.

327 2869 343 2890 ⁴
390 2865 580 2902 Martinus
596 2861 816 2915 Florentius
831 2859 877 2907 (Ρ)
895 2861 939 2896 ln
956 2860 1135 2905 catalogo
1151 2859 1308 2906 collegii
1324 2860 1559 2897 coloniensis
1578 2872 1679 2896 anno
1700 2860 1792 2905 1567
1817 2861 1882 2896 ha-

255 2928 371 2964 betur
403 2923 615 2960 «Martinus
644 2920 876 2963 Florentius,
908 2919 1039 2955 socius
1069 2917 1246 2964 magistri
1275 2920 1546 2956 nouitiorum».
1578 2920 1767 2963 HANSEN,
1802 2920 1876 2956 loe.

255 2987 339 3030 eit„
360 2983 443 3030 784.
463 2983 509 3018 In
526 2981 662 3018 eodem
679 2981 779 3016 libro
796 2979 952 3026 saepius
970 2977 1019 3013 de
1038 2976 1176 3013 eodem
1197 2977 1242 3013 fit
1260 2979 1419 3015 mentio.
1446 2978 1540 3026 Ejus
1565 2989 1729 3014 examen
1754 2983 1815 3015 est
1839 2978 1879 3015 in

254 3045 384 3092 Epist.
405 3042 559 3085 Natat„
581 3041 630 3084 11,
652 3039 734 3085 573.

325 3104 341 3126 ⁵
389 3103 560 3149 Joannes
578 3099 808 3146 Jacobaeus.
828 3096 922 3144 Ejus
940 3106 1104 3132 examen
1121 3094 1212 3130 vide
1232 3094 1272 3132 in
1288 3096 1416 3144 Epist.
1437 3096 1590 3141 Natal„
1610 3096 1660 3140 ΙΙ,
1682 3095 1765 3141 563.

432 3166 549 3195 Ernst.
571 3164 609 3193 Ρ.
630 3163 764 3196 Nauali..
783 3169 858 3190 rou.
878 3160 938 3190 111.
1665 3161 1703 3189 32
