2228 3548
414 304 513 331 XXIV
844 293 1099 329 PROOEMIUM
1125 298 1267 327 TERTn
1292 296 1527 326 VOLUMINIS

368 403 460 441 tam
482 396 589 440 boni
610 395 758 440 Patris
779 395 890 439 satis
911 394 1008 438 sine
1029 392 1208 445 litteris,
1234 391 1484 447 unicuique
1509 398 1715 437 uestrum
1738 393 1876 438 debet
1906 406 2009 439 esse

366 480 696 524 commendata.
722 480 792 522 Ac
815 484 1052 534 propterea
1073 489 1178 519 eum
1201 476 1256 520 T.
1282 476 1384 518 Rs*e
1409 489 1502 519 non
1524 476 1643 518 duco
1665 490 1766 521 esse
1788 490 2007 521 necessa-

367 563 483 606 rium
507 570 557 605 ut
578 562 909 615 commendem,
935 559 1038 612 nisi,
1066 558 1188 615 quod
1211 558 1321 601 mihi
1343 558 1429 603 erit
1459 573 1595 614 quam
1624 558 1934 615 gratissimum
1955 559 2004 604 in

366 647 562 691 Domino
586 653 635 689 ut
656 644 880 701 intelligat
901 660 958 688 ex
980 650 1240 686 nostrorum
1262 657 1374 699 erga
1394 641 1523 686 illum
1546 643 1804 687 reuerentia
1825 650 1871 689 et
1892 645 2004 688 cha—

366 729 500 774 ritate
536 736 814 785 quantopere
850 728 976 770 illum
1009 741 1173 779 amem,
1198 740 1251 769 ac
1281 740 1392 771 uero
1419 740 1574 771 amare
1601 726 1800 770 debeant
1830 726 2001 770 nostri»

368 813 500 870 (819).
527 814 623 856 Nec
645 812 791 855 solum
814 810 966 856 verbis
995 817 1040 855 et
1070 806 1452 854 Commendatitiis
1480 809 1659 862 litteris,
1691 810 1772 853 sed
1799 809 2006 867 pecuniis

366 897 425 940 ad
462 911 566 940 eum
603 895 768 949 missis,
800 901 851 938 ut
880 894 1019 938 libros
1056 907 1210 939 emere
1246 900 1416 950 posset,
1450 892 1768 937 Mercurianus
1804 907 2008 939 amorem

366 994 501 1023 suum
538 978 688 1024 Natali
725 978 1055 1023 demonstravit
1083 978 1203 1036 (694,
1237 977 1356 1034 822).
1388 976 1579 1023 Socium
1609 976 1813 1033 insuper,
1838 976 1917 1033 qui
1946 976 2011 1020 illi

369 1077 501 1119 opem
523 1064 660 1108 ferret
687 1062 735 1105 in
765 1062 1110 1107 meditationum
1138 1062 1262 1106 vitae
1290 1060 1462 1105 Christi
1493 1060 1693 1106 editione
1724 1061 2007 1114 adornanda,

366 1161 425 1190 ex
449 1145 610 1203 Belgio
637 1145 784 1191 eidem
813 1145 1086 1190 mittendum
1115 1144 1293 1190 curavit
1322 1145 1441 1203 (721,
1469 1145 1588 1201 736).
1615 1146 1683 1188 Ex
1711 1145 1854 1188 altera
1881 1151 2010 1202 parte

368 1229 416 1273 in
445 1229 619 1273 Natalis
655 1229 857 1285 epistolis
895 1228 1091 1274 emicant
1127 1229 1299 1274 solidae
1327 1228 1470 1286 ipsius
1501 1227 1710 1281 virtutes,
1741 1227 2007 1285 praesertim

369 1327 478 1356 vero
499 1312 663 1357 eximia
683 1312 758 1356 illa
780 1312 1037 1356 obedientia
1058 1318 1104 1355 et
1126 1311 1383 1357 reverentia
1404 1326 1518 1369 erga
1540 1326 1648 1356 suos
1678 1312 2005 1365 moderatores,

328 1388 330 1391 ¹
369 1409 507 1451 quam
534 1395 582 1439 in
607 1397 765 1439 schola
793 1396 938 1440 sancti
971 1396 1213 1442 Societatis
1246 1395 1519 1441 institutoris
1553 1395 1790 1442 didicerat.
1823 1397 1892 1439 Ex
1920 1397 2009 1439 hac

371 1480 572 1536 perfecta
614 1479 973 1537 obtemperantia
1021 1480 1253 1524 oriebatur
1294 1480 1371 1524 illa
1411 1479 1550 1524 animi
1597 1479 1910 1537 promptitudo
1952 1480 2011 1524 ad

369 1563 686 1619 amplectenda
707 1563 1004 1607 libentissime
1025 1562 1161 1608 etiam
1182 1563 1273 1617 illa,
1296 1578 1412 1620 quae
1430 1570 1590 1607 contra
1610 1562 1754 1619 ipsius
1771 1561 2011 1606 consilium

371 1647 705 1705 statuebantur,
746 1647 868 1702 quod
905 1647 1057 1691 evenit
1094 1648 1142 1691 in
1179 1646 1370 1704 negotio
1409 1646 1588 1691 comitis
1625 1647 1684 1692 de
1721 1645 2011 1691 Helfenstein

371 1730 491 1786 (677,
517 1730 620 1784 678,
646 1730 764 1787 684).
788 1731 897 1775 Inde
919 1731 992 1774 illa
1014 1738 1234 1788 perpetua
1249 1746 1338 1789 pax
1355 1737 1401 1777 et
1418 1730 1671 1775 consolatio
1693 1730 1897 1787 spiritus,
1918 1744 2011 1787 qua

372 1825 510 1869 saepe
532 1812 579 1855 in
599 1812 694 1856 suis
716 1813 877 1858 litteris
904 1829 953 1858 se
982 1814 1069 1858 frui
1098 1821 1290 1859 testatur
1319 1815 1574 1879 (6951,'7o4,
1607 1825 1712 1873 709,
1743 1814 1846 1869 716,
1880 1813 2006 1871 etc.).

373 1895 530 1939 Animi
551 1896 763 1941 demissio
784 1911 865 1941 seu
888 1899 1107 1944 modestia
1128 1899 1175 1944 in
1198 1899 1410 1944 omnibus
1434 1900 1527 1945 fere
1549 1899 1753 1957 epistolis
1778 1898 2009 1957 conspici-

371 1986 464 2034 tur,
485 1994 589 2023 cum
611 1981 871 2025 omnimoda
892 1982 1058 2027 fiducia
1078 1984 1125 2027 in
1146 1983 1300 2028 divina
1321 1983 1609 2041 providentia
1637 1990 1683 2028 et
1699 1983 1920 2028 bonitate.
1940 1983 2009 2026 Ex

372 2062 499 2108 hisce
514 2063 760 2108 virtutibus
782 2072 942 2122 sponte
965 2075 1243 2111 enascuntur
1271 2067 1376 2113 illae
1396 2070 1588 2126 phrases
1615 2067 2012 2124 frequentissimae

371 2145 421 2190 in
438 2147 612 2191 Natalis
634 2149 807 2192 calamo
833 2150 925 2194 «Su
947 2150 1100 2194 diuina
1124 2153 1235 2197 Mta.
1262 2152 1325 2196 mi
1352 2159 1458 2197 tene
1485 2152 1719 2197 consolato
1748 2151 1821 2195 sin
1850 2150 2014 2196 merito

374 2230 562 2274 nissuno
600 2231 714 2275 mio»
752 2233 884 2290 (679).
929 2234 1032 2278 «Sia
1063 2235 1331 2292 ringratiato
1368 2236 1400 2279 il
1431 2236 1622 2293 Signor,
1657 2242 1704 2279 et
1735 2234 1797 2278 mi
1830 2234 1952 2279 tiene
1983 2234 2015 2278 il

373 2312 544 2370 Signor
565 2315 802 2359 consolato
823 2316 961 2359 molto
991 2317 1068 2374 piu
1096 2319 1183 2363 che
1211 2319 1398 2365 merito»
1431 2319 1568 2378 (688).
1596 2317 1785 2363 «Faccia
1808 2319 1866 2364 V.
1891 2318 1944 2363 P.
1968 2324 2016 2360 et

376 2396 437 2438 mi
473 2396 575 2441 dica
600 2397 895 2443 liberamente
927 2402 1031 2456 quel
1062 2403 1147 2446 che
1179 2402 1210 2446 li
1238 2417 1361 2460 pare3
1395 2404 1562 2460 perche
1583 2403 1734 2459 quello
1754 2401 1947 2459 pigliaro
1969 2400 2014 2444 io

349 2484 351 2486 '
373 2494 504 2523 come
525 2494 581 2524 ex
604 2495 681 2524 ore
702 2481 897 2525 Christi»
924 2483 1057 2540 (697).
1081 2487 1271 2541 «Itaque
1292 2485 1509 2543 quicquid
1530 2484 1639 2528 mihi
1660 2484 1830 2538 euenit,
1852 2483 1911 2527 ad
1926 2483 2014 2527 Dei

375 2563 705 2620 benignitatem
727 2566 899 2609 refero»
927 2567 1059 2624 (716).
1090 2570 1247 2613 «Bono
1270 2569 1421 2613 animo
1449 2575 1495 2614 et
1522 2569 1642 2613 laeto
1662 2581 1765 2611 sum
1792 2573 2013 2623 acceptu-

374 2660 454 2689 rus
475 2661 556 2703 per
578 2647 751 2691 Christi
772 2648 966 2705 gratiam
988 2651 1203 2707 quicquid
1231 2668 1310 2709 per
1332 2660 1378 2698 te
1398 2651 1622 2696 Dominus
1643 2651 1691 2694 in
1711 2664 1784 2694 me
1805 2656 1852 2695 et
1872 2649 1918 2692 in
1941 2664 2017 2696 re-.

375 2729 479 2782 bus,
505 2731 562 2774 de
584 2731 750 2786 quibus
767 2745 876 2788 ago,
901 2732 1201 2789 disposuerit»
1228 2736 1364 2794 (719).

468 2813 566 2856 Has
602 2813 804 2870 aliasque
840 2815 1006 2859 solidas
1043 2818 1218 2862 Natalis
1247 2819 1441 2864 virtutes
1474 2816 1800 2869 consideranti,
1831 2815 2022 2859 minoris

374 2902 502 2940 certe
522 2897 739 2942 momenti
760 2898 1037 2943 videbuntur
1058 2901 1266 2946 defectus
1288 2902 1511 2955 nonnulli,
1531 2900 1692 2945 aetatis
1714 2899 1866 2957 potius
1883 2912 2022 2966 quam

372 2992 567 3031 morum,
593 2980 649 3022 ab
670 2995 765 3024 uno
789 2981 861 3024 vel
882 2982 1023 3026 altero
1045 2984 1307 3039 provinciae
1328 2983 1604 3030 Germaniae
1627 2985 1764 3028 Patre
1780 2982 1827 3026 in
1849 2996 1905 3027 eo
1928 2994 2016 3024 no·
2045 2977 2048 2980 ’

372 3061 472 3114 tati,
499 3068 544 3107 et
565 3062 642 3118 qui
665 3063 846 3108 aliunde
868 3064 914 3108 in
937 3065 1035 3121 ejus
1059 3067 1226 3111 ultimis
1249 3068 1451 3126 epistolis
1472 3067 1703 3113 interdum
1721 3063 2021 3123 conspiciun-
