2228 3548
951 243 1173 282 Appmnrx
1751 246 1828 293 &7

239 342 338 388 aliis
370 345 424 387 T.
430 350 472 371 ²⁶
501 345 557 389 R.
561 350 602 372 ²0
612 343 852 412 collegiis,
877 359 981 389 cum
1002 345 1087 402 ipsi
1109 346 1397 390 commodum
1420 346 1573 401 fuerit,
1597 362 1688 392 non
1715 349 1876 393 dubito

241 402 350 458 quin
372 403 565 447 libenter
586 402 644 447 sit
671 403 988 471 praestiturus,
1012 419 1159 461 eaque
1188 407 1242 450 T.
1247 412 1269 434 ³
1315 408 1371 451 R.
1375 413 1397 434 ²
1422 406 1503 460 illi,
1528 421 1632 450 cum
1653 407 1873 474 opportu-

240 477 351 506 num
368 470 447 506 aut
468 463 776 507 necessarium
797 463 1083 517 indicauerit,
1107 473 1346 521 proponet3
1372 472 1542 522 tuaque
1562 466 1715 510 omnia
1735 468 1874 512 colle-

242 521 334 578 gia,
359 522 635 577 ubicumque
655 522 697 566 ei
720 523 941 579 placuerit
968 523 1252 577 commorari,
1277 525 1412 582 cupio
1441 532 1492 568 ut
1512 532 1713 581 pateant,
1738 534 1877 582 atque

243 582 356 625 adeo
377 596 403 624 a
430 583 511 626 ΤΡ
537 583 593 626 R.
602 588 625 609 ²
637 588 894 638 ,tanquam
921 582 1032 625 mihi
1059 583 1160 650 ipsi,
1191 585 1458 629 offerantur.
1490 584 1725 640 Optimum
1753 586 1874 630 enim

243 654 415 707 senem,
440 648 484 685 et
507 647 762 685 nostrarum
785 656 935 691 rerum
958 641 1295 698 peritissimum,
1318 643 1464 687 redire
1486 644 1542 687 ad
1565 658 1663 698 uos,
1684 652 1735 687 ut
1751 642 1873 689 bono

243 699 384 743 omini
406 708 560 744 uestro
582 715 681 745 esse
703 701 838 754 duco,
863 701 927 744 ita
948 715 1039 744 non
1061 702 1221 745 dubito
1243 701 1351 759 quin
1374 718 1429 747 ex
1457 702 1659 748 eiusdem
1688 703 1871 750 diuinae

240 759 554 816 prouidentiae
570 759 865 815 dispositione
882 760 1135 817 proueniat;
1151 761 1272 817 quia,
1293 761 1486 806 mirabili
1502 762 1638 806 huius
1654 764 1870 819 apostoli-

238 832 319 863 eae
347 818 466 862 sedis
502 818 726 864 beneficio
762 833 872 875 erga
908 820 1218 873 Germaniam,
1258 835 1486 865 summum
1522 817 1785 878 pontificem
1814 824 1872 867 ad

236 892 480 934 germanos
499 877 725 922 iuuandos
752 877 930 922 induxit
965 881 995 924 ¹.

325 937 463 993 Quod
480 951 589 981 uero
609 938 667 980 ad
683 936 802 981 illius
819 937 969 981 studia
985 915 1197 994 pertinet,
1217 952 1319 982 cum
1338 938 1436 995 ipsa
1452 940 1508 982 ad
1525 939 1630 983 fidei
1647 941 1722 984 uel
1738 940 1870 984 resti-

237 996 473 1049 tutionem,
499 997 573 1041 uel
595 996 968 1053 propagationem
990 997 1141 1041 animo
1163 997 1425 1041 iamdudum
1449 999 1725 1044 conuerterit
1747 1001 1780 1051 ²,
1806 999 1869 1044 si-

239 1055 347 1111 quid
369 1056 465 1111 ipse
486 1055 753 1100 indicauerit
770 1056 1077 1110 scribendum,
1101 1071 1155 1100 ac
1183 1058 1305 1112 quod
1326 1057 1522 1113 denique
1547 1059 1708 1102 edatur
1729 1058 1774 1102 in
1797 1059 1870 1102 lu·-

241 1129 357 1167 cem,
383 1115 468 1159 tria
489 1115 622 1172 cupio
642 1115 890 1159 obseruari:
918 1115 1137 1168 Primum,
1162 1124 1212 1159 ut
1240 1117 1298 1161 de
1319 1130 1367 1159 re
1385 1123 1480 1160 tota
1501 1131 1606 1160 cum
1643 1117 1871 1174 aliquibus

241 1174 367 1230 prius
389 1182 567 1231 agatur,
592 1174 765 1219 scilicet
781 1189 884 1218 cum
908 1177 989 1219 Τ.“ι
1018 1177 1101 1220 R.²
1118 1209 1127 1227 ,
1152 1176 1206 1220 P.
1231 1175 1431 1229 Canisio,
1458 1178 1512 1221 P.
1538 1176 1718 1229 Pisano,
1738 1191 1809 1230 ac,
1831 1177 1870 1221 si

244 1234 488 1285 uidebitur,
513 1234 564 1276 P.
591 1235 780 1277 Peltano
804 1235 875 1279 uel
897 1235 950 1278 P.
976 1234 1205 1287 Torrensi,
1230 1235 1306 1292 qui
1335 1235 1380 1278 in
1407 1234 1495 1278 ista
1522 1236 1754 1291 prouincia
1781 1244 1867 1288 est,

244 1293 322 1348 qui
347 1293 421 1336 ubi
441 1293 718 1349 dispexerint
753 1293 861 1350 quid
882 1293 1008 1337 iuxta
1044 1294 1187 1338 nostri
1216 1293 1411 1338 instituti
1447 1294 1666 1340 rationem
1689 1295 1871 1351 publico

243 1352 386 1408 possit
412 1352 649 1396 commodo
685 1352 948 1407 conuenire,
973 1360 1071 1397 tum
1103 1354 1160 1397 ad
1182 1367 1254 1397 me
1277 1364 1454 1398 uestrae
1490 1354 1743 1398 sententiae
1764 1354 1870 1398 mit-

244 1419 413 1463 tantur,
454 1411 634 1467 quibus,
665 1413 764 1456 Deo
799 1412 954 1465 dante,
980 1413 1311 1469 quamprimum
1338 1414 1637 1470 respondebo.
1670 1415 1784 1457 Nam
1813 1415 1869 1457 ad

243 1470 484 1515 Societatis
506 1471 640 1515 etiam
662 1470 929 1527 dignitatern
956 1487 1048 1515 non
1076 1487 1235 1528 parum
1265 1471 1474 1528 pertinet,
1502 1479 1550 1515 ut
1572 1487 1689 1528 quae
1716 1473 1869 1529 prodi-

245 1538 345 1573 tura
362 1538 468 1574 sunt
484 1530 531 1573 in
547 1531 712 1583 lucem,
732 1546 785 1575 ea
801 1531 1143 1576 meditatissime
1160 1531 1355 1587 primum
1369 1539 1415 1575 et
1432 1540 1609 1575 mature
1626 1533 1869 1576 consulan-

243 1596 333 1642 tur,
352 1597 404 1632 ut
421 1597 638 1646 perpetua
656 1590 836 1634 tandem
858 1591 1009 1634 futura
1025 1591 1131 1634 sint.
1153 1591 1361 1635 Alterum
1379 1599 1463 1643 est,
1484 1599 1535 1634 ut
1553 1591 1767 1647 quicquid
1784 1593 1869 1634 hac

242 1649 299 1692 de
327 1663 375 1692 re
403 1650 630 1705 agendum
654 1656 739 1703 est,
764 1650 896 1705 plane
923 1657 1098 1694 secreto
1126 1650 1221 1702 fiat,
1251 1657 1303 1693 ut
1331 1665 1388 1695 ne
1410 1651 1591 1706 quando
1613 1650 1866 1707 contingat,

242 1708 363 1764 quod
385 1708 493 1751 alias
515 1707 694 1759 accidit,
722 1715 771 1752 ut
792 1717 1013 1764 concepta
1034 1724 1112 1765 spe
1136 1709 1319 1753 uidendi
1341 1709 1561 1753 eiusmodi
1580 1710 1717 1752 libros
1736 1725 1870 1753 mun-

242 1768 328 1810 dus
345 1767 540 1825 denique
558 1768 815 1820 frustretur,
834 1768 955 1823 quod
973 1768 1154 1819 quidem
1173 1770 1324 1824 plures
1340 1769 1398 1812 ob
1417 1782 1576 1811 causas
1595 1776 1743 1825 potest
1759 1783 1869 1812 eue-

243 1826 356 1869 nire.
378 1827 582 1871 Tertium
599 1834 684 1879 est,
706 1834 755 1869 ut
772 1840 874 1870 curn
893 1841 976 1870 nos
991 1827 1181 1884 primam
1199 1827 1417 1873 rationem
1435 1829 1602 1872 habere
1623 1829 1870 1871 debeamus

245 1900 417 1938 eorum,
438 1886 602 1941 quibus
625 1901 680 1931 ex
697 1885 974 1942 obligatione
990 1887 1285 1944 collegiorum
1302 1887 1615 1931 fundatoribus
1631 1888 1866 1941 debemus,

243 1946 358 1988 haec
375 1945 523 2001 specie
546 1945 678 1990 alieni
700 1953 778 1989 aut
800 1945 967 2001 publici
984 1946 1090 1990 boni
1108 1961 1164 1990 ne
1186 1946 1544 1990 interturbentur
1560 1954 1639 1989 aut
1654 1946 1869 1989 omittan—

246 2011 334 2049 tur.
360 2006 425 2047 Ita
446 2019 579 2060 spero
607 2005 759 2049 omnia
787 2004 987 2049 suauiter
1012 2013 1250 2059 euentura,
1275 2020 1391 2062 quae
1414 2006 1451 2049 si
1489 2006 1550 2048 ita
1573 2005 1867 2061 contigerint,

243 2078 335 2106 non
357 2063 441 2108 erit
463 2064 565 2108 leue
586 2071 907 2122 argumentum
930 2064 1110 2109 diuinae
1130 2065 1377 2110 uoluntatis
1394 2066 1511 2107 hanc
1528 2064 1869 2120 dispositionem

243 2122 399 2174 fuisse,
415 2137 530 2177 quae
546 2122 681 2167 etiam
701 2122 826 2178 operi
844 2122 917 2166 isti
934 2138 1114 2167 manum
1130 2138 1258 2168 suam
1274 2124 1489 2181 porriget,
1505 2133 1554 2167 ut
1572 2123 1618 2166 in
1635 2123 1705 2166 sui
1724 2122 1868 2166 nomi—

244 2182 314 2225 nis
336 2181 524 2238 gloriam
552 2182 828 2238 perficiatur.
855 2184 996 2226 Porro
1024 2184 1080 2226 ad
1101 2184 1215 2227 haec
1236 2184 1522 2239 praestanda,
1546 2183 1583 2226 si
1607 2197 1697 2237 quo
1719 2182 1870 2225 scriba

245 2241 319 2283 uel
340 2241 544 2285 adiutore
571 2242 724 2297 egebit
752 2241 825 2284 hic
857 2243 1008 2294 Pater,
1034 2242 1128 2286 scio
1150 2244 1204 2287 T.
1230 2244 1346 2287 ΚΜ
1381 2244 1514 2300 (quod
1538 2242 1720 2297 quidem
1759 2240 1868 2283 mihi

244 2300 330 2344 erit
366 2302 645 2357 pergratum)
682 2315 771 2344 non
809 2301 1088 2354 defuturum,
1129 2303 1508 2358 quemadmodum
1537 2300 1672 2345 etiam
1695 2299 1793 2343 aliis
1821 2300 1868 2343 in

245 2358 471 2411 omnibus,
511 2373 626 2414 quae
652 2361 709 2403 ad
736 2360 855 2403 illius
890 2361 1138 2405 senectutis
1164 2361 1389 2413 solatium,
1416 2368 1462 2406 et
1498 2361 1555 2402 ad
1575 2359 1868 2402 animandum

244 2419 414 2462 bonum
435 2420 558 2461 hunc
589 2419 768 2462 Patrem
790 2419 1098 2475 pertinebunt,
1138 2435 1298 2465 reuera
1333 2419 1550 2476 percupio
1574 2426 1623 2461 ut
1652 2434 1677 2461 a
1699 2417 1870 2460 nostris

245 2477 455 2520 omnibus
476 2478 564 2520 hoc
586 2477 732 2533 ipsum
749 2486 950 2523 curetur.
970 2480 1108 2546 Quod
1124 2480 1181 2522 ad
1197 2479 1295 2524 eius
1317 2479 1533 2523 uiaticum
1556 2477 1732 2528 attinet,
1755 2476 1867 2519 nihil

245 2537 394 2579 oneris
418 2543 596 2580 uestrae
622 2537 881 2593 prouinciae
906 2537 1164 2594 impositum
1187 2547 1271 2593 est,
1303 2539 1485 2581 aliunde
1506 2537 1624 2580 enim
1644 2535 1866 2579 Dominus

245 2595 459 2651 prouidit.
479 2596 570 2640 Sed
592 2597 713 2650 quod
734 2597 789 2639 ad
811 2597 1000 2640 aliorum
1019 2597 1222 2651 fratrum,
1243 2598 1320 2654 qui
1341 2598 1492 2642 isthuc
1510 2611 1676 2640 uenere
1692 2608 1864 2650 expen-

245 2668 318 2698 sas
335 2661 525 2709 spectat,
539 2655 809 2700 secretarius
824 2656 881 2698 ad
898 2670 980 2699 uos
995 2671 1096 2701 meo
1110 2656 1293 2702 nomine
1306 2657 1488 2709 scribet,
1502 2662 1548 2698 et
1562 2655 1636 2697 illa
1653 2653 1860 2710 pecunia,

244 2728 332 2769 que
361 2713 529 2756 idcirco
557 2721 745 2768 accepta
771 2722 840 2758 est
868 2730 894 2758 a
921 2715 1274 2770 mercatoribus,
1305 2715 1635 2772 quamprimum
1672 2728 1698 2756 a
1735 2712 1867 2756 uobis

242 2773 443 2815 curanda
465 2772 564 2825 erit,
592 2780 640 2816 ut
662 2774 774 2818 fides
799 2775 1049 2818 seruetur⁵
1132 2776 1318 2828 Romae,
1349 2786 1397 2830 15
1422 2774 1495 2818 die
1518 2772 1702 2829 Aprilis,
1734 2782 1863 2826 1574.

313 2905 322 2924 ¹
375 2902 478 2938 Vide
497 2902 618 2949 epist.
643 2901 728 2948 3693
748 2901 832 2947 3843
852 2901 935 2947 3863
955 2901 1038 2949 3973
1057 2902 1140 2949 3993
1159 2875 1236 2940 etc.

312 2965 325 2984 ²
377 2961 476 2997 Vide
495 2962 613 3008 epist.
638 2961 724 3007 5133
746 2962 832 3007 518,
852 2975 893 2998 n.
918 2971 954 3007 53
975 2968 1015 2998 et
1032 2970 1119 3008 554.

313 3022 328 3042 ⁵
377 3020 602 3068 Sequuntur
619 3020 696 3057 alia
715 3021 764 3056 de
788 3021 956 3067 negotiis
974 3021 1022 3056 ad
1039 3021 1218 3058 Natalem
1236 3034 1313 3058 non
1331 3021 1611 3070 spectantibus.

427 3103 539 3132 Erxsr.
559 3103 597 3133 P.
621 3104 754 3138 Nion,
776 3111 850 3132 rou.
873 3103 935 3132 111.
1660 3103 1696 3132 52
