2228 3548
869 290 916 318 20
942 281 1173 318 FEBRUARn
1199 281 1289 327 1567
1778 282 1850 330 375

268 382 390 436 sarii,
415 383 502 428 che
524 383 811 428 dolcemente
848 390 893 428 et
920 397 1006 427 con
1037 390 1224 440 paterna
1259 383 1431 427 charita
1467 383 1584 428 siino
1619 384 1774 429 ridotti
1812 386 1899 430 alla

270 459 578 517 vnionejdella
598 459 752 505 chiesa
778 467 921 504 santa.
947 461 1134 517 Quanto
1164 475 1190 504 a
1220 459 1358 516 quelli
1384 461 1441 506 de
1469 461 1543 504 chi
1570 461 1697 505 scrisi
1726 463 1784 506 da
1804 463 1898 506 As-

273 537 542 594 chemburg,
565 538 591 581 e
612 536 701 581 ben
722 537 916 582 alchuna
936 552 1064 590 cosa,
1087 538 1254 595 perche
1280 537 1416 593 quelli
1444 539 1528 582 che
1556 553 1647 582 non
1675 553 1788 582 sono
1820 538 1899 583 tali

271 614 550 670 simpliciter,
567 614 752 659 intendo
768 614 807 659 si
822 614 1005 672 possino
1027 615 1262 667 assoluer’,
1282 630 1354 659 ma
1369 615 1476 659 nelli
1498 615 1574 660 tali
1595 617 1620 660 e
1637 630 1743 660 cosa
1759 616 1901 659 molto

274 692 406 746 forte,
431 699 478 737 et
498 692 616 735 nella
643 692 775 748 quale
802 691 1003 736 militano
1031 691 1109 748 piu
1135 692 1178 736 18
1208 691 1417 749 raggioni
1445 693 1530 737 che
1557 691 1600 735 io
1629 694 1689 736 ho
1720 692 1896 736 scritto.

270 769 306 812 Il
343 768 540 826 Signore
567 769 798 826 prouedda
823 783 951 813 come
980 768 1174 826 miglior’
1198 767 1295 822 sia3
1326 783 1408 812 nos
1435 768 1554 812 nihil
1588 770 1898 825 poterimus²,

269 846 342 889 uel
365 847 603 901 faciemus,
630 847 724 889 nisi
751 846 867 902 quod
893 846 947 889 de
974 847 1075 889 iure
1094 847 1362 902 poterimus.
1388 846 1440 890 L'
1466 846 1624 890 ordine
1651 846 1696 890 di
1725 847 1896 890 contri-

266 923 398 968 buire
418 938 498 980 per
521 924 564 968 13
585 937 690 967 8353
710 924 767 968 (18
794 922 971 977 nouitii,
1001 924 1061 967 ho
1087 923 1326 968 emendato
1353 924 1399 967 io
1426 937 1488 966 un
1510 937 1625 979 poco
1652 923 1699 967 in
1727 923 1900 967 Herbi-

267 1000 376 1056 poli,
402 1007 447 1044 et
468 1000 728 1044 mandatolo
748 1001 835 1044 alla
856 1001 908 1044 Ρ.
936 1001 993 1044 V.
1019 1001 1077 1044 da
1096 999 1248 1056 Spira,
1273 1013 1322 1043 se
1349 1000 1438 1043 ben
1466 999 1528 1042 mi
1555 999 1747 1054 ricordo,
1773 1007 1819 1044 et
1851 1000 1899 1042 in

268 1077 380 1134 ogni
410 1084 577 1122 euento
604 1077 772 1120 andara
799 1091 888 1120 con
916 1082 1090 1133 questa.
1126 1077 1184 1119 Et
1214 1075 1275 1119 mi
1302 1075 1430 1132 piace
1461 1077 1546 1120 che
1577 1076 1780 1121 contenti
1812 1078 1900 1122 alla

271 1157 323 1198 P.
350 1155 428 1207 V.;
452 1154 617 1210 perche
639 1154 788 1210 quella
814 1153 1030 1197 difficolta
1050 1154 1135 1196 che
1158 1153 1218 1207 fa,
1241 1152 1356 1204 cioe,
1381 1154 1466 1196 che
1486 1154 1668 1209 quando
1690 1167 1768 1209 per
1789 1154 1899 1210 ogni

272 1230 465 1288 collegio
486 1230 575 1274 fusi
596 1230 626 1274 il
648 1244 836 1275 numero
857 1229 1060 1283 definito,
1084 1229 1130 1273 di
1151 1230 1301 1285 quello
1320 1230 1406 1274 che
1427 1229 1639 1274 auanzasi
1654 1263 1664 1282 ,
1692 1229 1730 1273 si
1760 1230 1897 1275 faeesi

271 1310 469 1352 anchora
495 1307 845 1360 contributione,
876 1306 942 1360 io,
973 1307 1142 1360 Padre,
1173 1306 1358 1351 intendo
1380 1306 1490 1359 cosi,
1519 1308 1605 1350 che
1641 1307 1834 1351 essendo
1869 1307 1897 1350 il

270 1399 461 1430 numero
481 1383 685 1438 definito,
709 1398 800 1428 non
821 1385 880 1428 ha
895 1384 954 1427 da
970 1386 1127 1428 restar'
1152 1383 1306 1428 niente
1321 1397 1348 1426 o
1364 1397 1495 1440 poco,
1519 1383 1564 1426 d'
1588 1382 1620 1427 il
1641 1385 1726 1428 che
1748 1398 1838 1427 non
1856 1386 1896 1427 s’

266 1464 326 1507 ha
346 1477 373 1506 a
394 1462 478 1506 far’
500 1468 651 1506 conto.
677 1463 735 1505 Et
756 1461 890 1507 etiam
911 1462 997 1507 che
1018 1460 1106 1505 fusi
1127 1461 1322 1504 alchuna
1342 1474 1456 1517 poca
1472 1475 1664 1514 summa,
1689 1460 1728 1505 si
1750 1462 1886 1505 doue·

265 1540 405 1584 rebbe
425 1538 706 1583 dissimulare
726 1553 806 1595 per
832 1537 1104 1582 commodita
1130 1538 1187 1581 de
1214 1537 1392 1595 collegii
1419 1544 1466 1583 et
1494 1537 1806 1583 consolatione
1837 1538 1897 1582 de

264 1615 436 1670 rettori‚
461 1623 507 1661 et
527 1617 693 1673 perche
714 1615 921 1673 sogliono
941 1617 1079 1660 esser’
1106 1617 1182 1658 un'
1207 1629 1326 1659 anno
1349 1614 1573 1672 maggiori
1589 1614 1891 1659 estraordina—

264 1693 318 1736 rii
339 1695 423 1738 8118
445 1695 522 1736 un’
547 1693 677 1737 altro:
700 1696 908 1736 ettamen
928 1693 989 1736 ho
1011 1691 1086 1749 gia
1106 1692 1212 1735 dato
1234 1691 1391 1737 ordine
1408 1692 1449 1736 al
1467 1693 1581 1736 Mro.
1603 1691 1790 1736 Canisio
1807 1693 1896 1736 che

265 1771 382 1815 ueda
402 1785 452 1815 se
478 1769 516 1814 si
535 1770 556 1798 ¹²
582 1784 796 1827 possono,
827 1770 1023 1815 secondo
1054 1770 1139 1812 che
1170 1769 1212 1812 la
1247 1767 1506 1825 esperienza
1536 1771 1814 1820 muostrara,
1846 1768 1893 1811 in

265 1847 376 1905 ogni
397 1846 589 1904 collegio
608 1854 862 1902 sustentare
883 1846 961 1903 piu
981 1846 1039 1891 de
1060 1844 1196 1902 quelli
1217 1847 1302 1890 8118
1322 1859 1435 1890 50110
1457 1845 1692 1889 nominati.

356 1936 397 1979 7.
463 1924 672 1970 Secondo
694 1925 779 1969 che
799 1924 842 1967 la
865 1926 917 1967 P.
943 1924 1000 1967 V.
1026 1922 1250 1979 significa,
1279 1923 1314 1966 s'
1337 1923 1508 1967 hauera
1527 1921 1889 1967 consideratione

266 2001 311 2044 in
334 2002 535 2046 mandar’
560 2008 698 2058 gente
719 2016 745 2045 a
766 2003 921 2044 Roma.
945 2001 991 2043 Io
1013 2003 1179 2053 tamen,
1200 1999 1362 2052 Padre,
1381 2013 1472 2043 non
1495 1999 1556 2042 mi
1579 1998 1756 2043 ricordo
1777 1998 1851 2042 chi
1871 1999 1898 2042 8

265 2079 415 2134 quello
432 2081 586 2123 Marco
607 2079 636 2133 ¹,
655 2077 917 2131 viennense;
939 2078 999 2120 ho
1015 2083 1201 2133 pensato
1217 2077 1301 2120 che
1317 2076 1438 2120 forse
1454 2079 1555 2120 5313
1576 2075 1798 2133 aggionto
1817 2090 1897 2131 per

265 2157 309 2200 la
329 2156 495 2209 strada,
520 2170 548 2198 o
568 2169 655 2199 con
677 2154 814 2210 quelli
835 2156 920 2198 che
941 2154 985 2198 io
1006 2153 1185 2198 mandai
1206 2152 1365 2210 prima,
1389 2168 1417 2197 o
1433 2168 1519 2198 con
1543 2154 1770 2198 Marchez.
1792 2154 1898 2196 Mu-

267 2246 413 2276 tamer
428 2232 467 2276 si
482 2232 648 2279 mando
665 2246 743 2288 per
758 2231 898 2275 buoni
915 2230 1091 2287 rispetti
1107 2230 1155 2273 in
1170 2229 1534 2287 peregrinatione
1550 2235 1831 2286 puramente,
1846 2236 1892 2271 et

268 2323 404 2353 senza
424 2309 600 2361 lettere,
620 2315 666 2353 et
687 2309 772 2353 che
789 2307 1014 2361 ritomasi,
1034 2321 1083 2350 se
1100 2306 1176 2364 gia
1192 2321 1283 2350 non
1299 2307 1342 2351 lo
1359 2306 1537 2351 uuolesi
1555 2306 1736 2350 ritener’
1758 2306 1814 2349 V.
1839 2306 1891 2347 P.

271 2386 412 2430 Lucio
434 2384 472 2429 si
493 2385 658 2429 mando
678 2399 759 2442 per
780 2384 1003 2429 necessita
1024 2390 1240 2436 extrema,
1264 2384 1307 2427 al
1327 2383 1418 2427 mio
1446 2382 1664 2441 giudicio,
1689 2396 1776 2425 con
1798 2382 1898 2424 dar’

270 2462 507 2520 raggione,
531 2469 618 2507 etc.
643 2460 877 2506 Ludouico
898 2475 1067 2517 sapeua
1087 2460 1132 2504 io
1151 2461 1270 2506 bene
1289 2462 1375 2506 che
1396 2475 1488 2504 non
1508 2462 1688 2504 haueua
1704 2465 1897 2502 conten-

273 2547 383 2594 tato,
403 2546 449 2585 et
465 2553 545 2596 per
562 2541 722 2595 questo
743 2537 804 2581 mi
826 2553 974 2582 mosse
995 2537 1088 2594 piu,
1107 2537 1306 2594 sapendo
1327 2540 1412 2583 che
1433 2552 1510 2583 era
1530 2537 1697 2589 habile,
1722 2550 1748 2578 a
1768 2549 1899 2577 man-

269 2618 396 2661 darlo
412 2631 498 2660 con
514 2631 731 2673 speranza
747 2617 831 2659 che
847 2617 881 2658 s'
898 2614 1160 2658 aiutarebbe
1174 2614 1270 2658 lac:
1289 2629 1382 2658 non
1398 2629 1567 2671 sapeua
1579 2617 1729 2656 tamen
1742 2611 1898 2667 quello

269 2695 326 2738 de
347 2696 458 2738 Mro.
489 2693 687 2738 Canisio.
719 2691 869 2736 Gioan
895 2691 1162 2744 viennense,
1186 2691 1365 2736 mandai
1394 2705 1473 2748 per
1502 2691 1638 2735 esser'
1664 2689 1899 2745 deplorato

266 2785 345 2826 per
366 2770 412 2813 di
433 2785 538 2827 qua,
563 2785 642 2827 per
663 2768 1015 2826 esperimentare
1036 2782 1086 2812 se
1106 2767 1144 2811 si
1164 2768 1365 2824 puotessi
1382 2768 1562 2820 aiutar',
1587 2773 1632 2811 et
1653 2780 1680 2809 a
1702 2764 1832 2822 piede
1850 2764 1896 2806 in

340 2889 361 2909 a
397 2881 583 2929 Sequitur
606 2882 688 2918 nisi
709 2882 814 2928 quod
836 2880 1085 2916 obliteratum
1107 2890 1130 2915 a
1152 2879 1321 2916 libr.—b
1340 2880 1427 2916 Hoc
1451 2880 1562 2915 verb.
1588 2877 1763 2914 additum
1790 2882 1850 2912 est
1878 2887 1901 2912 a

269 2941 362 2977 libr.
387 2953 503 2988 supra
521 2948 700 2977 vers.—c
716 2949 739 2986 7
758 2941 878 2976 verba
895 2951 1003 2987 seqq.
1024 2939 1064 2974 in
1082 2950 1208 2986 marg.
1231 2938 1380 2976 addidit
1398 2938 1492 2975 libr.

349 3033 358 3053 ¹
410 3030 511 3066 Vide
529 3029 644 3077 epist.
663 3029 747 3076 434,
766 3043 807 3068 n.
828 3038 860 3074 1,
880 3034 1011 3065 annot.
1027 3041 1067 3071 a,
1082 3028 1149 3064 ubi
1162 3039 1277 3075 supra
1290 3040 1432 3064 nomen
1448 3027 1700 3068 Hieronimo,
1716 3025 1903 3072 scriptum

277 3088 353 3125 fuit
371 3089 522 3131 Marco,
540 3088 644 3136 quod
661 3088 760 3125 forte
778 3089 947 3135 explicat
961 3086 1110 3122 Natalis
1123 3086 1374 3132 oblivionem,
1389 3088 1440 3123 ob
1454 3085 1621 3122 nominis
1635 3084 1906 3122 mutationem-
