2228 3548
980 290 1200 327 APPENDIx
1785 303 1856 342 755

1055 467 1114 509 III

739 553 780 588 S.
809 553 1140 604 FRANCISCUS
1165 555 1236 590 DE
1261 554 1432 603 BORJA

666 645 923 687 ALBERTO
961 645 1014 686 V,
1054 645 1184 676 DUCI
1223 646 1507 678 BAVARIAE

747 722 934 775 Romae,
955 732 981 775 7
1001 720 1234 765 Februarii
1262 722 1374 777 1566
1397 722 1426 767 ¹.

893 810 1078 856 Epistola
1094 808 1283 856 officiosa

359 889 500 932 Illme.
527 887 738 944 princeps
760 894 806 931 et
826 888 943 930 Dne.
970 887 1017 930 in
1039 889 1156 943 Xpo
1193 889 1291 930 obS.
1297 894 1350 915 ¹²¹⁰
1381 889 1609 943 Quamuis
1636 889 1902 948 iampridem

269 947 477 992 Societas
501 954 654 991 nostra
681 953 728 990 et
755 946 980 990 benefitiis
1011 946 1192 1002 magnis
1223 948 1280 990 V.
1318 949 1427 990 Exc.
1434 954 1475 975 ²
1503 949 1732 1002 deuincta,
1768 958 1814 994 et
1844 953 1904 995 ob

268 1008 545 1062 praeclaram
569 1014 614 1050 et
641 1006 862 1049 illustrem
890 1005 1142 1049 catholicae
1170 1006 1402 1062 religionis
1431 1008 1778 1063 protectionem,
1815 1025 1905 1066 qua

270 1068 322 1110 E.
350 1068 407 1111 V.
434 1068 491 1110 de
513 1065 704 1110 ecclesia
726 1064 813 1109 Dei
835 1063 1007 1120 optime
1029 1072 1244 1117 meretur,
1271 1080 1404 1109 suum
1422 1067 1752 1123 qualecumque
1770 1070 1904 1114 obse-

269 1125 426 1182 quium
442 1141 499 1169 ex
515 1125 663 1169 animo
680 1123 825 1168 eidem
849 1123 1080 1176 obtulerit,
1107 1138 1229 1167 nunc
1245 1125 1483 1170 occasione
1501 1127 1789 1181 profectionis
1820 1130 1904 1172 do-

270 1186 408 1229 ctoris
430 1180 698 1240 Hieronymi
720 1182 927 1227 Natalis
916 1198 962 1226 1n
989 1183 1301 1236 Germaniam,
1333 1184 1406 1227 cui
1439 1192 1542 1240 post
1573 1186 1823 1230 exhibitum
1857 1188 1903 1231 in

273 1244 395 1290 dieta
430 1245 525 1289 sedi
562 1241 834 1311 apostolicae
870 1242 1185 1295 ministerium,
1226 1243 1420 1300 collegia
1456 1252 1611 1288 nostra
1643 1247 1904 1302 germanica

274 1305 499 1348 uisitanda
519 1303 840 1371 commisimus,
866 1302 991 1346 uolui
1013 1303 1065 1345 E.
1091 1303 1149 1346 V.
1156 1309 1208 1330 ²¹¹¹
1228 1302 1299 1346 his
1315 1302 1476 1347 litteris
1493 1304 1704 1357 salutare,
1731 1306 1904 1350 eidem-

273 1378 362 1420 que
383 1379 534 1409 meum
555 1370 600 1407 et
622 1362 834 1406 minimae
855 1368 1038 1405 nostrae
1059 1361 1300 1406 Societatis
1327 1362 1596 1418 obsequium
1619 1371 1672 1431 ’et
1700 1365 1902 1409 studium

273 1424 330 1467 de
352 1423 532 1478 integro
554 1423 730 1474 offerre,
756 1416 982 1476 simulque
1003 1421 1260 1488 supplicare
1283 1423 1335 1465 E.
1361 1423 1420 1466 V.
1425 1429 1498 1475 Μ,
1526 1430 1575 1466 ut
1592 1422 1630 1466 si
1648 1423 1756 1480 quid
1774 1439 1906 1481 prae-

197 1514 205 1519 .
272 1482 422 1526 dictus
447 1485 582 1527 Pater
602 1480 777 1525 Natalis
798 1494 900 1524 meo
922 1479 1104 1524 nomine
1126 1480 1304 1533 dixerit,
1330 1481 1467 1526 fidem
1489 1482 1531 1525 ei
1549 1482 1776 1550 adhibeat.
1801 1485 1905 1528 Non

273 1541 578 1587 commendo
567 1555 715 1597 ipsum
738 1553 822 1583 nec
843 1539 1056 1584 bauarica
1077 1540 1271 1597 collegia
1295 1542 1346 1583 E.
1373 1542 1431 1587 V.
1437 1548 1478 1569 *θ
1492 1541 1634 1597 ‚quia
1663 1542 1772 1585 mihi
1803 1558 1908 1599 per-

272 1602 442 1646 suadeo
469 1616 559 1645 non
589 1614 643 1644 ea
669 1600 814 1643 solum
846 1599 985 1655 (quod
1017 1599 1294 1654 experientia
1324 1600 1513 1656 docuit),
1539 1601 1619 1645 sed
1643 1601 1903 1646 uniuersam

272 1661 544 1706 Societatem
569 1657 1059 1703 commendatissimam
1082 1659 1266 1711 habere,
1298 1666 1344 1703 et
1372 1674 1456 1703 nos
1487 1674 1644 1705 omnes
1678 1667 1906 1717 tamquam

274 1734 384 1763 suos
405 1718 621 1776 peculiari
644 1717 927 1775 benignitate
948 1724 995 1762 et
1017 1719 1173 1761 fauore
1195 1718 1422 1774 prosequi.
1449 1721 1647 1763 Tantum
1671 1734 1784 1775 ergo
1804 1735 1908 1777 pre-

274 1780 412 1823 cabor
447 1779 534 1824 Dei
571 1777 837 1828 bonitatem,
878 1783 928 1819 ut
964 1778 1016 1820 E.
1053 1778 1173 1821 V.am
1195 1777 1272 1821 diu
1295 1777 1554 1822 incolumen
1577 1787 1836 1831 conseruet,
1862 1787 1908 1824 et

277 1838 451 1896 gratiae
472 1853 582 1882 suae
603 1837 734 1881 donis
755 1836 802 1880 in
824 1835 921 1880 dies
943 1836 1088 1893 magis
1109 1851 1162 1880 ac
1179 1836 1325 1894 magis
1339 1845 1544 1882 exornet.
1566 1839 1753 1890 Romae,
1776 1850 1801 1892 7
1820 1840 1908 1884 Fe—

278 1897 450 1942 bruarii
478 1898 605 1953 1566.

1066 2010 1129 2054 IV

700 2101 740 2136 s,
769 2097 1152 2135 FRANclsCUs
1185 2098 1262 2134 DE
1287 2097 1479 2145 BORJA

873 2190 1094 2221 URSULAE
1116 2188 1309 2220 FUGGER

0 2311 5 2334 ᾗ
748 2268 934 2319 Romae,
961 2277 986 2319 7
1003 2263 1238 2308 Februarii
1266 2265 1378 2319 1566
1395 2266 1429 2307 ⁸.
1451 2317 1458 2322 Ι

0 2343 14 2426 ἱ,
898 2354 1082 2401 Epistola
1099 2352 1288 2400 officiosa.

0 2447 5 2500 j·
368 2434 558 2479 Illustris
583 2436 701 2478 Dna.
731 2441 778 2477 et
807 2431 919 2476 mihi
955 2429 1275 2497 plurimum-in
1307 2432 1427 2487 Xpo.
1459 2429 1759 2496 obseruanda.
1786 2430 1904 2496 Cum

281 2498 339 2540 D.
354 2501 393 2523 or
415 2494 722 2549 Hieronymus
742 2491 916 2536 Natalis
938 2491 982 2533 in
1001 2491 1307 2541 Germaniam,
1328 2497 1379 2533 ut
1401 2491 1643 2547 Augustae
1664 2490 1812 2532 dletae
1834 2503 1906 2531 1n-

354 2629 365 2649 ¹
415 2626 475 2661 Ex
492 2625 679 2671 Regesto,
699 2622 795 2659 Cod.
816 2633 860 2668 33
871 2622 935 2669 f),
956 2620 1020 2668 fol,
1036 2620 1096 2655 66.
1115 2620 1162 2655 In
1179 2619 1367 2666 margine:
1388 2620 1507 2656 Duca
1525 2620 1572 2655 de
1592 2619 1785 2655 Baviera.
1808 2617 1910 2653 Vide

281 2697 375 2734 pag.
401 2693 437 2728 2,
456 2689 496 2719 et
514 2694 627 2730 seqq.

347 2748 362 2767 2
412 2745 471 2779 Ex
488 2743 674 2788 Regesto,
697 2740 792 2777 Cod.
815 2750 858 2786 33
869 2739 929 2787 f),
949 2739 1016 2776 fol.
1036 2738 1096 2775 66.
1115 2739 1160 2774 In
1178 2738 1366 2783 margine:
1387 2739 1576 2786 Augusta
1595 2737 1682 2772 S.ra
1702 2736 1906 2775 Fuchara.

276 2804 378 2841 Vide
395 2814 484 2850 pag.
505 2811 541 2847 2,
560 2806 600 2837 et
618 2810 743 2847 seqq.;
762 2805 802 2835 et
820 2799 936 2846 epist.
955 2798 1040 2844 359,
1059 2810 1098 2834 n.
1117 2796 1153 2832 3.
1174 2797 1339 2843 Ibidem,
1359 2797 1452 2834 folio
1471 2796 1623 2841 eodem,
1643 2796 1739 2831 haec
1757 2794 1807 2831 de
1826 2795 1905 2831 Na-

275 2863 365 2900 talis
383 2861 566 2898 missione
584 2861 790 2896 habentur:
810 2859 850 2894 in
874 2857 1068 2904 margine:
1094 2858 1298 2903 Augusta:
1326 2862 1367 2893 et
1389 2856 1534 2893 deinde
1552 2857 1648 2890 haec
1675 2859 1907 2902 sequuntur:

281 2924 386 2959 «Pax
403 2922 464 2958 X.i
492 2926 568 2956 etc.
590 2919 666 2954 Alli
687 2923 789 2954 sette
806 2917 846 2953 di
863 2916 1029 2952 Febraio
1050 2916 1155 2962 1566,
1175 2916 1275 2962 parti
1292 2915 1332 2951 di
1350 2917 1474 2952 Roma
1492 2915 1517 2951 il
1536 2915 1602 2950 P.e
1620 2914 1735 2949 Natal
1754 2924 1828 2949 con
1847 2918 1910 2949 tre

0 2993 9 3014 l·
76 2972 78 2975 V
281 2980 501 3029 compagni,
525 2980 570 3015 id
592 2981 662 3022 est,
687 2978 754 3014 P.e
773 2977 824 3012 D.
850 2975 1055 3021 Ledesma,
1081 2975 1148 3010 Ρ,ε
1168 2975 1373 3023 Ximenez,
1405 2973 1577 3020 Georgio
1594 2974 1751 3020 polono,
1778 2984 1848 3020 per
1873 2973 1911 3008 la

0 3037 13 3088 k
279 3041 398 3078 dieta.
418 3041 473 3076 Fu
493 3042 775 3084 acompagnato
791 3047 864 3072 con
881 3036 1022 3071 lettere
1039 3034 1080 3070 di
1098 3039 1231 3070 nostro
1245 3034 1371 3070 Padre
1385 3035 1449 3082 pel
1468 3029 1647 3070 cardenal
1662 3030 1909 3077 Comendon,

283 3102 431 3148 legato,
455 3099 555 3135 duca
578 3097 618 3133 di
641 3095 819 3137 Babiera,
845 3095 972 3142 Sigsa
994 3095 1153 3138 Fucara,
1180 3093 1392 3141 imperator
1409 3099 1450 3129 et
1475 3091 1733 3139 emperatrice
1758 3095 1853 3134 etc.,
1872 3095 1914 3126 et
