2228 3548
967 222 1012 259 28
1037 224 1151 270 Jmm
1178 224 1268 270 1567
1817 225 1887 272 487

296 312 454 368 curino
474 326 616 368 hauer
639 324 780 370 ferma
799 324 844 368 13
864 324 1090 382 proprieta
1112 340 1140 369 o
1161 326 1360 370 dominio
1380 327 1454 371 del
1475 325 1563 371 sito
1585 328 1669 370 che
1690 329 1860 380 hanno,
1885 335 1933 372 et

297 401 342 445 di
363 415 570 458 comprar
591 402 739 458 quelle
767 403 856 446 due
877 417 982 448 6356
1003 403 1088 447 6116
1115 410 1279 447 stanno
1299 403 1346 447 in
1367 418 1524 449 mezzo
1544 404 1618 448 del
1639 403 1853 461 collegio,
1887 413 1934 450 et

300 477 372 522 all'
393 480 504 522 hora
525 478 564 522 si
584 479 714 535 potra
738 479 833 524 fare
854 478 931 536 piu
953 479 999 522 di
1020 479 1250 537 proposito
1270 481 1314 524 13
1330 495 1435 525 6353
1454 480 1501 524 di
1522 480 1806 537 probatione;
1826 496 1932 538 per-

301 555 384 600 che
405 562 534 600 santa
556 557 752 600 Barbara
775 572 868 600 non
888 571 996 614 pare
1017 557 1117 601 loco
1138 564 1394 615 opportuno
1415 573 1494 615 per
1516 557 1643 602 farla.

388 646 432 688 4.
498 633 682 689 Quanto
704 634 746 677 al
767 634 894 678 lauar
910 634 940 676 li
955 633 1092 691 piedi,
1112 633 1150 678 si
1167 634 1277 692 ogni
1293 649 1385 678 uno
1400 638 1492 692 puo
1507 635 1633 679 lauar
1650 635 1679 678 li
1697 634 1812 688 suoi,
1833 638 1934 680 5313

300 709 483 767 meglio.
510 711 707 766 Quando
729 725 820 755 non
842 711 880 754 si
906 710 1075 768 potessi
1104 722 1265 768 questo
1292 712 1696 765 commodamente,
1727 711 1759 754 il
1795 726 1932 769 supe·

299 786 388 831 rior
408 787 628 844 deputata
649 787 722 831 chi
744 787 969 832 debbiano
990 789 1086 834 fare
1108 789 1169 832 tal
1191 788 1335 832 uffitio
1357 789 1402 832 di
1425 788 1596 832 charita
1617 794 1704 832 con
1726 788 1788 846 gl'
1811 788 1929 832 altri.

385 865 526 908 Come
548 864 595 907 in
616 866 759 909 Roma
780 866 818 909 s’
842 866 866 910 ὲ
889 865 1147 910 transferito
1169 866 1256 909 alla
1271 865 1461 910 mattina
1479 880 1540 909 un
1558 873 1719 922 quarto
1737 867 1780 909 d’
1800 867 1928 919 hora,

295 941 409 985 oltre
436 941 467 984 li
496 948 564 987 tre
591 942 755 998 quarti,
781 943 992 987 restando
1019 943 1269 987 solamente
1290 957 1354 986 un
1385 949 1546 999 quarto
1578 958 1658 1000 per
1684 943 1728 986 lo
1757 957 1932 988 essame

296 1018 447 1074 doppo
470 1032 599 1074 cena,
624 1019 718 1063 cosi
742 1020 861 1063 forse
883 1019 921 1063 si
942 1019 1162 1076 potrebbe
1184 1020 1278 1063 fare
1306 1019 1352 1062 in
1381 1019 1482 1063 altri
1510 1020 1670 1077 luoghi
1697 1027 1734 1074 Β·;
1766 1020 1932 1076 perche

298 1109 387 1150 qua
408 1094 449 1139 ci
473 1103 678 1140 trouamo
699 1097 788 1141 ben
810 1111 897 1140 con
919 1103 1094 1152 questo.
1117 1097 1173 1139 Et
1191 1095 1228 1140 si
1246 1096 1354 1140 dara
1372 1096 1500 1140 auiso
1517 1095 1562 1139 di
1579 1103 1741 1152 questo
1759 1097 1801 1139 al
1817 1111 1928 1153 pro-

300 1171 460 1216 uintial
481 1173 554 1218 del
575 1174 752 1228 Rhen0,
777 1180 822 1218 et
850 1174 935 1217 che
962 1188 1054 1217 non
1085 1187 1194 1230 pare
1225 1173 1263 1216 si
1294 1172 1460 1217 debbia
1492 1174 1573 1216 far’
1609 1187 1769 1229 segno,
1804 1173 1933 1216 finita

299 1263 452 1294 mezza
468 1251 579 1294 hora
595 1251 652 1294 de
669 1249 872 1294 oratione
890 1250 1101 1303 mentale,
1122 1249 1167 1293 di
1185 1250 1296 1293 farla
1312 1250 1387 1294 nel
1405 1257 1526 1294 resto
1543 1251 1718 1302 uocale,
1739 1250 1935 1293 essendo

298 1326 375 1383 piu
413 1328 646 1372 conforme
675 1327 760 1371 alle
788 1326 1101 1372 constitutioni
1134 1333 1180 1370 et
1216 1328 1362 1371 anche
1398 1327 1484 1370 alla
1517 1326 1704 1383 ragione
1742 1341 1834 1369 non
1864 1327 1932 1369 far

296 1404 433 1461 legge
454 1418 694 1448 commune
715 1403 760 1447 di
782 1403 869 1458 61ὁ;
895 1419 967 1447 1113
989 1403 1074 1448 6116
1095 1403 1205 1461 ogni
1227 1417 1320 1447 uno
1342 1402 1484 1447 faccia
1511 1403 1555 1446 13
1577 1403 1779 1446 oratione
1802 1417 1931 1446 men-

295 1481 382 1524 tale
405 1495 433 1524 o
456 1482 614 1526 uocale
637 1481 869 1539 (parlando
891 1481 935 1523 di
959 1480 1097 1537 quelli
1119 1483 1205 1525 che
1226 1495 1319 1524 non
1341 1481 1496 1524 hanno
1518 1479 1704 1536 obligo),
1730 1480 1931 1523 secondo

293 1559 379 1602 che
399 1557 430 1600 li
452 1560 553 1602 sara
574 1557 652 1615 piu
679 1558 1001 1613 conueniente,
1032 1573 1058 1602 a
1086 1557 1281 1615 giuditio
1308 1558 1382 1603 del
1413 1572 1498 1601 suo
1535 1556 1767 1614 superiore
1800 1571 1827 1600 o
1858 1556 1931 1599 in·-

295 1641 528 1679 struttore.

385 1722 425 1767 5.
492 1713 677 1768 Quanto
698 1728 725 1756 a
746 1711 930 1758 Simone
955 1713 984 1765 ¹,
1010 1712 1222 1756 mandato
1239 1711 1286 1755 in
1301 1711 1667 1769 peregrinatione
1689 1726 1714 1754 a
1739 1710 1927 1767 Pariggi

295 1795 341 1832 et
362 1796 493 1834 santo
509 1791 695 1849 Jacobo,
722 1803 812 1846 qua
833 1789 871 1833 si
893 1803 1051 1846 pensa,
1076 1790 1162 1832 che
1189 1804 1239 1834 se
1266 1790 1324 1834 V.
1354 1790 1410 1833 R.
1445 1787 1627 1832 hauessi
1657 1789 1832 1831 hauuta
1859 1786 1928 1830 in-

296 1866 565 1911 formatione
587 1866 631 1909 di
653 1881 782 1910 come
805 1865 843 1909 si
863 1868 1043 1909 haueua
1072 1865 1297 1922 diportato
1323 1865 1370 1909 in
1392 1865 1594 1922 Dilinga,
1625 1865 1774 1921 doppo
1807 1871 1932 1908 tante

294 1945 407 1988 altre
427 1944 544 1988 delle
567 1958 664 1998 sue,
690 1945 775 1987 che
804 1944 847 1986 lo
876 1942 1062 1986 haueria
1093 1943 1306 1987 mandato
1334 1942 1411 2000 piu
1444 1948 1598 1999 presto
1630 1957 1657 1985 a
1689 1956 1771 1984 sua
1803 1954 1925 1984 casa.

293 2021 380 2065 Dio
402 2022 460 2065 N.
487 2022 536 2066 S.
562 2019 591 2063 1’
614 2020 735 2064 aiuti.
762 2021 812 2063 In
834 2027 1001 2063 euento
1023 2020 1109 2064 che
1130 2019 1168 2063 si
1189 2019 1454 2076 pigliassino
1474 2018 1506 2061 li
1528 2017 1705 2074 collegij
1730 2017 1774 2060 di
1797 2016 1928 2073 Spita

292 2106 337 2142 et
359 2098 611 2154 Herbipoli,
636 2098 697 2140 mi
718 2099 779 2140 ho
800 2096 987 2142 rimesso
1010 2112 1036 2140 a
1057 2098 1114 2141 V.
1142 2098 1195 2141 R.
1217 2096 1256 2141 si
1273 2096 1497 2142 debbiano
1519 2110 1670 2139 essere
1687 2095 1804 2138 della
1820 2108 1928 2150 pro-

293 2175 444 2219 uincia
464 2176 537 2220 del
559 2177 719 2218 Rheno
736 2190 763 2218 o
779 2175 895 2218 della
911 2173 1116 2230 superior
1131 2173 1391 2219 Germania.
1415 2174 1558 2218 Molto
1573 2173 1681 2229 pero
1699 2170 1927 2215 conuiene

294 2251 580 2296 considerare
601 2252 675 2295 nel
696 2251 883 2295 mandat
905 2251 935 2293 il
965 2253 1019 2295 P.
1050 2250 1222 2295 Anrico
1242 2250 1464 2305 Dionisio,
1489 2248 1719 2294 essendosi
1748 2253 1929 2291 trouato

296 2336 422 2372 tanto
443 2329 560 2372 male
582 2328 628 2371 in
650 2328 850 2385 Dilinga,
876 2334 920 2372 et
943 2328 1134 2372 essendo
1157 2334 1282 2371 tanto
1304 2328 1415 2373 utile
1442 2327 1486 2370 in
1509 2325 1713 2370 Colonia.

383 2406 426 2448 6.
491 2405 711 2449 Desidero
733 2404 969 2449 intendere
990 2419 1040 2449 se
1066 2405 1109 2448 13
1130 2405 1316 2448 fontana
1342 2404 1388 2447 di
1416 2403 1542 2459 Lieja
1570 2404 1628 2445 ha
1656 2403 1768 2444 fatto
1797 2400 1928 2456 qual-

296 2485 380 2528 che
401 2483 525 2525 buon
546 2483 703 2526 effetto
727 2481 845 2525 circa
866 2482 898 2525 l'
927 2481 1073 2525 aiutar
1094 2481 1137 2524 13
1165 2481 1310 2526 sanita
1337 2482 1383 2525 di
1414 2482 1472 2525 V.
1509 2481 1584 2531 R„
1620 2478 1750 2534 quale
1782 2490 1925 2534 prego

294 2559 420 2603 Iddio
441 2558 472 2602 li
494 2559 694 2602 conceda
715 2573 796 2615 per
817 2558 955 2601 molto
978 2572 1061 2601 suo
1083 2557 1287 2602 seruitio.
1313 2559 1500 2602 Intorno
1528 2557 1570 2599 al
1598 2554 1851 2612 predicator
1879 2552 1926 2597 di

294 2638 519 2689 Anuersa‚
544 2650 652 2693 pare
668 2636 785 2680 bene
803 2649 893 2678 non
911 2634 950 2678 si
972 2634 1114 2678 faccia
1131 2634 1440 2688 innouatione,
1465 2649 1538 2677 ma
1554 2634 1639 2676 che
1655 2632 1713 2675 V.
1734 2632 1788 2674 R.
1809 2630 1929 2674 ueda

360 2761 382 2782 ²
417 2762 440 2800 7
457 2755 578 2790 verba
595 2766 709 2802 seqq.
732 2753 773 2789 in
791 2764 912 2800 marg.
933 2752 1081 2789 addidit
1098 2752 1190 2790 libr.

360 2854 370 2874 ¹
422 2854 591 2899 Emrius,
606 2854 702 2890 alias
716 2854 944 2890 Demesius.
964 2852 1065 2889 Vide
1079 2852 1196 2900 epist.
1213 2861 1297 2899 411,
1312 2865 1356 2889 n.
1382 2861 1415 2897 13
1431 2857 1471 2887 et
1488 2850 1573 2896 482,
1592 2861 1635 2885 n.
1658 2850 1700 2884 6.
1723 2847 1786 2884 Cf.
1806 2846 1926 2883 etiam

292 2913 560 2959 SAccfflmm,
580 2915 655 2950 loc.
675 2914 758 2956 cit„
779 2913 846 2950 lib.
868 2913 936 2958 III,
959 2925 998 2949 n.
1021 2921 1102 2958 1253
1121 2917 1162 2948 et
1178 2911 1247 2948 lib.
1266 2913 1316 2958 V,
1336 2924 1374 2948 n.
1390 2922 1451 2958 99,
1469 2910 1537 2946 ubi
1553 2908 1668 2956 hujus
1684 2906 1816 2943 miseri
1834 2916 1925 2953 apo-

292 2977 417 3009 statae
436 2974 636 3009 luctuosus
654 2973 785 3009 exitus
805 2977 1016 3008 enarratur.
1035 2972 1096 3008 De
1114 2970 1252 3007 eodem
1269 2971 1424 3019 saepius
1443 2968 1681 3006 mentionem
1695 2966 1790 3003 facit
1807 2963 1928 3002 Cani-

292 3032 375 3068 sius
393 3032 433 3068 in
450 3032 530 3068 suis
549 3032 729 3080 epistolis
746 3032 795 3068 ad
813 3032 993 3078 Borgiam
1012 3031 1154 3067 missis.
