<?xml version="1.0" encoding="UTF-8"?>
<!DOCTYPE html PUBLIC "-//W3C//DTD XHTML 1.0 Transitional//EN"
    "http://www.w3.org/TR/xhtml1/DTD/xhtml1-transitional.dtd">
<html xmlns="http://www.w3.org/1999/xhtml" xml:lang="en" lang="en">
 <head>
  <title>
</title>
<meta http-equiv="Content-Type" content="text/html;charset=utf-8" />
  <meta name='ocr-system' content='tesseract 3.04.00' />
  <meta name='ocr-capabilities' content='ocr_page ocr_carea ocr_par ocr_line ocrx_word'/>
</head>
<body>
  <div class='ocr_page' id='page_1' title='image "./epistolaephieron03nadauoft_0122.png"; bbox 0 0 2228 3548; ppageno 0'>
   <div class='ocr_carea' id='block_1_1' title="bbox 864 300 1377 359">
    <p class='ocr_par' dir='ltr' id='par_1_1' title="bbox 864 300 1377 359">
     <span class='ocr_line' id='line_1_1' title="bbox 864 300 1377 359; baseline -0.049 1"><span class='ocrx_word' id='word_1_1' title='bbox 864 323 1004 359; x_wconf 73' lang='lat' dir='ltr'>prs&#39;r.</span> <span class='ocrx_word' id='word_1_2' title='bbox 1030 314 1076 351; x_wconf 90' lang='lat' dir='ltr'>P.</span> <span class='ocrx_word' id='word_1_3' title='bbox 1103 300 1377 346; x_wconf 76' lang='lat' dir='ltr'><strong>NADAL—382</strong></span> 
     </span>
    </p>
   </div>
   <div class='ocr_carea' id='block_1_2' title="bbox 391 479 1486 567">
    <p class='ocr_par' dir='ltr' id='par_1_2' title="bbox 391 479 1486 567">
     <span class='ocr_line' id='line_1_2' title="bbox 391 479 1486 567; baseline -0.045 0"><span class='ocrx_word' id='word_1_4' title='bbox 391 531 506 567; x_wconf 89' lang='lat' dir='ltr'>tore.</span> <span class='ocrx_word' id='word_1_5' title='bbox 538 517 572 560; x_wconf 92' lang='lat' dir='ltr'>Il</span> <span class='ocrx_word' id='word_1_6' title='bbox 593 511 721 557; x_wconf 89' lang='lat' dir='ltr'>titolo</span> <span class='ocrx_word' id='word_1_7' title='bbox 743 506 789 550; x_wconf 91' lang='lat' dir='ltr'>di</span> <span class='ocrx_word' id='word_1_8' title='bbox 811 500 916 548; x_wconf 88' lang='lat' dir='ltr'>tutti</span> <span class='ocrx_word' id='word_1_9' title='bbox 938 494 1012 541; x_wconf 92' lang='lat' dir='ltr'>doi</span> <span class='ocrx_word' id='word_1_10' title='bbox 1035 494 1060 537; x_wconf 82' lang='lat' dir='ltr'>e</span> <span class='ocrx_word' id='word_1_11' title='bbox 1082 491 1290 534; x_wconf 82' lang='lat' dir='ltr'><strong><em>Examen</em></strong></span> <span class='ocrx_word' id='word_1_12' title='bbox 1314 479 1486 524; x_wconf 76' lang='lat' dir='ltr'>decreto</span> 
     </span>
    </p>
   </div>
   <div class='ocr_carea' id='block_1_3' title="bbox 537 537 1941 638">
    <p class='ocr_par' dir='ltr' id='par_1_3' title="bbox 537 537 1941 638">
     <span class='ocr_line' id='line_1_3' title="bbox 537 537 1941 638; baseline -0.041 -1"><span class='ocrx_word' id='word_1_13' title='bbox 537 599 583 638; x_wconf 91' lang='lat' dir='ltr'>et</span> <span class='ocrx_word' id='word_1_14' title='bbox 620 584 810 632; x_wconf 87' lang='lat' dir='ltr'>facendo</span> <span class='ocrx_word' id='word_1_15' title='bbox 847 581 1008 634; x_wconf 89' lang='lat' dir='ltr'>questa</span> <span class='ocrx_word' id='word_1_16' title='bbox 1041 564 1246 612; x_wconf 88' lang='lat' dir='ltr'>inaudita</span> <span class='ocrx_word' id='word_1_17' title='bbox 1281 551 1542 613; x_wconf 85' lang='lat' dir='ltr'>arrogantia</span> <span class='ocrx_word' id='word_1_18' title='bbox 1578 554 1623 594; x_wconf 91' lang='lat' dir='ltr'>et</span> <span class='ocrx_word' id='word_1_19' title='bbox 1659 537 1941 601; x_wconf 90' lang='lat' dir='ltr'>impudentia</span> 
     </span>
    </p>
   </div>
   <div class='ocr_carea' id='block_1_4' title="bbox 313 598 1947 771">
    <p class='ocr_par' dir='ltr' id='par_1_4' title="bbox 313 598 1947 771">
     <span class='ocr_line' id='line_1_4' title="bbox 313 598 500 649; baseline -0.059 0"><span class='ocrx_word' id='word_1_20' title='bbox 313 598 500 649; x_wconf 72' lang='lat' dir='ltr'>clentini,</span> 
     </span>
     <span class='ocr_line' id='line_1_5' title="bbox 313 617 1942 725; baseline -0.041 -1"><span class='ocrx_word' id='word_1_21' title='bbox 313 682 357 725; x_wconf 86' lang='lat' dir='ltr'>d’</span> <span class='ocrx_word' id='word_1_22' title='bbox 382 690 472 721; x_wconf 90' lang='lat' dir='ltr'>una</span> <span class='ocrx_word' id='word_1_23' title='bbox 492 667 636 715; x_wconf 89' lang='lat' dir='ltr'>bestia</span> <span class='ocrx_word' id='word_1_24' title='bbox 657 675 787 707; x_wconf 89' lang='lat' dir='ltr'>come</span> <span class='ocrx_word' id='word_1_25' title='bbox 807 653 973 713; x_wconf 89' lang='lat' dir='ltr'>quella,</span> <span class='ocrx_word' id='word_1_26' title='bbox 997 641 1220 705; x_wconf 83' lang='lat' dir='ltr'>responde</span> <span class='ocrx_word' id='word_1_27' title='bbox 1241 653 1267 681; x_wconf 91' lang='lat' dir='ltr'>a</span> <span class='ocrx_word' id='word_1_28' title='bbox 1289 633 1433 681; x_wconf 91' lang='lat' dir='ltr'>Paiua</span> <span class='ocrx_word' id='word_1_29' title='bbox 1452 632 1481 673; x_wconf 89' lang='lat'>¹.</span> <span class='ocrx_word' id='word_1_30' title='bbox 1507 623 1709 674; x_wconf 88' lang='lat' dir='ltr'>Sarebbe</span> <span class='ocrx_word' id='word_1_31' title='bbox 1732 618 1840 664; x_wconf 91' lang='lat' dir='ltr'>utile</span> <span class='ocrx_word' id='word_1_32' title='bbox 1856 617 1942 660; x_wconf 92' lang='lat' dir='ltr'>che</span> 
     </span>
     <span class='ocr_line' id='line_1_6' title="bbox 1215 691 1947 771; baseline -0.036 -11"><span class='ocrx_word' id='word_1_33' title='bbox 1215 716 1261 759; x_wconf 74' lang='lat'>&#39;1⁸1</span> <span class='ocrx_word' id='word_1_34' title='bbox 1295 715 1470 771; x_wconf 89' lang='lat' dir='ltr'>presto,</span> <span class='ocrx_word' id='word_1_35' title='bbox 1509 711 1555 751; x_wconf 93' lang='lat' dir='ltr'>et</span> <span class='ocrx_word' id='word_1_36' title='bbox 1582 700 1677 746; x_wconf 90' lang='lat' dir='ltr'>cosi</span> <span class='ocrx_word' id='word_1_37' title='bbox 1704 697 1767 741; x_wconf 90' lang='lat' dir='ltr'>mi</span> <span class='ocrx_word' id='word_1_38' title='bbox 1802 691 1947 752; x_wconf 80' lang='lat' dir='ltr'>prego</span> 
     </span>
    </p>
   </div>
   <div class='ocr_carea' id='block_1_5' title="bbox 315 728 1950 890">
    <p class='ocr_par' dir='ltr' id='par_1_5' title="bbox 315 728 1950 890">
     <span class='ocr_line' id='line_1_7' title="bbox 315 728 1227 801; baseline -0.047 1"><span class='ocrx_word' id='word_1_39' title='bbox 315 756 378 801; x_wconf 89' lang='lat' dir='ltr'>lui</span> <span class='ocrx_word' id='word_1_40' title='bbox 412 755 580 796; x_wconf 90' lang='lat' dir='ltr'>hauese</span> <span class='ocrx_word' id='word_1_41' title='bbox 617 745 778 799; x_wconf 91' lang='lat' dir='ltr'>questo</span> <span class='ocrx_word' id='word_1_42' title='bbox 812 733 952 782; x_wconf 88' lang='lat' dir='ltr'>libro,</span> <span class='ocrx_word' id='word_1_43' title='bbox 983 728 1155 782; x_wconf 89' lang='lat' dir='ltr'>quanto</span> <span class='ocrx_word' id='word_1_44' title='bbox 1181 731 1227 774; x_wconf 82' lang='lat' dir='ltr'>pl</span> 
     </span>
     <span class='ocr_line' id='line_1_8' title="bbox 318 769 1950 890; baseline -0.042 -12"><span class='ocrx_word' id='word_1_45' title='bbox 318 829 497 890; x_wconf 89' lang='lat' dir='ltr'>quando</span> <span class='ocrx_word' id='word_1_46' title='bbox 519 838 567 868; x_wconf 91' lang='lat' dir='ltr'>se</span> <span class='ocrx_word' id='word_1_47' title='bbox 588 836 647 864; x_wconf 90' lang='lat' dir='ltr'>ne</span> <span class='ocrx_word' id='word_1_48' title='bbox 667 814 783 875; x_wconf 89' lang='lat' dir='ltr'>parti</span> <span class='ocrx_word' id='word_1_49' title='bbox 804 811 863 855; x_wconf 90' lang='lat' dir='ltr'>da</span> <span class='ocrx_word' id='word_1_50' title='bbox 883 809 1044 855; x_wconf 90' lang='lat' dir='ltr'>Roma,</span> <span class='ocrx_word' id='word_1_51' title='bbox 1079 794 1247 856; x_wconf 79' lang='lat' dir='ltr'>perche</span> <span class='ocrx_word' id='word_1_52' title='bbox 1276 782 1581 846; x_wconf 90' lang='lat' dir='ltr'>rispondendo</span> <span class='ocrx_word' id='word_1_53' title='bbox 1609 789 1740 835; x_wconf 87' lang='lat' dir='ltr'>spero</span> <span class='ocrx_word' id='word_1_54' title='bbox 1767 774 1852 816; x_wconf 90' lang='lat' dir='ltr'>che</span> <span class='ocrx_word' id='word_1_55' title='bbox 1879 769 1950 812; x_wconf 88' lang='lat' dir='ltr'>fa-</span> 
     </span>
    </p>
   </div>
   <div class='ocr_carea' id='block_1_6' title="bbox 320 847 1954 956">
    <p class='ocr_par' dir='ltr' id='par_1_6' title="bbox 320 847 1954 956">
     <span class='ocr_line' id='line_1_9' title="bbox 320 847 1954 956; baseline -0.042 0"><span class='ocrx_word' id='word_1_56' title='bbox 320 908 457 956; x_wconf 88' lang='lat' dir='ltr'>rebbe</span> <span class='ocrx_word' id='word_1_57' title='bbox 477 916 583 948; x_wconf 93' lang='lat' dir='ltr'>cosa</span> <span class='ocrx_word' id='word_1_58' title='bbox 603 898 647 941; x_wconf 87' lang='lat' dir='ltr'>d&#39;</span> <span class='ocrx_word' id='word_1_59' title='bbox 673 895 968 949; x_wconf 84' lang='lat' dir='ltr'>importanza‚</span> <span class='ocrx_word' id='word_1_60' title='bbox 993 881 1079 924; x_wconf 91' lang='lat' dir='ltr'>che</span> <span class='ocrx_word' id='word_1_61' title='bbox 1101 870 1300 920; x_wconf 91' lang='lat' dir='ltr'>secondo</span> <span class='ocrx_word' id='word_1_62' title='bbox 1321 878 1445 925; x_wconf 88' lang='lat' dir='ltr'>pare,</span> <span class='ocrx_word' id='word_1_63' title='bbox 1469 860 1509 905; x_wconf 91' lang='lat' dir='ltr'>si</span> <span class='ocrx_word' id='word_1_64' title='bbox 1531 870 1643 903; x_wconf 93' lang='lat' dir='ltr'>sono</span> <span class='ocrx_word' id='word_1_65' title='bbox 1658 849 1796 897; x_wconf 91' lang='lat' dir='ltr'>mossi</span> <span class='ocrx_word' id='word_1_66' title='bbox 1811 847 1954 892; x_wconf 89' lang='lat' dir='ltr'>molto</span> 
     </span>
    </p>
   </div>
   <div class='ocr_carea' id='block_1_7' title="bbox 323 924 1944 1032">
    <p class='ocr_par' dir='ltr' id='par_1_7' title="bbox 323 924 1944 1032">
     <span class='ocr_line' id='line_1_10' title="bbox 323 924 1944 1032; baseline -0.041 0"><span class='ocrx_word' id='word_1_67' title='bbox 323 986 395 1032; x_wconf 89' lang='lat' dir='ltr'>del</span> <span class='ocrx_word' id='word_1_68' title='bbox 417 996 498 1027; x_wconf 91' lang='lat' dir='ltr'>suo</span> <span class='ocrx_word' id='word_1_69' title='bbox 519 978 652 1028; x_wconf 90' lang='lat' dir='ltr'>libro,</span> <span class='ocrx_word' id='word_1_70' title='bbox 676 978 722 1015; x_wconf 92' lang='lat' dir='ltr'>et</span> <span class='ocrx_word' id='word_1_71' title='bbox 748 971 900 1012; x_wconf 91' lang='lat' dir='ltr'>hanno</span> <span class='ocrx_word' id='word_1_72' title='bbox 928 970 1086 1018; x_wconf 90' lang='lat' dir='ltr'>presso</span> <span class='ocrx_word' id='word_1_73' title='bbox 1115 951 1309 996; x_wconf 88' lang='lat' dir='ltr'>alchune</span> <span class='ocrx_word' id='word_1_74' title='bbox 1336 936 1538 999; x_wconf 88' lang='lat' dir='ltr'>opinioni</span> <span class='ocrx_word' id='word_1_75' title='bbox 1563 932 1702 978; x_wconf 92' lang='lat' dir='ltr'>molto</span> <span class='ocrx_word' id='word_1_76' title='bbox 1731 924 1944 986; x_wconf 82' lang='lat' dir='ltr'>pessime.</span> 
     </span>
    </p>
   </div>
   <div class='ocr_carea' id='block_1_8' title="bbox 324 999 1957 1118">
    <p class='ocr_par' dir='ltr' id='par_1_8' title="bbox 324 999 1957 1118">
     <span class='ocr_line' id='line_1_11' title="bbox 324 999 1957 1118; baseline -0.042 -9"><span class='ocrx_word' id='word_1_77' title='bbox 324 1066 398 1109; x_wconf 93' lang='lat' dir='ltr'>Ho</span> <span class='ocrx_word' id='word_1_78' title='bbox 420 1061 608 1118; x_wconf 90' lang='lat' dir='ltr'>pensato</span> <span class='ocrx_word' id='word_1_79' title='bbox 630 1050 676 1094; x_wconf 89' lang='lat' dir='ltr'>di</span> <span class='ocrx_word' id='word_1_80' title='bbox 697 1045 896 1091; x_wconf 89' lang='lat' dir='ltr'>scriuere</span> <span class='ocrx_word' id='word_1_81' title='bbox 919 1051 1009 1081; x_wconf 93' lang='lat' dir='ltr'>una</span> <span class='ocrx_word' id='word_1_82' title='bbox 1028 1034 1190 1076; x_wconf 89' lang='lat' dir='ltr'>lettera</span> <span class='ocrx_word' id='word_1_83' title='bbox 1212 1025 1254 1069; x_wconf 91' lang='lat' dir='ltr'>al</span> <span class='ocrx_word' id='word_1_84' title='bbox 1277 1025 1330 1067; x_wconf 89' lang='lat' dir='ltr'>P.</span> <span class='ocrx_word' id='word_1_85' title='bbox 1356 1013 1579 1073; x_wconf 90' lang='lat' dir='ltr'>Dionysio</span> <span class='ocrx_word' id='word_1_86' title='bbox 1599 1025 1626 1054; x_wconf 91' lang='lat' dir='ltr'>a</span> <span class='ocrx_word' id='word_1_87' title='bbox 1647 1009 1858 1053; x_wconf 88' lang='lat' dir='ltr'>Anuersa</span> <span class='ocrx_word' id='word_1_88' title='bbox 1884 999 1957 1044; x_wconf 90' lang='lat' dir='ltr'>di-</span> 
     </span>
    </p>
   </div>
   <div class='ocr_carea' id='block_1_9' title="bbox 326 1075 1959 1262">
    <p class='ocr_par' dir='ltr' id='par_1_9' title="bbox 326 1075 1959 1262">
     <span class='ocr_line' id='line_1_12' title="bbox 326 1075 1957 1186; baseline -0.042 0"><span class='ocrx_word' id='word_1_89' title='bbox 326 1134 504 1186; x_wconf 87' lang='lat' dir='ltr'>cendoli</span> <span class='ocrx_word' id='word_1_90' title='bbox 525 1134 610 1176; x_wconf 91' lang='lat' dir='ltr'>che</span> <span class='ocrx_word' id='word_1_91' title='bbox 632 1121 803 1180; x_wconf 89' lang='lat' dir='ltr'>compri</span> <span class='ocrx_word' id='word_1_92' title='bbox 826 1122 988 1175; x_wconf 89' lang='lat' dir='ltr'>questo</span> <span class='ocrx_word' id='word_1_93' title='bbox 1006 1111 1141 1161; x_wconf 87' lang='lat' dir='ltr'>libro,</span> <span class='ocrx_word' id='word_1_94' title='bbox 1165 1110 1210 1149; x_wconf 93' lang='lat' dir='ltr'>et</span> <span class='ocrx_word' id='word_1_95' title='bbox 1230 1102 1276 1145; x_wconf 97' lang='grc'>10</span> <span class='ocrx_word' id='word_1_96' title='bbox 1298 1109 1468 1153; x_wconf 90' lang='lat' dir='ltr'>cuopra</span> <span class='ocrx_word' id='word_1_97' title='bbox 1493 1092 1627 1141; x_wconf 90' lang='lat' dir='ltr'>bene,</span> <span class='ocrx_word' id='word_1_98' title='bbox 1659 1091 1704 1129; x_wconf 89' lang='lat' dir='ltr'>et</span> <span class='ocrx_word' id='word_1_99' title='bbox 1730 1083 1776 1127; x_wconf 92' lang='grc'>10</span> <span class='ocrx_word' id='word_1_100' title='bbox 1804 1075 1957 1123; x_wconf 86' lang='lat' dir='ltr'>mandi</span> 
     </span>
     <span class='ocr_line' id='line_1_13' title="bbox 330 1154 1959 1262; baseline -0.041 0"><span class='ocrx_word' id='word_1_101' title='bbox 330 1232 416 1262; x_wconf 90' lang='lat' dir='ltr'>con</span> <span class='ocrx_word' id='word_1_102' title='bbox 438 1226 526 1256; x_wconf 86' lang='lat' dir='ltr'>vna</span> <span class='ocrx_word' id='word_1_103' title='bbox 547 1210 709 1252; x_wconf 89' lang='lat' dir='ltr'>lettera</span> <span class='ocrx_word' id='word_1_104' title='bbox 730 1199 803 1244; x_wconf 82' lang='lat' dir='ltr'>ch&#39;</span> <span class='ocrx_word' id='word_1_105' title='bbox 828 1196 871 1240; x_wconf 91' lang='lat' dir='ltr'>io</span> <span class='ocrx_word' id='word_1_106' title='bbox 892 1193 923 1236; x_wconf 90' lang='lat' dir='ltr'>li</span> <span class='ocrx_word' id='word_1_107' title='bbox 945 1184 1161 1234; x_wconf 82' lang='lat' dir='ltr'>mandaro</span> <span class='ocrx_word' id='word_1_108' title='bbox 1183 1180 1226 1225; x_wconf 90' lang='lat' dir='ltr'>al</span> <span class='ocrx_word' id='word_1_109' title='bbox 1247 1171 1475 1222; x_wconf 82' lang='lat' dir='ltr'>cardinale</span> <span class='ocrx_word' id='word_1_110' title='bbox 1494 1168 1685 1214; x_wconf 87' lang='lat' dir='ltr'>infante,</span> <span class='ocrx_word' id='word_1_111' title='bbox 1711 1166 1756 1205; x_wconf 93' lang='lat' dir='ltr'>et</span> <span class='ocrx_word' id='word_1_112' title='bbox 1778 1171 1870 1201; x_wconf 90' lang='lat' dir='ltr'>una</span> <span class='ocrx_word' id='word_1_113' title='bbox 1891 1154 1959 1198; x_wconf 91' lang='lat' dir='ltr'>al-</span> 
     </span>
    </p>
   </div>
   <div class='ocr_carea' id='block_1_10' title="bbox 332 1237 1968 1492">
    <p class='ocr_par' dir='ltr' id='par_1_10' title="bbox 332 1237 1968 1492">
     <span class='ocr_line' id='line_1_14' title="bbox 332 1237 1961 1348; baseline -0.041 -10"><span class='ocrx_word' id='word_1_114' title='bbox 332 1302 400 1339; x_wconf 87' lang='lat' dir='ltr'>tra</span> <span class='ocrx_word' id='word_1_115' title='bbox 421 1304 500 1348; x_wconf 91' lang='lat' dir='ltr'>per</span> <span class='ocrx_word' id='word_1_116' title='bbox 528 1286 559 1329; x_wconf 91' lang='lat' dir='ltr'>il</span> <span class='ocrx_word' id='word_1_117' title='bbox 586 1284 764 1327; x_wconf 88' lang='lat' dir='ltr'>dottore</span> <span class='ocrx_word' id='word_1_118' title='bbox 791 1272 949 1322; x_wconf 89' lang='lat' dir='ltr'>Paiua‚</span> <span class='ocrx_word' id='word_1_119' title='bbox 986 1266 1027 1310; x_wconf 86' lang='lat' dir='ltr'>al</span> <span class='ocrx_word' id='word_1_120' title='bbox 1055 1260 1161 1320; x_wconf 89' lang='lat' dir='ltr'>qual</span> <span class='ocrx_word' id='word_1_121' title='bbox 1188 1251 1418 1301; x_wconf 82' lang='lat' dir='ltr'>cardinale</span> <span class='ocrx_word' id='word_1_122' title='bbox 1445 1241 1647 1291; x_wconf 81' lang='lat' dir='ltr'>scriuero</span> <span class='ocrx_word' id='word_1_123' title='bbox 1678 1238 1722 1282; x_wconf 91' lang='lat' dir='ltr'>io</span> <span class='ocrx_word' id='word_1_124' title='bbox 1747 1237 1792 1280; x_wconf 92' lang='lat' dir='ltr'>la</span> <span class='ocrx_word' id='word_1_125' title='bbox 1822 1245 1961 1289; x_wconf 87' lang='lat' dir='ltr'>causa</span> 
     </span>
     <span class='ocr_line' id='line_1_15' title="bbox 334 1308 1964 1429; baseline -0.04 -13"><span class='ocrx_word' id='word_1_126' title='bbox 334 1367 497 1429; x_wconf 76' lang='lat' dir='ltr'>perche</span> <span class='ocrx_word' id='word_1_127' title='bbox 532 1359 697 1407; x_wconf 89' lang='lat' dir='ltr'>mando</span> <span class='ocrx_word' id='word_1_128' title='bbox 734 1370 760 1398; x_wconf 91' lang='lat' dir='ltr'>a</span> <span class='ocrx_word' id='word_1_129' title='bbox 795 1353 842 1397; x_wconf 82' lang='lat' dir='ltr'>S.</span> <span class='ocrx_word' id='word_1_130' title='bbox 884 1349 942 1392; x_wconf 88' lang='lat' dir='ltr'>A.</span> <span class='ocrx_word' id='word_1_131' title='bbox 983 1346 1143 1400; x_wconf 91' lang='lat' dir='ltr'>questo</span> <span class='ocrx_word' id='word_1_132' title='bbox 1178 1335 1311 1384; x_wconf 89' lang='lat' dir='ltr'>libro,</span> <span class='ocrx_word' id='word_1_133' title='bbox 1352 1324 1535 1385; x_wconf 78' lang='lat' dir='ltr'>perche,</span> <span class='ocrx_word' id='word_1_134' title='bbox 1566 1335 1615 1364; x_wconf 93' lang='lat' dir='ltr'>se</span> <span class='ocrx_word' id='word_1_135' title='bbox 1642 1316 1675 1360; x_wconf 90' lang='lat' dir='ltr'>li</span> <span class='ocrx_word' id='word_1_136' title='bbox 1701 1328 1809 1373; x_wconf 90' lang='lat' dir='ltr'>pare</span> <span class='ocrx_word' id='word_1_137' title='bbox 1835 1308 1964 1354; x_wconf 90' lang='lat' dir='ltr'>darlo</span> 
     </span>
     <span class='ocr_line' id='line_1_16' title="bbox 337 1387 1968 1492; baseline -0.04 0"><span class='ocrx_word' id='word_1_138' title='bbox 337 1447 409 1492; x_wconf 87' lang='lat' dir='ltr'>all&#39;</span> <span class='ocrx_word' id='word_1_139' title='bbox 436 1441 593 1491; x_wconf 91' lang='lat' dir='ltr'>Paiua,</span> <span class='ocrx_word' id='word_1_140' title='bbox 617 1437 662 1479; x_wconf 89' lang='lat' dir='ltr'>lo</span> <span class='ocrx_word' id='word_1_141' title='bbox 683 1432 772 1484; x_wconf 81' lang='lat' dir='ltr'>dia3</span> <span class='ocrx_word' id='word_1_142' title='bbox 798 1443 845 1472; x_wconf 93' lang='lat' dir='ltr'>se</span> <span class='ocrx_word' id='word_1_143' title='bbox 867 1438 974 1475; x_wconf 87' lang='lat' dir='ltr'>non,</span> <span class='ocrx_word' id='word_1_144' title='bbox 999 1416 1144 1463; x_wconf 88' lang='lat' dir='ltr'>faccia</span> <span class='ocrx_word' id='word_1_145' title='bbox 1163 1424 1293 1457; x_wconf 91' lang='lat' dir='ltr'>come</span> <span class='ocrx_word' id='word_1_146' title='bbox 1319 1403 1479 1464; x_wconf 77' lang='lat' dir='ltr'>parera</span> <span class='ocrx_word' id='word_1_147' title='bbox 1506 1414 1532 1443; x_wconf 87' lang='lat' dir='ltr'>a</span> <span class='ocrx_word' id='word_1_148' title='bbox 1553 1398 1602 1443; x_wconf 89' lang='lat' dir='ltr'>S.</span> <span class='ocrx_word' id='word_1_149' title='bbox 1628 1395 1708 1446; x_wconf 63' lang='lat' dir='ltr'>A„</span> <span class='ocrx_word' id='word_1_150' title='bbox 1734 1391 1819 1435; x_wconf 92' lang='lat' dir='ltr'>che</span> <span class='ocrx_word' id='word_1_151' title='bbox 1840 1387 1884 1431; x_wconf 93' lang='lat' dir='ltr'>io</span> <span class='ocrx_word' id='word_1_152' title='bbox 1903 1387 1968 1428; x_wconf 93' lang='lat' dir='ltr'>ho</span> 
     </span>
    </p>
   </div>
   <div class='ocr_carea' id='block_1_11' title="bbox 435 1476 1972 1643">
    <p class='ocr_par' dir='ltr' id='par_1_11' title="bbox 435 1476 1972 1643">
     <span class='ocr_line' id='line_1_17' title="bbox 499 1476 1572 1561; baseline -0.041 0"><span class='ocrx_word' id='word_1_153' title='bbox 499 1533 526 1561; x_wconf 95' lang='grc'>0</span> <span class='ocrx_word' id='word_1_154' title='bbox 549 1517 642 1558; x_wconf 87' lang='lat' dir='ltr'>fare</span> <span class='ocrx_word' id='word_1_155' title='bbox 664 1524 770 1554; x_wconf 90' lang='lat' dir='ltr'>cosa</span> <span class='ocrx_word' id='word_1_156' title='bbox 790 1503 900 1548; x_wconf 87' lang='lat' dir='ltr'>utile</span> <span class='ocrx_word' id='word_1_157' title='bbox 923 1496 1113 1543; x_wconf 89' lang='lat' dir='ltr'>facendo</span> <span class='ocrx_word' id='word_1_158' title='bbox 1135 1493 1297 1548; x_wconf 89' lang='lat' dir='ltr'>questa</span> <span class='ocrx_word' id='word_1_159' title='bbox 1317 1476 1572 1537; x_wconf 86' lang='lat' dir='ltr'>diligentia.</span> 
     </span>
     <span class='ocr_line' id='line_1_18' title="bbox 435 1538 1972 1643; baseline -0.039 -2"><span class='ocrx_word' id='word_1_160' title='bbox 435 1609 501 1641; x_wconf 92' lang='lat'><strong>11.</strong></span> <span class='ocrx_word' id='word_1_161' title='bbox 567 1593 632 1635; x_wconf 90' lang='lat' dir='ltr'>La</span> <span class='ocrx_word' id='word_1_162' title='bbox 663 1587 847 1643; x_wconf 85' lang='lat' dir='ltr'>signora</span> <span class='ocrx_word' id='word_1_163' title='bbox 882 1578 1089 1622; x_wconf 90' lang='lat' dir='ltr'>Fuchera</span> <span class='ocrx_word' id='word_1_164' title='bbox 1123 1571 1184 1612; x_wconf 92' lang='lat' dir='ltr'>ha</span> <span class='ocrx_word' id='word_1_165' title='bbox 1212 1559 1474 1608; x_wconf 87' lang='lat' dir='ltr'>dimandato</span> <span class='ocrx_word' id='word_1_166' title='bbox 1511 1554 1597 1597; x_wconf 92' lang='lat' dir='ltr'>che</span> <span class='ocrx_word' id='word_1_167' title='bbox 1633 1548 1830 1592; x_wconf 92' lang='lat' dir='ltr'>alchuno</span> <span class='ocrx_word' id='word_1_168' title='bbox 1866 1538 1972 1586; x_wconf 87' lang='lat' dir='ltr'>delli</span> 
     </span>
    </p>
   </div>
   <div class='ocr_carea' id='block_1_12' title="bbox 344 1615 1985 2183">
    <p class='ocr_par' dir='ltr' id='par_1_12' title="bbox 344 1615 1985 2183">
     <span class='ocr_line' id='line_1_19' title="bbox 344 1615 1970 1721; baseline -0.039 0"><span class='ocrx_word' id='word_1_169' title='bbox 344 1672 486 1721; x_wconf 91' lang='lat' dir='ltr'>nostri</span> <span class='ocrx_word' id='word_1_170' title='bbox 508 1665 680 1714; x_wconf 87' lang='lat' dir='ltr'>menasi</span> <span class='ocrx_word' id='word_1_171' title='bbox 708 1662 781 1706; x_wconf 90' lang='lat' dir='ltr'>dal</span> <span class='ocrx_word' id='word_1_172' title='bbox 809 1661 942 1703; x_wconf 90' lang='lat' dir='ltr'><strong>Rmo.</strong></span> <span class='ocrx_word' id='word_1_173' title='bbox 981 1645 1208 1695; x_wconf 84' lang='lat' dir='ltr'>cardinale</span> <span class='ocrx_word' id='word_1_174' title='bbox 1238 1634 1472 1685; x_wconf 90' lang='lat' dir='ltr'>Granuela</span> <span class='ocrx_word' id='word_1_175' title='bbox 1499 1630 1532 1674; x_wconf 91' lang='lat' dir='ltr'>li</span> <span class='ocrx_word' id='word_1_176' title='bbox 1559 1625 1658 1673; x_wconf 93' lang='lat' dir='ltr'>suoi</span> <span class='ocrx_word' id='word_1_177' title='bbox 1689 1622 1765 1667; x_wconf 92' lang='lat' dir='ltr'>doi</span> <span class='ocrx_word' id='word_1_178' title='bbox 1790 1615 1970 1676; x_wconf 87' lang='lat' dir='ltr'>figlioli,</span> 
     </span>
     <span class='ocr_line' id='line_1_20' title="bbox 345 1701 1975 1798; baseline -0.039 0"><span class='ocrx_word' id='word_1_179' title='bbox 345 1753 443 1798; x_wconf 79' lang='lat' dir='ltr'>cioe</span> <span class='ocrx_word' id='word_1_180' title='bbox 486 1750 591 1793; x_wconf 69' lang='grc' dir='ltr'>Μ.ῐο</span> <span class='ocrx_word' id='word_1_181' title='bbox 636 1739 844 1794; x_wconf 88' lang='lat' dir='ltr'>Philippo</span> <span class='ocrx_word' id='word_1_182' title='bbox 886 1739 930 1778; x_wconf 88' lang='lat' dir='ltr'>et</span> <span class='ocrx_word' id='word_1_183' title='bbox 973 1731 1079 1774; x_wconf 69' lang='grc' dir='ltr'>Μ.το</span> <span class='ocrx_word' id='word_1_184' title='bbox 1126 1717 1377 1767; x_wconf 89' lang='lat' dir='ltr'>Ottauiano</span> <span class='ocrx_word' id='word_1_185' title='bbox 1393 1745 1403 1765; x_wconf 90' lang='lat'>‚</span> <span class='ocrx_word' id='word_1_186' title='bbox 1448 1706 1574 1753; x_wconf 85' lang='lat' dir='ltr'>accio</span> <span class='ocrx_word' id='word_1_187' title='bbox 1615 1701 1851 1747; x_wconf 88' lang='lat' dir='ltr'>visitasero</span> <span class='ocrx_word' id='word_1_188' title='bbox 1892 1707 1975 1738; x_wconf 92' lang='lat' dir='ltr'>sua</span> 
     </span>
     <span class='ocr_line' id='line_1_21' title="bbox 348 1771 1977 1876; baseline -0.039 -1"><span class='ocrx_word' id='word_1_189' title='bbox 348 1829 456 1876; x_wconf 80' lang='lat' dir='ltr'>S.ria</span> <span class='ocrx_word' id='word_1_190' title='bbox 486 1828 635 1874; x_wconf 88' lang='lat' dir='ltr'>Rma.,</span> <span class='ocrx_word' id='word_1_191' title='bbox 661 1825 706 1863; x_wconf 90' lang='lat' dir='ltr'>et</span> <span class='ocrx_word' id='word_1_192' title='bbox 728 1829 811 1859; x_wconf 92' lang='lat' dir='ltr'>con</span> <span class='ocrx_word' id='word_1_193' title='bbox 835 1808 967 1855; x_wconf 89' lang='lat' dir='ltr'>simili</span> <span class='ocrx_word' id='word_1_194' title='bbox 988 1808 1304 1861; x_wconf 86' lang='lat' dir='ltr'>cognoscenze</span> <span class='ocrx_word' id='word_1_195' title='bbox 1324 1798 1370 1837; x_wconf 91' lang='lat' dir='ltr'>et</span> <span class='ocrx_word' id='word_1_196' title='bbox 1387 1777 1723 1834; x_wconf 88' lang='lat' dir='ltr'>conuersationi</span> <span class='ocrx_word' id='word_1_197' title='bbox 1739 1775 1777 1820; x_wconf 90' lang='lat' dir='ltr'>si</span> <span class='ocrx_word' id='word_1_198' title='bbox 1794 1771 1977 1831; x_wconf 90' lang='lat' dir='ltr'>possino</span> 
     </span>
     <span class='ocr_line' id='line_1_22' title="bbox 351 1847 1977 1952; baseline -0.039 0"><span class='ocrx_word' id='word_1_199' title='bbox 351 1904 582 1952; x_wconf 89' lang='lat' dir='ltr'>stimulare</span> <span class='ocrx_word' id='word_1_200' title='bbox 605 1913 631 1941; x_wconf 94' lang='lat' dir='ltr'>a</span> <span class='ocrx_word' id='word_1_201' title='bbox 652 1891 866 1951; x_wconf 83' lang='lat' dir='ltr'>seguitar’</span> <span class='ocrx_word' id='word_1_202' title='bbox 890 1889 934 1930; x_wconf 88' lang='lat' dir='ltr'>la</span> <span class='ocrx_word' id='word_1_203' title='bbox 954 1883 1092 1935; x_wconf 75' lang='lat' dir='ltr'>virtu,</span> <span class='ocrx_word' id='word_1_204' title='bbox 1116 1884 1162 1922; x_wconf 91' lang='lat' dir='ltr'>et</span> <span class='ocrx_word' id='word_1_205' title='bbox 1183 1888 1276 1919; x_wconf 92' lang='lat' dir='ltr'>non</span> <span class='ocrx_word' id='word_1_206' title='bbox 1297 1862 1562 1926; x_wconf 86' lang='lat' dir='ltr'>sparagniar</span> <span class='ocrx_word' id='word_1_207' title='bbox 1583 1856 1741 1903; x_wconf 87' lang='lat' dir='ltr'>fattica</span> <span class='ocrx_word' id='word_1_208' title='bbox 1769 1859 1857 1897; x_wconf 90' lang='lat' dir='ltr'>etc.</span> <span class='ocrx_word' id='word_1_209' title='bbox 1883 1849 1916 1892; x_wconf 77' lang='lat'>².</span> <span class='ocrx_word' id='word_1_210' title='bbox 1942 1847 1977 1891; x_wconf 88' lang='lat' dir='ltr'>Il</span> 
     </span>
     <span class='ocr_line' id='line_1_23' title="bbox 354 1926 1981 2029; baseline -0.039 0"><span class='ocrx_word' id='word_1_211' title='bbox 354 1987 407 2029; x_wconf 91' lang='lat' dir='ltr'>P.</span> <span class='ocrx_word' id='word_1_212' title='bbox 435 1976 635 2028; x_wconf 89' lang='lat' dir='ltr'>Canisio,</span> <span class='ocrx_word' id='word_1_213' title='bbox 659 1966 928 2017; x_wconf 79' lang='lat' dir='ltr'>Vandelino‚</span> <span class='ocrx_word' id='word_1_214' title='bbox 952 1960 1173 2006; x_wconf 86' lang='lat' dir='ltr'>Ximenez</span> <span class='ocrx_word' id='word_1_215' title='bbox 1201 1957 1247 1995; x_wconf 89' lang='lat' dir='ltr'>et</span> <span class='ocrx_word' id='word_1_216' title='bbox 1275 1949 1320 1992; x_wconf 92' lang='lat' dir='ltr'>io</span> <span class='ocrx_word' id='word_1_217' title='bbox 1346 1943 1487 1989; x_wconf 91' lang='lat' dir='ltr'>molto</span> <span class='ocrx_word' id='word_1_218' title='bbox 1518 1938 1556 1983; x_wconf 91' lang='lat' dir='ltr'>si</span> <span class='ocrx_word' id='word_1_219' title='bbox 1586 1926 1981 1980; x_wconf 89' lang='lat' dir='ltr'>raccomandiamo</span> 
     </span>
     <span class='ocr_line' id='line_1_24' title="bbox 356 1999 1983 2105; baseline -0.039 0"><span class='ocrx_word' id='word_1_220' title='bbox 356 2058 462 2105; x_wconf 89' lang='lat' dir='ltr'>nelli</span> <span class='ocrx_word' id='word_1_221' title='bbox 483 2052 601 2100; x_wconf 91' lang='lat' dir='ltr'>santi</span> <span class='ocrx_word' id='word_1_222' title='bbox 624 2044 828 2100; x_wconf 88' lang='lat' dir='ltr'>sacrificij</span> <span class='ocrx_word' id='word_1_223' title='bbox 853 2049 898 2087; x_wconf 88' lang='lat' dir='ltr'>et</span> <span class='ocrx_word' id='word_1_224' title='bbox 921 2033 1112 2083; x_wconf 89' lang='lat' dir='ltr'>orationi</span> <span class='ocrx_word' id='word_1_225' title='bbox 1134 2032 1191 2075; x_wconf 90' lang='lat' dir='ltr'>de</span> <span class='ocrx_word' id='word_1_226' title='bbox 1219 2029 1279 2072; x_wconf 94' lang='lat' dir='ltr'>V.</span> <span class='ocrx_word' id='word_1_227' title='bbox 1307 2026 1380 2076; x_wconf 87' lang='lat' dir='ltr'>P.‚</span> <span class='ocrx_word' id='word_1_228' title='bbox 1404 2026 1450 2066; x_wconf 92' lang='lat' dir='ltr'>et</span> <span class='ocrx_word' id='word_1_229' title='bbox 1473 2013 1745 2062; x_wconf 88' lang='lat' dir='ltr'>similmente</span> <span class='ocrx_word' id='word_1_230' title='bbox 1771 2006 1819 2050; x_wconf 91' lang='lat' dir='ltr'>in</span> <span class='ocrx_word' id='word_1_231' title='bbox 1845 1999 1983 2060; x_wconf 91' lang='lat' dir='ltr'>quelli</span> 
     </span>
     <span class='ocr_line' id='line_1_25' title="bbox 357 2077 1985 2183; baseline -0.039 0"><span class='ocrx_word' id='word_1_232' title='bbox 357 2136 445 2183; x_wconf 88' lang='lat' dir='ltr'>deli</span> <span class='ocrx_word' id='word_1_233' title='bbox 468 2136 521 2179; x_wconf 92' lang='lat' dir='ltr'>P.</span> <span class='ocrx_word' id='word_1_234' title='bbox 548 2129 738 2178; x_wconf 85' lang='lat' dir='ltr'>Mirone,</span> <span class='ocrx_word' id='word_1_235' title='bbox 758 2124 811 2166; x_wconf 90' lang='lat' dir='ltr'><strong>P.</strong></span> <span class='ocrx_word' id='word_1_236' title='bbox 832 2114 1078 2165; x_wconf 83' lang='lat' dir='ltr'>Euerardo,</span> <span class='ocrx_word' id='word_1_237' title='bbox 1098 2112 1152 2154; x_wconf 93' lang='lat' dir='ltr'><strong>P.</strong></span> <span class='ocrx_word' id='word_1_238' title='bbox 1180 2105 1381 2151; x_wconf 91' lang='lat' dir='ltr'>Polanco</span> <span class='ocrx_word' id='word_1_239' title='bbox 1402 2104 1512 2148; x_wconf 87' lang='lat' dir='ltr'>etc.‚</span> <span class='ocrx_word' id='word_1_240' title='bbox 1532 2094 1590 2137; x_wconf 93' lang='lat' dir='ltr'><strong>P.</strong></span> <span class='ocrx_word' id='word_1_241' title='bbox 1619 2084 1810 2137; x_wconf 90' lang='lat' dir='ltr'>Madrid,</span> <span class='ocrx_word' id='word_1_242' title='bbox 1832 2084 1884 2126; x_wconf 92' lang='lat' dir='ltr'><strong>P.</strong></span> <span class='ocrx_word' id='word_1_243' title='bbox 1905 2077 1985 2123; x_wconf 91' lang='lat' dir='ltr'>Ri-</span> 
     </span>
    </p>
   </div>
   <div class='ocr_carea' id='block_1_13' title="bbox 358 2155 1991 2321">
    <p class='ocr_par' dir='ltr' id='par_1_13' title="bbox 358 2155 1991 2321">
     <span class='ocr_line' id='line_1_26' title="bbox 358 2155 1990 2266; baseline -0.038 -7"><span class='ocrx_word' id='word_1_244' title='bbox 358 2214 632 2266; x_wconf 85' lang='lat' dir='ltr'>badeneyra,</span> <span class='ocrx_word' id='word_1_245' title='bbox 659 2205 712 2248; x_wconf 90' lang='lat' dir='ltr'><strong>P.</strong></span> <span class='ocrx_word' id='word_1_246' title='bbox 739 2195 1018 2245; x_wconf 83' lang='lat' dir='ltr'>Sebastiano.</span> <span class='ocrx_word' id='word_1_247' title='bbox 1047 2187 1172 2233; x_wconf 90' lang='lat' dir='ltr'>Iddio</span> <span class='ocrx_word' id='word_1_248' title='bbox 1194 2188 1350 2227; x_wconf 91' lang='lat' dir='ltr'>nostro</span> <span class='ocrx_word' id='word_1_249' title='bbox 1372 2175 1570 2232; x_wconf 82' lang='lat' dir='ltr'>Signore</span> <span class='ocrx_word' id='word_1_250' title='bbox 1597 2181 1679 2224; x_wconf 82' lang='lat' dir='ltr'>per</span> <span class='ocrx_word' id='word_1_251' title='bbox 1703 2176 1786 2208; x_wconf 90' lang='lat' dir='ltr'>sua</span> <span class='ocrx_word' id='word_1_252' title='bbox 1812 2155 1990 2203; x_wconf 88' lang='lat' dir='ltr'>infinita</span> 
     </span>
     <span class='ocr_line' id='line_1_27' title="bbox 940 2237 1991 2321; baseline -0.037 -7"><span class='ocrx_word' id='word_1_253' title='bbox 940 2284 1022 2313; x_wconf 91' lang='lat' dir='ltr'>sua</span> <span class='ocrx_word' id='word_1_254' title='bbox 1049 2263 1231 2321; x_wconf 91' lang='lat' dir='ltr'>copiosa</span> <span class='ocrx_word' id='word_1_255' title='bbox 1259 2254 1406 2316; x_wconf 84' lang='lat' dir='ltr'>gratia</span> <span class='ocrx_word' id='word_1_256' title='bbox 1432 2252 1490 2295; x_wconf 92' lang='lat' dir='ltr'>da</span> <span class='ocrx_word' id='word_1_257' title='bbox 1518 2248 1599 2291; x_wconf 84' lang='lat' dir='ltr'>far&#39;</span> <span class='ocrx_word' id='word_1_258' title='bbox 1632 2254 1809 2297; x_wconf 91' lang='lat' dir='ltr'>sempre</span> <span class='ocrx_word' id='word_1_259' title='bbox 1833 2237 1878 2279; x_wconf 91' lang='grc'>10</span> <span class='ocrx_word' id='word_1_260' title='bbox 1906 2246 1991 2278; x_wconf 86' lang='grc'>500</span> 
     </span>
    </p>
   </div>
   <div class='ocr_carea' id='block_1_14' title="bbox 338 1526 497 1580">
    <p class='ocr_par' dir='ltr' id='par_1_14' title="bbox 338 1526 497 1580">
     <span class='ocr_line' id='line_1_28' title="bbox 338 1526 497 1580; baseline -0.057 -10"><span class='ocrx_word' id='word_1_261' title='bbox 338 1526 497 1580; x_wconf 79' lang='lat' dir='ltr'>pensat</span> 
     </span>
    </p>
   </div>
   <div class='ocr_carea' id='block_1_15' title="bbox 361 2274 913 2335">
    <p class='ocr_par' dir='ltr' id='par_1_15' title="bbox 361 2274 913 2335">
     <span class='ocr_line' id='line_1_29' title="bbox 361 2274 913 2335; baseline -0.04 1"><span class='ocrx_word' id='word_1_262' title='bbox 361 2282 669 2335; x_wconf 85' lang='lat' dir='ltr'>misericordia</span> <span class='ocrx_word' id='word_1_263' title='bbox 697 2277 739 2322; x_wconf 91' lang='lat' dir='ltr'>ci</span> <span class='ocrx_word' id='word_1_264' title='bbox 770 2275 844 2319; x_wconf 92' lang='lat' dir='ltr'>dia</span> <span class='ocrx_word' id='word_1_265' title='bbox 870 2274 913 2315; x_wconf 91' lang='grc'>10</span> 
     </span>
    </p>
   </div>
   <div class='ocr_carea' id='block_1_16' title="bbox 1223 2381 1991 2448">
    <p class='ocr_par' dir='ltr' id='par_1_16' title="bbox 1223 2381 1991 2448">
     <span class='ocr_line' id='line_1_30' title="bbox 1223 2381 1991 2448; baseline -0.038 -4"><span class='ocrx_word' id='word_1_266' title='bbox 1223 2408 1231 2416; x_wconf 84' lang='grc'>’</span> <span class='ocrx_word' id='word_1_267' title='bbox 1265 2406 1274 2414; x_wconf 83' lang='grc'><strong>’</strong></span> <span class='ocrx_word' id='word_1_268' title='bbox 1375 2399 1518 2448; x_wconf 88' lang='lat' dir='ltr'>capita,</span> <span class='ocrx_word' id='word_1_269' title='bbox 1540 2405 1640 2443; x_wconf 90' lang='lat' dir='ltr'>quae</span> <span class='ocrx_word' id='word_1_270' title='bbox 1662 2390 1724 2427; x_wconf 94' lang='lat' dir='ltr'>his</span> <span class='ocrx_word' id='word_1_271' title='bbox 1747 2381 1991 2432; x_wconf 89' lang='lat' dir='ltr'>temporibus</span> 
     </span>
    </p>
   </div>
   <div class='ocr_carea' id='block_1_17' title="bbox 366 2474 1993 2604">
    <p class='ocr_par' dir='ltr' id='par_1_17' title="bbox 366 2474 1993 2604">
     <span class='ocr_line' id='line_1_31' title="bbox 366 2474 1393 2534; baseline -0.037 2"><span class='ocrx_word' id='word_1_272' title='bbox 366 2499 414 2534; x_wconf 86' lang='lat' dir='ltr'>ab</span> <span class='ocrx_word' id='word_1_273' title='bbox 437 2490 645 2533; x_wconf 87' lang='lat' dir='ltr'>haereticis</span> <span class='ocrx_word' id='word_1_274' title='bbox 668 2487 708 2522; x_wconf 86' lang='lat' dir='ltr'>in</span> <span class='ocrx_word' id='word_1_275' title='bbox 737 2477 1039 2520; x_wconf 86' lang='lat' dir='ltr'>controversiam</span> <span class='ocrx_word' id='word_1_276' title='bbox 1069 2474 1271 2509; x_wconf 87' lang='lat' dir='ltr'>vocantur,</span> <span class='ocrx_word' id='word_1_277' title='bbox 1302 2474 1393 2511; x_wconf 89' lang='lat' dir='ltr'>aper</span> 
     </span>
     <span class='ocr_line' id='line_1_32' title="bbox 367 2499 1993 2604; baseline -0.037 -11"><span class='ocrx_word' id='word_1_278' title='bbox 367 2552 594 2604; x_wconf 89' lang='lat' dir='ltr'>praesertim</span> <span class='ocrx_word' id='word_1_279' title='bbox 623 2550 757 2584; x_wconf 90' lang='lat' dir='ltr'>contra</span> <span class='ocrx_word' id='word_1_280' title='bbox 787 2537 939 2577; x_wconf 86' lang='lat' dir='ltr'>Martini</span> <span class='ocrx_word' id='word_1_281' title='bbox 963 2529 1175 2572; x_wconf 87' lang='lat' dir='ltr'>Chemnitii</span> <span class='ocrx_word' id='word_1_282' title='bbox 1202 2525 1444 2574; x_wconf 86' lang='lat' dir='ltr'>petulantem</span> <span class='ocrx_word' id='word_1_283' title='bbox 1473 2512 1738 2552; x_wconf 86' lang='lat' dir='ltr'>audaciam...</span> <span class='ocrx_word' id='word_1_284' title='bbox 1772 2503 1873 2540; x_wconf 90' lang='lat' dir='ltr'>Cum</span> <span class='ocrx_word' id='word_1_285' title='bbox 1902 2499 1993 2536; x_wconf 87' lang='lat' dir='ltr'>huic</span> 
     </span>
    </p>
   </div>
   <div class='ocr_carea' id='block_1_18' title="bbox 368 2557 1994 2662">
    <p class='ocr_par' dir='ltr' id='par_1_18' title="bbox 368 2557 1994 2662">
     <span class='ocr_line' id='line_1_33' title="bbox 368 2557 1994 2662; baseline -0.037 -10"><span class='ocrx_word' id='word_1_286' title='bbox 368 2614 475 2662; x_wconf 88' lang='lat' dir='ltr'>operi</span> <span class='ocrx_word' id='word_1_287' title='bbox 493 2606 758 2657; x_wconf 89' lang='lat' dir='ltr'>respondisset</span> <span class='ocrx_word' id='word_1_288' title='bbox 776 2595 1019 2636; x_wconf 89' lang='lat' dir='ltr'>Chemnitius</span> <span class='ocrx_word' id='word_1_289' title='bbox 1037 2591 1141 2627; x_wconf 88' lang='lat' dir='ltr'>edito</span> <span class='ocrx_word' id='word_1_290' title='bbox 1159 2585 1343 2624; x_wconf 85' lang='lat' dir='ltr'>examine</span> <span class='ocrx_word' id='word_1_291' title='bbox 1360 2589 1470 2616; x_wconf 90' lang='lat' dir='ltr'>conc.</span> <span class='ocrx_word' id='word_1_292' title='bbox 1500 2567 1729 2610; x_wconf 80' lang='lat' dir='ltr'>tridentini,</span> <span class='ocrx_word' id='word_1_293' title='bbox 1753 2559 1933 2611; x_wconf 87' lang='lat' dir='ltr'>opposuit</span> <span class='ocrx_word' id='word_1_294' title='bbox 1956 2557 1994 2594; x_wconf 92' lang='lat' dir='ltr'>ei</span> 
     </span>
    </p>
   </div>
   <div class='ocr_carea' id='block_1_19' title="bbox 371 2617 1997 2770">
    <p class='ocr_par' dir='ltr' id='par_1_19' title="bbox 371 2617 1997 2770">
     <span class='ocr_line' id='line_1_34' title="bbox 371 2617 1997 2714; baseline -0.037 -3"><span class='ocrx_word' id='word_1_295' title='bbox 371 2671 552 2711; x_wconf 86' lang='lat' dir='ltr'>Andrada</span> <span class='ocrx_word' id='word_1_296' title='bbox 571 2663 853 2714; x_wconf 85' lang='lat' dir='ltr'>Defensionem</span> <span class='ocrx_word' id='word_1_297' title='bbox 872 2653 1116 2691; x_wconf 81' lang='lat' dir='ltr'>tridentinae</span> <span class='ocrx_word' id='word_1_298' title='bbox 1128 2646 1230 2697; x_wconf 86' lang='lat' dir='ltr'>fidei</span> <span class='ocrx_word' id='word_1_299' title='bbox 1247 2639 1462 2680; x_wconf 81' lang='lat' dir='ltr'>catholicae</span> <span class='ocrx_word' id='word_1_300' title='bbox 1480 2634 1528 2670; x_wconf 83' lang='lat' dir='ltr'><strong>ll.</strong></span> <span class='ocrx_word' id='word_1_301' title='bbox 1551 2640 1574 2676; x_wconf 84' lang='lat'><em>5</em></span> <span class='ocrx_word' id='word_1_302' title='bbox 1591 2625 1909 2674; x_wconf 87' lang='lat' dir='ltr'>comprehensam</span> <span class='ocrx_word' id='word_1_303' title='bbox 1932 2617 1997 2654; x_wconf 89' lang='lat' dir='ltr'>ad-</span> 
     </span>
     <span class='ocr_line' id='line_1_35' title="bbox 372 2677 1997 2770; baseline -0.037 0"><span class='ocrx_word' id='word_1_304' title='bbox 372 2742 508 2770; x_wconf 91' lang='lat' dir='ltr'>versus</span> <span class='ocrx_word' id='word_1_305' title='bbox 532 2723 815 2764; x_wconf 87' lang='lat' dir='ltr'>haereticorum</span> <span class='ocrx_word' id='word_1_306' title='bbox 839 2712 1049 2752; x_wconf 87' lang='lat' dir='ltr'>calumnias</span> <span class='ocrx_word' id='word_1_307' title='bbox 1074 2714 1114 2745; x_wconf 89' lang='lat' dir='ltr'>et</span> <span class='ocrx_word' id='word_1_308' title='bbox 1137 2700 1366 2754; x_wconf 88' lang='lat' dir='ltr'>praesertim</span> <span class='ocrx_word' id='word_1_309' title='bbox 1388 2691 1546 2733; x_wconf 88' lang='lat' dir='ltr'>Martini</span> <span class='ocrx_word' id='word_1_310' title='bbox 1573 2681 1801 2728; x_wconf 88' lang='lat' dir='ltr'>Chemnitii,</span> <span class='ocrx_word' id='word_1_311' title='bbox 1831 2677 1997 2724; x_wconf 84' lang='lat' dir='ltr'>Olisipo-</span> 
     </span>
    </p>
   </div>
   <div class='ocr_carea' id='block_1_20' title="bbox 373 2737 2006 2835">
    <p class='ocr_par' dir='ltr' id='par_1_20' title="bbox 373 2737 2006 2835">
     <span class='ocr_line' id='line_1_36' title="bbox 373 2737 2006 2835; baseline -0.036 -7"><span class='ocrx_word' id='word_1_312' title='bbox 373 2804 421 2829; x_wconf 90' lang='lat' dir='ltr'>ne</span> <span class='ocrx_word' id='word_1_313' title='bbox 449 2788 551 2835; x_wconf 83' lang='lat'><strong>1578,</strong></span> <span class='ocrx_word' id='word_1_314' title='bbox 582 2780 767 2821; x_wconf 87' lang='lat' dir='ltr'>Coloniae</span> <span class='ocrx_word' id='word_1_315' title='bbox 800 2775 905 2821; x_wconf 85' lang='lat'>1580,</span> <span class='ocrx_word' id='word_1_316' title='bbox 930 2767 1159 2817; x_wconf 83' lang='lat' dir='ltr'>Ingolstadii</span> <span class='ocrx_word' id='word_1_317' title='bbox 1192 2771 1281 2809; x_wconf 84' lang='lat'>1592</span> <span class='ocrx_word' id='word_1_318' title='bbox 1312 2764 1468 2795; x_wconf 90' lang='lat' dir='ltr'><strong>etc...»</strong></span> <span class='ocrx_word' id='word_1_319' title='bbox 1498 2751 1693 2790; x_wconf 83' lang='lat' dir='ltr'>HURTER,</span> <span class='ocrx_word' id='word_1_320' title='bbox 1719 2737 2006 2779; x_wconf 79' lang='lat' dir='ltr'>Nomenclator</span> 
     </span>
    </p>
   </div>
   <div class='ocr_carea' id='block_1_21' title="bbox 374 2844 2004 2942">
    <p class='ocr_par' dir='ltr' id='par_1_21' title="bbox 374 2844 2004 2942">
     <span class='ocr_line' id='line_1_37' title="bbox 374 2844 807 2889; baseline -0.042 0"><span class='ocrx_word' id='word_1_321' title='bbox 374 2848 598 2889; x_wconf 79' lang='lat' dir='ltr'>literarius,</span> <span class='ocrx_word' id='word_1_322' title='bbox 616 2844 648 2888; x_wconf 87' lang='lat'>1,</span> <span class='ocrx_word' id='word_1_323' title='bbox 668 2851 729 2886; x_wconf 87' lang='lat'>20,</span> <span class='ocrx_word' id='word_1_324' title='bbox 748 2846 807 2873; x_wconf 86' lang='lat'>21.</span> 
     </span>
     <span class='ocr_line' id='line_1_38' title="bbox 447 2854 2004 2942; baseline -0.037 2"><span class='ocrx_word' id='word_1_325' title='bbox 447 2912 457 2932; x_wconf 86' lang='lat'>¹</span> <span class='ocrx_word' id='word_1_326' title='bbox 509 2908 603 2942; x_wconf 86' lang='lat' dir='ltr'>Post</span> <span class='ocrx_word' id='word_1_327' title='bbox 619 2904 715 2938; x_wconf 88' lang='lat' dir='ltr'>haec</span> <span class='ocrx_word' id='word_1_328' title='bbox 732 2898 808 2933; x_wconf 89' lang='lat' dir='ltr'>duo</span> <span class='ocrx_word' id='word_1_329' title='bbox 832 2890 1043 2935; x_wconf 82' lang='lat' dir='ltr'>volumina,</span> <span class='ocrx_word' id='word_1_330' title='bbox 1067 2886 1140 2923; x_wconf 86' lang='lat' dir='ltr'>alia</span> <span class='ocrx_word' id='word_1_331' title='bbox 1163 2884 1240 2919; x_wconf 90' lang='lat' dir='ltr'>duo</span> <span class='ocrx_word' id='word_1_332' title='bbox 1264 2876 1387 2916; x_wconf 89' lang='lat' dir='ltr'>edidit</span> <span class='ocrx_word' id='word_1_333' title='bbox 1408 2866 1655 2910; x_wconf 88' lang='lat' dir='ltr'>Chemnitius</span> <span class='ocrx_word' id='word_1_334' title='bbox 1678 2871 1780 2898; x_wconf 86' lang='lat' dir='ltr'>anno</span> <span class='ocrx_word' id='word_1_335' title='bbox 1806 2855 1911 2904; x_wconf 86' lang='lat'><strong>1573.</strong></span> <span class='ocrx_word' id='word_1_336' title='bbox 1937 2854 2004 2890; x_wconf 90' lang='lat' dir='ltr'>Al-</span> 
     </span>
    </p>
   </div>
   <div class='ocr_carea' id='block_1_22' title="bbox 374 2914 2008 3074">
    <p class='ocr_par' dir='ltr' id='par_1_22' title="bbox 374 2914 2008 3074">
     <span class='ocr_line' id='line_1_39' title="bbox 375 2914 2004 3012; baseline -0.037 -4"><span class='ocrx_word' id='word_1_337' title='bbox 375 2977 458 3008; x_wconf 89' lang='lat' dir='ltr'>tera</span> <span class='ocrx_word' id='word_1_338' title='bbox 473 2965 589 3012; x_wconf 88' lang='lat' dir='ltr'>hujus</span> <span class='ocrx_word' id='word_1_339' title='bbox 606 2958 732 3008; x_wconf 89' lang='lat' dir='ltr'>operis</span> <span class='ocrx_word' id='word_1_340' title='bbox 751 2947 1059 3003; x_wconf 86' lang='lat' dir='ltr'>pestilentissimi</span> <span class='ocrx_word' id='word_1_341' title='bbox 1078 2944 1198 2981; x_wconf 87' lang='lat' dir='ltr'>editio</span> <span class='ocrx_word' id='word_1_342' title='bbox 1216 2942 1256 2977; x_wconf 90' lang='lat' dir='ltr'>in</span> <span class='ocrx_word' id='word_1_343' title='bbox 1273 2937 1366 2974; x_wconf 80' lang='lat' dir='ltr'>folio</span> <span class='ocrx_word' id='word_1_344' title='bbox 1383 2929 1527 2982; x_wconf 85' lang='lat' dir='ltr'>prodiit</span> <span class='ocrx_word' id='word_1_345' title='bbox 1544 2918 1811 2962; x_wconf 86' lang='lat' dir='ltr'>«Francofurti</span> <span class='ocrx_word' id='word_1_346' title='bbox 1834 2915 1883 2952; x_wconf 86' lang='lat' dir='ltr'>ad</span> <span class='ocrx_word' id='word_1_347' title='bbox 1899 2914 2004 2950; x_wconf 89' lang='lat' dir='ltr'>Moe—</span> 
     </span>
     <span class='ocr_line' id='line_1_40' title="bbox 374 2974 2008 3074; baseline -0.037 -8"><span class='ocrx_word' id='word_1_348' title='bbox 374 3040 483 3074; x_wconf 89' lang='lat' dir='ltr'>num,</span> <span class='ocrx_word' id='word_1_349' title='bbox 501 3034 601 3060; x_wconf 90' lang='lat' dir='ltr'>anno</span> <span class='ocrx_word' id='word_1_350' title='bbox 619 3029 731 3056; x_wconf 89' lang='lat' dir='ltr'>aerae</span> <span class='ocrx_word' id='word_1_351' title='bbox 755 3010 1016 3059; x_wconf 89' lang='lat' dir='ltr'>Dionysianae</span> <span class='ocrx_word' id='word_1_352' title='bbox 1035 3006 1121 3042; x_wconf 64' lang='grc' dir='ltr'>(ΕΙΣ)</span> <span class='ocrx_word' id='word_1_353' title='bbox 1139 2999 1276 3041; x_wconf 73' lang='lat' dir='ltr'><strong>IDCC.</strong></span> <span class='ocrx_word' id='word_1_354' title='bbox 1295 2996 1393 3033; x_wconf 78' lang='lat' dir='ltr'>VII»</span> <span class='ocrx_word' id='word_1_355' title='bbox 1411 2987 1566 3028; x_wconf 91' lang='lat' dir='ltr'>Nostris</span> <span class='ocrx_word' id='word_1_356' title='bbox 1584 2984 1702 3021; x_wconf 89' lang='lat' dir='ltr'>etiam</span> <span class='ocrx_word' id='word_1_357' title='bbox 1719 2979 1858 3016; x_wconf 90' lang='lat' dir='ltr'>diebus</span> <span class='ocrx_word' id='word_1_358' title='bbox 1875 2974 2008 3011; x_wconf 86' lang='lat' dir='ltr'>denuo</span> 
     </span>
    </p>
   </div>
   <div class='ocr_carea' id='block_1_23' title="bbox 375 3072 1165 3185">
    <p class='ocr_par' dir='ltr' id='par_1_23' title="bbox 375 3072 1165 3185">
     <span class='ocr_line' id='line_1_41' title="bbox 375 3072 889 3125; baseline -0.041 1"><span class='ocrx_word' id='word_1_359' title='bbox 375 3095 556 3125; x_wconf 90' lang='lat' dir='ltr'>recusum</span> <span class='ocrx_word' id='word_1_360' title='bbox 572 3080 646 3116; x_wconf 79' lang='lat' dir='ltr'>fuit</span> <span class='ocrx_word' id='word_1_361' title='bbox 663 3086 764 3113; x_wconf 91' lang='lat' dir='ltr'>anno</span> <span class='ocrx_word' id='word_1_362' title='bbox 785 3072 889 3108; x_wconf 85' lang='lat'><strong>1862.</strong></span> 
     </span>
     <span class='ocr_line' id='line_1_42' title="bbox 446 3126 1165 3185; baseline -0.035 -3"><span class='ocrx_word' id='word_1_363' title='bbox 446 3148 461 3169; x_wconf 78' lang='lat'>2</span> <span class='ocrx_word' id='word_1_364' title='bbox 511 3140 612 3178; x_wconf 88' lang='lat' dir='ltr'>Vide</span> <span class='ocrx_word' id='word_1_365' title='bbox 630 3136 744 3185; x_wconf 88' lang='lat' dir='ltr'>epist.</span> <span class='ocrx_word' id='word_1_366' title='bbox 764 3131 848 3178; x_wconf 86' lang='lat'>359,</span> <span class='ocrx_word' id='word_1_367' title='bbox 865 3142 904 3166; x_wconf 91' lang='lat' dir='ltr'><strong>n.</strong></span> <span class='ocrx_word' id='word_1_368' title='bbox 924 3126 959 3170; x_wconf 82' lang='lat'>3,</span> <span class='ocrx_word' id='word_1_369' title='bbox 979 3128 1110 3162; x_wconf 87' lang='lat' dir='ltr'>annot.</span> <span class='ocrx_word' id='word_1_370' title='bbox 1129 3132 1165 3167; x_wconf 84' lang='lat'>4.</span> 
     </span>
    </p>
   </div>
   <div class='ocr_carea' id='block_1_24' title="bbox 604 2446 2061 2497">
    <p class='ocr_par' dir='ltr' id='par_1_24' title="bbox 604 2446 2061 2497">
     <span class='ocr_line' id='line_1_43' title="bbox 604 2446 2061 2497; baseline -0.039 31"><span class='ocrx_word' id='word_1_371' title='bbox 604 2460 612 2478; x_wconf 62' lang='lat'>’</span> <span class='ocrx_word' id='word_1_372' title='bbox 1396 2467 1435 2497; x_wconf 91' lang='lat' dir='ltr'>te</span> <span class='ocrx_word' id='word_1_373' title='bbox 1465 2462 1505 2494; x_wconf 91' lang='lat' dir='ltr'>et</span> <span class='ocrx_word' id='word_1_374' title='bbox 1533 2450 1701 2491; x_wconf 87' lang='lat' dir='ltr'>dilucide</span> <span class='ocrx_word' id='word_1_375' title='bbox 1727 2446 1989 2493; x_wconf 88' lang='lat' dir='ltr'>exponuntur,</span> <span class='ocrx_word' id='word_1_376' title='bbox 2060 2451 2061 2455; x_wconf 48' lang='lat'>¹</span> 
     </span>
    </p>
   </div>
   <div class='ocr_carea' id='block_1_25' title="bbox 2218 607 2228 996">
    <p class='ocr_par' dir='ltr' id='par_1_25' title="bbox 2218 607 2228 996">
     <span class='ocr_line' id='line_1_44' title="bbox 2218 607 2228 996; textangle 90"><span class='ocrx_word' id='word_1_377' title='bbox 2223 979 2228 996; x_wconf 64' lang='lat' dir='ltr'>n</span> <span class='ocrx_word' id='word_1_378' title='bbox 2219 706 2228 967; x_wconf 37' lang='lat' dir='ltr'>s-——m—..Qss</span> <span class='ocrx_word' id='word_1_379' title='bbox 2218 625 2228 655; x_wconf 43' lang='grc' dir='ltr'>*ι</span> <span class='ocrx_word' id='word_1_380' title='bbox 2218 607 2219 610; x_wconf 36' lang='grc'>1</span> 
     </span>
    </p>
   </div>
  </div>
 </body>
</html>
