2228 3548
862 289 909 316 20
933 279 1167 316 Fs-:Bnunn
1196 277 1286 323 1567
1775 277 1843 324 371

254 380 341 424 Dr.
366 381 643 438 Wolscango
664 382 873 439 bohemo,
897 383 958 426 ho
979 388 1142 438 saputo
1162 380 1307 438 hoggi
1334 394 1416 437 per
1436 380 1599 426 lettere
1626 380 1684 426 de
1712 379 1893 426 Vienna

253 457 318 501 de
341 459 454 502 Mro.
481 458 687 502 Emerico
714 461 724 481 ¹
747 460 879 516 (nelle
901 458 1022 519 quali
1043 473 1116 503 me
1136 458 1237 503 dice
1258 459 1343 502 che
1365 464 1437 501 sta
1451 458 1593 502 molto
1609 458 1726 502 male
1743 457 1893 515 ilpro·

263 533 457 578 uinciale
479 535 512 579 ²:
541 534 574 578 11
609 535 804 593 Signore
839 537 868 580 l'
907 535 1032 593 aiuti)
1069 537 1154 581 6116
1175 536 1218 580 16
1239 536 1399 580 lettere
1437 536 1524 579 che
1560 535 1604 579 io
1631 534 1843 581 scriueua
1866 550 1893 580 a

265 613 416 668 Praga
436 626 515 668 per
537 613 642 668 quel
663 619 814 666 conto,
839 612 877 657 si
898 627 1011 657 sono
1032 627 1178 670 perse.
1199 614 1256 656 Et
1272 613 1423 668 quello
1439 614 1524 656 che
1540 612 1601 656 mi
1618 611 1785 665 361166,
1805 614 1892 658 6116

265 703 358 732 11011
379 688 410 732 11
431 703 540 746 pare
562 690 677 734 bene
698 705 724 734 a
746 691 803 735 V.
830 692 883 734 P.
914 689 960 734 di
981 684 1195 735 dar’‘uno
1224 705 1251 733 a
1272 678 1432 734 seruir'
1455 704 1483 734 a
1510 705 1572 733 vn
1600 690 1774 747 prelato
1802 704 1893 734 non

264 766 576 823 sciogliendoli
598 766 628 810 li
651 767 762 820 uoti,
787 767 830 810 io
851 782 943 811 non
963 767 994 810 l’
1025 769 1086 811 ho
1107 767 1221 811 fatto
1241 766 1289 810 in
1310 766 1395 811 sin’
1420 766 1514 823 qui,
1538 767 1597 811 116
1617 767 1662 811 10
1691 766 1786 811 faro
1808 781 1894 811 con

263 843 307 887 16
327 839 474 900 gratia
501 845 574 888 del
602 843 811 901 Signore,
850 845 1051 901 sapendo
1079 851 1238 901 questa
1260 844 1447 888 uolonta
1474 844 1590 888 della
1614 845 1667 888 P.
1693 845 1752 888 V.
1779 845 1895 888 Tut—

263 920 382 964 tavia
403 935 545 977 penso
567 922 651 965 che
672 921 710 964 si
731 923 1001 966 contentara
1029 921 1114 966 che
1134 920 1179 965 io
1199 920 1229 963 li
1254 920 1502 978 rapresenti
1531 921 1682 977 quello
1712 922 1797 966 6116
1818 935 1895 965 so-

264 1012 343 1054 pra
384 997 430 1041 di
471 997 542 1042 cio
582 1000 641 1042 m’
685 1012 884 1051 occorre,
918 1012 1006 1042 con
1027 998 1137 1055 ogni
1173 998 1479 1054 abnegatione
1514 998 1571 1042 de
1607 997 1824 1055 giudicio.
1846 999 1894 1042 Io

265 1076 327 1118 ho
350 1074 469 1119 visto
495 1082 657 1130 questo
684 1090 817 1120 usare
852 1075 971 1119 nella
1005 1074 1289 1132 Compagnia
1323 1074 1354 1117 li
1376 1074 1519 1118 nostri
1547 1074 1681 1118 Padri
1707 1075 1890 1132 passati,

267 1153 354 1196 che
376 1167 402 1195 a
423 1158 444 1179 a
469 1165 562 1195 uno
583 1153 667 1196 che
688 1165 793 1197 6366
809 1152 866 1196 (16
887 1166 936 1195 36
957 1151 1075 1195 della
1096 1150 1395 1208 Compagnia,
1420 1166 1513 1195 non
1535 1153 1753 1195 3016116110
1775 1152 1893 1196 scio-

269 1229 411 1286 gliere
432 1229 462 1272 li
484 1228 597 1284 uoti,
619 1228 648 1272 il
665 1231 751 1274 che
767 1243 856 1272 non
875 1229 1065 1274 facendo
1088 1236 1330 1274 restauano
1345 1236 1445 1273 soto
1461 1230 1492 1272 1’
1512 1228 1762 1274 obedienza
1778 1230 1894 1274 della

269 1306 568 1363 Compagnia,
590 1309 632 1349 et
653 1309 804 1349 tamen
825 1320 916 1349 non
937 1308 974 1350 s'
993 1306 1286 1363 imputauano
1302 1320 1329 1349 a
1345 1306 1495 1362 quella
1509 1305 1539 1349 li
1556 1306 1651 1350 loro
1667 1306 1772 1350 mali
1790 1321 1894 1364 por-

270 1383 472 1427 tamenti.
509 1384 579 1428 2.⁰
600 1382 654 1427 Li
675 1382 864 1440 professi
900 1397 1096 1440 possono
1131 1385 1270 1428 esser’
1295 1382 1493 1428 mandati
1530 1397 1587 1427 ex
1617 1398 1756 1427 causa
1778 1384 1896 1428 fuori

259 1461 384 1505 della
400 1460 698 1518 Compagnia,
717 1464 758 1503 et
773 1464 924 1504 tamen
941 1475 1032 1504 non
1047 1475 1097 1506 se
1112 1460 1143 1504 li
1166 1460 1387 1518 scioglino
1403 1460 1434 1504 li
1458 1460 1568 1505 uoti.
1594 1462 1663 1517 3.⁰
1685 1462 1733 1505 Io
1755 1475 1895 1518 penso

267 1544 395 1582 tener
415 1537 610 1582 alchuna
629 1536 862 1594 sperienza
883 1539 969 1582 che
990 1539 1026 1581 s’
1046 1539 1198 1581 hanno
1219 1537 1405 1581 ritenuti
1422 1537 1604 1582 alchuni
1620 1538 1739 1582 nella
1754 1538 1894 1582 Com-

266 1613 448 1671 pagnia,
474 1613 650 1667 tentati,
675 1613 898 1658 dicendoli
929 1613 972 1658 io
1000 1616 1084 1658 che
1111 1629 1203 1659 non
1224 1614 1255 1657 li
1277 1615 1441 1660 uoleua
1476 1615 1702 1673 scioglier’
1726 1615 1757 1658 li
1780 1615 1890 1659 uoti.

267 1691 338 1746 4⁰
361 1692 422 1736 Se
443 1706 534 1735 non
554 1690 593 1736 si
614 1691 791 1748 puotesi
814 1692 1014 1735 mandar'
1041 1705 1133 1735 uno
1155 1692 1284 1736 fuora
1305 1692 1423 1737 della
1443 1692 1728 1750 Compagnia
1758 1707 1896 1738 senza

266 1767 494 1825 scioglerli
515 1767 546 1811 li
567 1767 677 1821 uoti,
702 1768 979 1825 perderiamo
1002 1782 1093 1812 una
1110 1783 1222 1826 gran
1240 1768 1400 1814 liberta
1415 1771 1499 1814 che
1516 1769 1743 1826 possiamo
1762 1784 1895 1815 usare

269 1859 357 1889 con
379 1844 516 1901 quelli
536 1847 622 1889 6116
642 1860 734 1889 11011
755 1852 1045 1898 contentano,
1069 1849 1110 1888 et
1126 1849 1276 1889 tamen
1303 1860 1395 1890 non
1422 1846 1564 1890 siamo
1595 1847 1668 1891 dal
1692 1854 1811 1891 tutto
1831 1847 1895 1890 ri-

268 1921 422 1975 soluti,
447 1924 532 1966 che
559 1922 668 1980 ogni
694 1923 831 1966 modo
858 1924 896 1966 s'
936 1922 1134 1966 habbino
1169 1938 1196 1967 a
1230 1922 1476 1968 licentiare.
1517 1925 1586 1979 5.⁰
1626 1926 1741 1969 Pare
1762 1925 1847 1970 che
1869 1926 1896 1968 6

269 2013 375 2043 6361
395 1999 441 2043 di
462 1999 766 2044 misericordia
788 2014 873 2043 con
895 2000 1006 2053 loro,
1027 1999 1259 2044 tenendoli
1279 2001 1375 2045 cosi
1396 2001 1552 2058 legati,
1576 2017 1657 2058 per
1670 2016 1762 2045 non
1779 2016 1894 2059 puo-

269 2079 350 2120 ter'
375 2076 519 2121 viuer'
544 2076 800 2122 facilmente
822 2076 868 2119 in
889 2074 1263 2134 congregatione3
1294 2076 1477 2134 possino
1503 2078 1649 2123 viuer'
1679 2082 1831 2122 tamen
1848 2078 1894 2121 in

262 2154 459 2210 qualche
481 2153 742 2198 mediocrita
762 2154 807 2197 di
831 2154 1068 2211 religione.
1108 2155 1165 2198 Et
1187 2154 1234 2198 in
1262 2163 1423 2211 questo
1451 2155 1636 2213 ingenio
1668 2156 1724 2199 de
1746 2155 1892 2213 genti,

260 2243 497 2286 cognosco
517 2229 561 2274 io
581 2230 780 2284 alchuni‚
805 2232 890 2274 che
912 2230 1192 2288 sciogliendo
1207 2231 1302 2275 loro
1323 2231 1355 2276 li
1382 2232 1475 2276 voti
1504 2233 1827 2277 andarebbono
1848 2232 1895 2276 in

269 2305 380 2362 ogni
408 2306 552 2359 ruina,
586 2313 632 2351 et
659 2321 749 2350 non
778 2306 1138 2364 sciogliendolili,
1163 2307 1348 2353 hauerei
1379 2323 1495 2366 gran
1516 2323 1734 2366 speranza
1750 2309 1836 2355 che
1858 2309 1895 2353 si

272 2383 635 2428 tratterrebbono
657 2382 703 2426 in
720 2384 914 2427 alchuna
930 2383 1191 2428 mediocrita
1208 2385 1281 2430 nel
1297 2385 1531 2444 seruiggio
1547 2387 1592 2429 d'
1612 2386 1753 2430 Iddio.
1774 2387 1896 2429 Bre-

15 2464 26 2521 ξ
272 2460 406 2503 uiter:
427 2474 533 2517 pare
555 2461 693 2504 esser’
717 2459 764 2503 in
785 2460 967 2503 arbitrio
990 2461 1107 2504 della
1138 2461 1420 2520 Compagnia
1447 2463 1560 2506 dare
1589 2463 1799 2506 inducias
1820 2463 1895 2506 alli

16 2526 19 2531 ’
273 2536 415 2580 nostri
435 2539 520 2580 che
535 2551 628 2581 non
648 2537 904 2593 procedono
924 2537 1058 2589 bene,
1082 2544 1128 2580 et
1148 2539 1432 2595 suspender’‚
1463 2554 1492 2583 0
1512 2541 1542 2583 l’
1567 2540 1816 2584 obedienza
1836 2541 1898 2583 ad

264 2617 459 2669 tempus,
484 2613 667 2657 dandoli
694 2612 866 2657 licenza
895 2612 939 2655 di
968 2615 1075 2657 star’
1102 2614 1230 2659 fuora
1259 2615 1377 2659 della
1397 2617 1682 2674 Compagnia
1711 2617 1893 2660 alchun’

269 2704 407 2743 anno,
438 2697 485 2734 et
509 2689 635 2747 dipoi
661 2691 746 2734 che
773 2689 1008 2743 rstornino,
1049 2704 1077 2733 0
1112 2692 1381 2747 suspender’
1407 2694 1450 2736 16
1484 2692 1759 2738 distrittione
1788 2693 1894 2737 dell'

271 2765 535 2819 obedienza,
555 2780 641 2810 con
663 2766 732 2810 dir
748 2765 1053 2811 chiaramente
1069 2768 1154 2811 che
1171 2781 1284 2811 sono
1299 2768 1478 2824 nouitii,
1499 2776 1545 2814 et
1562 2770 1656 2813 cosi
1674 2783 1767 2813 non
1783 2763 1897 2821 30110

266 2842 389 2885 vdella
416 2842 714 2900 Compagnia,
745 2858 772 2887 o
799 2857 890 2887 non
917 2845 952 2886 s’
984 2844 1135 2887 hanno
1163 2859 1190 2888 6
1215 2843 1326 2890 dire.
1358 2846 1416 2889 Et
1443 2845 1481 2890 si
1503 2847 1593 2902 puo
1622 2845 1717 2890 dire
1745 2847 1830 2891 che
1857 2846 1898 2890 si

345 2985 366 3007 a
404 2979 512 3015 Haec
528 2978 716 3026 particula
732 2979 863 3017 addita
881 2986 942 3016 est
959 2991 1074 3028 supra
1091 2981 1202 3016 verb.
1221 2991 1244 3016 a
1265 2981 1353 3018 libr.

343 3085 362 3119 ἐ
412 3086 634 3122 Forschler.
1040 3089 1055 3110 ²
1104 3086 1337 3125 Laurentius
1353 3089 1519 3136 Magius.
