2228 3548
925 272 970 310 27
997 265 1166 302 Annus
1194 265 1286 312 1568
1806 264 1874 311 581

280 380 411 412 come
430 365 599 424 meglio
619 366 662 411 le
683 367 866 423 patera,
887 381 968 424 per
997 368 1041 412 13
1066 368 1359 413 edificatione
1389 371 1476 414 che
1504 369 1543 413 si
1571 367 1791 426 pretende
1822 367 1930 411 delli

281 444 507 502 prossimi,
531 451 578 488 et
594 458 675 502 per
694 445 739 488 13
759 445 968 489 decentia
984 446 1103 490 della
1119 446 1421 505 Compagnia.
1446 448 1585 491 Potra
1606 460 1731 490 esser
1752 446 1838 489 che
1855 445 1933 502 qui

283 522 322 567 si
343 522 560 575 mandino
582 529 706 567 certe
728 536 921 566 censure
943 523 1016 568 del
1041 525 1090 567 P.
1117 525 1340 568 Emanuel
1361 526 1371 546 ¹
1396 531 1443 570 et
1472 525 1546 569 del
1575 526 1627 568 P.
1654 523 1880 568 Ledesma
1895 524 1929 576 ²,

282 599 472 645 insieme
494 614 582 644 con
600 600 750 655 quelle
765 599 812 643 di
824 599 1025 658 Dilinga,
1046 601 1261 647 accioche
1278 603 1336 646 V.
1358 603 1412 646 R.
1424 635 1434 655 ,
1453 601 1726 653 uedendole,
1747 614 1930 644 accom-

282 677 404 722 modi
427 677 499 722 cio
522 679 607 722 che
628 678 670 721 le
691 680 851 734 patera
872 678 1131 722 necessario
1159 694 1240 736 per
1266 680 1311 723 10
1338 680 1466 723 (1οῐῒο
1493 679 1601 722 fine.
1628 679 1678 721 In
1701 692 1807 722 cose
1835 690 1930 720 non

282 755 537 800 necessarie
558 769 651 799 non
672 756 892 799 accadera
915 755 1174 801 facilmente
1201 764 1395 801 mutare.
1422 757 1480 800 Et
1508 747 1677 800 seben
1704 755 1748 799 lo
1781 763 1929 799 stesso

279 833 431 876 dottor
453 834 619 876 Torres
640 831 790 876 scriua
811 832 859 876 in
881 839 1044 888 questa
1066 834 1270 888 materia,
1291 835 1349 878 V.
1376 835 1430 877 R.
1452 848 1539 890 pur
1554 826 1721 877 habbia
1739 832 1928 889 rispetto

276 926 303 955 a
323 911 476 966 quello
499 911 585 955 che
612 910 655 953 io
687 909 839 954 scriuo
869 910 962 966 qui.
998 911 1152 966 Quell'
1176 911 1428 968 appendice
1458 909 1561 955 dell'
1584 909 1780 954 autorita
1809 909 1927 954 delle

276 987 592 1032 constitutioni
614 987 862 1044 apostolice
878 987 925 1031 di
941 988 990 1033 S.
1012 988 1251 1034 Clemente
1270 995 1318 1032 et
1334 988 1440 1032 dell'
1460 1002 1596 1045 opere
1618 987 1664 1030 di
1686 988 1736 1032 S.
1761 986 1926 1031 Dioni-

277 1065 344 1109 sio
366 1065 664 1122 Areopagita,
688 1079 739 1110 se
759 1065 791 1108 li
812 1066 922 1109 dara
942 1065 1124 1109 ricordo
1147 1065 1192 1109 di
1215 1066 1344 1119 farla,
1369 1072 1415 1109 et
1437 1065 1546 1109 forsi
1563 1064 1627 1108 lui
1649 1071 1795 1108 stesso
1810 1064 1925 1108 scri-

279 1145 387 1187 uera
410 1142 604 1199 qualche
625 1156 733 1187 cosa
754 1141 802 1186 in
825 1149 988 1198 questa
1010 1142 1216 1187 materia.

369 1231 410 1275 5.
475 1220 608 1264 Dello
627 1219 828 1265 scriuere
849 1221 906 1264 V.
934 1221 988 1264 R.
1014 1227 1175 1264 contra
1197 1219 1260 1278 gl’
1277 1219 1485 1274 heretici,
1505 1219 1566 1262 mi
1588 1218 1765 1275 pareria
1781 1219 1924 1261 molto

277 1297 416 1350 bene,
448 1298 631 1353 quando
666 1297 710 1341 ci
746 1298 868 1341 fosse
900 1304 1051 1355 tempo
1083 1304 1130 1341 et
1162 1296 1340 1351 sanita;
1372 1311 1447 1340 ma
1482 1297 1659 1348 adess0,
1690 1294 1924 1340 essendosi

279 1381 437 1431 aperta
457 1374 502 1418 la
522 1373 732 1428 Francia,
757 1381 804 1420 et
824 1375 1037 1419 hauendo
1059 1390 1086 1418 a
1107 1374 1267 1419 uisitar
1288 1375 1439 1431 quelle
1467 1374 1558 1417 due
1585 1372 1819 1430 prouincie
1842 1386 1922 1428 per

278 1458 441 1507 questa
462 1458 622 1504 estate,
647 1451 801 1495 difficil
824 1465 932 1496 cosa
952 1451 1014 1495 mi
1035 1466 1144 1508 pare
1165 1459 1298 1509 poter
1319 1451 1528 1496 attender
1549 1465 1575 1494 a
1595 1457 1775 1505 questo,
1800 1463 1922 1492 mas-

276 1528 388 1572 sime
406 1528 715 1586 aspettandosi
730 1528 762 1571 li
779 1529 936 1585 scholij
957 1536 1003 1573 et
1018 1530 1048 1572 l’
1070 1529 1229 1574 ultima
1244 1543 1380 1573 mano
1396 1527 1517 1586 degl'
1536 1526 1681 1571 auuisi
1698 1526 1745 1570 di
1762 1528 1820 1571 V.
1843 1527 1896 1570 R.
1908 1561 1918 1579 ,

270 1605 392 1662 quali
414 1621 464 1650 se
487 1620 771 1650 auuanzasse
794 1612 962 1663 tempo,
986 1606 1173 1651 hauerei
1200 1608 1339 1651 charo
1367 1606 1406 1650 si
1423 1606 1683 1650 attendesse
1710 1619 1736 1647 a
1764 1603 1916 1647 finirli.

359 1684 402 1726 6.
469 1682 518 1728 Si
540 1684 566 1726 e
587 1683 760 1740 parlato
782 1684 826 1727 al
847 1684 1001 1727 dottor
1023 1685 1191 1728 Torres
1219 1683 1294 1727 del
1321 1683 1502 1727 riueder
1530 1696 1611 1726 sue
1640 1696 1778 1738 opere
1805 1687 1915 1733 etc.,

270 1759 481 1804 accioche
503 1760 542 1803 si
563 1759 789 1818 stampino
810 1760 1015 1806 insieme.
1042 1761 1128 1805 Lui
1152 1760 1260 1805 forsi
1277 1760 1543 1818 rispondera
1564 1761 1710 1802 anche
1731 1757 1776 1801 di
1800 1772 1916 1813 que-

270 1844 356 1881 sto.
377 1838 482 1882 Non
504 1837 655 1881 scriuo
675 1837 830 1883 niente
847 1837 893 1881 di
910 1837 1000 1882 mia
1016 1853 1151 1882 mano
1167 1852 1195 1882 a
1211 1839 1269 1883 V.
1290 1839 1365 1891 R.‚
1386 1837 1552 1895 perche
1569 1838 1629 1879 m'
1649 1837 1709 1879 ha
1726 1842 1915 1879 trattato

271 1915 314 1959 la
334 1915 538 1972 podagra
561 1922 723 1971 questa
746 1922 841 1969 7.ιιει
863 1923 994 1961 santa
1015 1923 1061 1960 et
1083 1915 1198 1961 feste
1218 1914 1264 1959 di
1291 1916 1460 1972 pascha
1482 1914 1527 1957 in
1545 1913 1697 1965 modo,
1718 1913 1804 1956 che
1820 1927 1912 1955 non

271 1993 330 2035 ho
351 1999 512 2049 potuto
534 1991 603 2035 dir
625 2007 788 2047 messa,
815 1994 871 2037 ne
893 1993 1083 2038 leuarmi
1098 1993 1172 2037 del
1188 1993 1315 2046 letto,
1335 2006 1429 2035 non
1446 1990 1699 2034 mancando
1722 1990 1828 2032 nell’
1851 2004 1912 2032 un

269 2062 400 2126 piede
422 2075 468 2112 et
490 2070 596 2113 nell’
622 2070 739 2113 altro
766 2071 916 2114 alcun’
941 2069 1176 2115 essercitio
1205 2069 1251 2113 di
1279 2068 1503 2126 patienza.
1530 2066 1618 2111 Gia
1646 2081 1733 2123 pur
1760 2065 1822 2108 mi
1851 2080 1912 2109 uo

260 2148 495 2205 Vtrouando
518 2148 704 2205 meglio,
724 2147 813 2192 Dio
835 2149 1002 2192 lodat0.

354 2235 395 2278 7.
462 2225 691 2269 Andando
720 2225 766 2268 in
799 2224 1048 2281 Aquitania
1070 2225 1129 2269 V.
1156 2225 1227 2279 R.,
1253 2223 1358 2268 dica
1385 2224 1427 2266 al
1457 2224 1505 2266 P.
1532 2219 1766 2266 Giouanni
1801 2219 1912 2263 Pio-

266 2314 353 2345 neo
370 2301 403 2352 ³,
429 2303 514 2346 che
535 2308 605 2345 sta
626 2301 673 2345 in
695 2302 855 2355 Lione,
880 2304 967 2347 che
988 2301 1018 2344 li
1041 2300 1116 2345 dia
1137 2300 1455 2346 informatione
1472 2299 1516 2343 di
1535 2298 1684 2354 quelle
1701 2311 1808 2342 cose
1825 2298 1911 2341 che

266 2391 356 2433 qua
376 2379 439 2420 m’
462 2379 522 2422 ha
542 2379 714 2424 scritte.
741 2381 798 2424 Et
820 2380 988 2436 perche
1011 2379 1042 2421 il
1066 2381 1119 2423 P.
1145 2379 1353 2422 Emondo
1372 2378 1388 2399 ⁴
1413 2375 1606 2421 sollicita
1629 2375 1670 2417 d'
1695 2389 1820 2419 esser
1842 2374 1905 2417 al-

265 2454 493 2511 leggerito
522 2456 639 2500 della
660 2471 771 2500 cura
793 2457 838 2500 di
860 2455 1156 2513 prouinciale‚
1181 2455 1300 2499 uada
1321 2456 1380 2498 V.
1406 2455 1461 2497 R.
1488 2450 1833 2503 considerando,
1858 2464 1910 2495 se

267 2530 298 2574 il
322 2533 376 2575 P.
404 2531 633 2578 Annibale
651 2535 665 2556 ⁵
688 2536 789 2577 sara
818 2535 859 2577 al
887 2532 1123 2590 proposito
1151 2546 1233 2589 per
1259 2530 1532 2582 succederli‚
1558 2536 1603 2573 et
1632 2529 1778 2571 anche
1803 2540 1908 2583 spe-

266 2607 507 2653 cialmente
530 2610 648 2653 uada
669 2611 904 2667 pensando
921 2609 1027 2653 delli
1049 2608 1206 2654 rettori
1222 2615 1269 2654 et
1283 2607 1390 2653 delli
1407 2604 1614 2664 professi.
1636 2606 1693 2647 Et
1710 2603 1756 2646 in
1774 2617 1909 2647 mano

263 2684 369 2728 delli
391 2684 660 2740 prouinciali
681 2686 727 2730 di
749 2687 942 2731 Francia
963 2693 1009 2730 et
1031 2687 1076 2729 d'
1102 2685 1374 2742 Aquitania,
1400 2684 1583 2727 trouara
1605 2682 1770 2725 alcune
1792 2679 1907 2724 riso-

332 2845 341 2865 ¹
394 2845 624 2882 Emmanuel
642 2845 692 2882 de
709 2847 778 2883 Sa.

329 2907 343 2926 ²
396 2905 568 2950 Jacobus
585 2905 792 2942 Ledesma.
812 2905 914 2941 Vide
939 2911 1074 2941 nostra
1098 2903 1362 2941 Monumenta
1382 2900 1678 2949 paedagogica,
1703 2909 1792 2946 pag.
1818 2897 1904 2943 859.

330 2964 346 2985 ³
395 2964 457 2998 De
475 2964 626 3010 Joanne
643 2964 832 3009 Pionneo,
854 2964 946 3000 vide
965 2964 1101 3011 Epist.
1125 2962 1292 3010 Natal„
1310 2963 1360 3007 11,
1383 2962 1466 3008 565.

331 3023 347 3045 ⁴
396 3021 624 3058 Edmundus
644 3023 792 3070 Anger,
812 3021 1064 3070 provincialis
1083 3021 1330 3070 Aquitaniae.

331 3082 345 3103 ⁵
395 3081 588 3118 Codretus
606 3081 672 3129 (du
689 3082 902 3130 Coudrey).
