2228 3548
404 317 473 361 842
850 356 856 361 ⁶
986 313 1124 349 Eplsr.
1153 311 1197 348 P.
1225 310 1379 347 NADAL

358 417 471 469 dral,
497 419 522 459 6
544 413 794 470 1303151(101
823 429 881 458 63
918 420 1107 468 3036513
1138 412 1332 456 diocesis
1358 426 1389 468 y
1426 425 1585 468 regne,
1610 425 1701 467 que
1721 411 1766 455 10
1786 420 2002 458 reuerent

360 479 476 519 Pare
498 481 666 518 mestre
703 473 882 530 Ignatio
919 473 1068 516 tindra
1090 487 1171 528 per
1202 473 1260 515 be
1288 486 1378 528 que
1409 474 1499 515 assi
1535 472 1657 528 hage
1693 471 1861 528 collegi
1881 472 1997 518 dexa

358 540 517 579 sancta
539 534 838 589 Companyia,
864 548 894 589 y
914 533 959 575 10
980 531 1047 575 (111
1070 533 1133 575 M
1139 538 1157 559 θ
1187 531 1457 605 Hieronym‚
1483 546 1565 587 per
1592 545 1716 576 esser
1738 531 1917 575 natural
1938 533 1996 576 de

358 597 466 647 assi,
491 595 552 636 ho
573 593 733 649 desige
754 592 881 645 molt,
906 606 936 647 y
953 594 1024 634 axi
1046 592 1106 634 ha
1128 591 1280 634 scrita
1296 590 1363 633 dit
1380 590 1646 646 inquisidor,
1666 604 1755 646 que
1772 591 1995 635 hauenthi

357 654 527 710 alguna
549 667 733 696 manera
756 666 862 707 pera
878 652 922 694 la
959 650 1165 694 fundatio
1186 666 1216 707 y
1251 650 1524 695 sustentatio
1545 652 1602 694 de
1639 650 1706 693 dit
1727 650 1909 707 collegi,
1934 665 1995 695 ne

358 713 509 756 331535
541 716 567 755 a
604 713 661 756 V.
705 713 757 755 P.
764 716 779 739 ῑ
806 710 1170 767 principalment‚
1209 725 1311 754 com
1340 714 1367 754 a
1394 709 1677 754 commissari
1713 711 1901 766 general
1937 726 1996 755 en

356 774 557 828 Spanya,
582 775 610 814 ό
632 771 674 814 31
690 770 940 827 prouincial
968 771 1025 813 de
1053 771 1226 826 Arago,
1251 774 1279 813 ό
1307 770 1350 813 31
1371 777 1520 813 160101
1539 770 1613 814 (161
1635 768 1803 826 collegi
1825 770 1884 815 de
1900 771 1997 815 Va-

356 831 520 884 lencia,
545 845 744 887 peraque
766 838 981 885 aquestos
1004 829 1213 873 auisasen
1235 834 1262 873 3
1288 831 1348 875 V.
1379 831 1454 873 Ρ.ἵ
1489 830 1546 873 (16
1573 830 1616 872 13
1643 828 1880 885 dispositio
1909 844 1999 886 que

357 895 447 934 assi
470 892 616 934 113313
637 905 745 946 pera
766 890 832 932 dit
864 889 1044 946 collegi.
1076 890 1142 933 La
1170 889 1278 945 qual
1304 889 1418 932 letra
1441 888 1505 932 dit
1534 889 1723 932 sacrista
1750 888 1893 932 maior
1914 903 2000 933 nos

359 952 420 994 ha
436 950 681 994 notificada
698 964 779 1006 per
795 951 863 993 105
881 951 980 993 R.¹²³
1006 956 1174 993 mestre
1191 948 1396 992 Antonio
1414 949 1550 993 Serra
1574 950 1605 1001 ¹,
1625 950 1784 992 doctor
1801 949 1998 1002 theolec,

358 1010 602 1054 beneficiat
623 1025 682 1055 en
718 1018 872 1053 nostra
909 1008 1078 1065 sglesia
1113 1009 1362 1061 cathedral,
1387 1023 1417 1065 y
1439 1023 1519 1064 per
1555 1009 1674 1051 frare
1696 1008 1870 1052 Antoni
1892 1010 2000 1053 her—

359 1070 471 1113 111113
492 1071 527 1124 ²,
551 1070 617 1112 als
638 1070 768 1125 quals
795 1069 861 1112 dit
898 1071 983 1112 M.e
1016 1068 1283 1124 Hieronyim
1305 1070 1366 1111 ha
1394 1067 1504 1111 scrit
1532 1068 1605 1112 del
1633 1067 1817 1120 mateix,
1849 1081 1950 1111 com
1971 1072 1999 1111 3

360 1144 578 1186 personas
600 1129 837 1186 religiosas
856 1143 886 1185 y
909 1130 1023 1171 molt
1045 1128 1218 1171 amichs
1238 1142 1359 1171 seus.
1381 1128 1631 1179 Nosahres,
1651 1141 1751 1171 com
1769 1131 1796 1170 3
1816 1141 1947 1183 pares
1968 1142 1999 1183 y

362 1196 615 1245 protectors
637 1189 710 1233 del
731 1195 943 1245 presente
964 1202 1124 1245 regne,
1150 1202 1210 1231 no
1230 1188 1443 1232 dexarem
1465 1188 1522 1230 de
1545 1186 1702 1230 aiudar
1733 1201 1763 1242 y
1785 1186 2000 1230 affauorir

361 1248 428 1292 dit
450 1248 618 1305 negoci
639 1263 719 1305 per
741 1262 830 1303 que
851 1262 900 1291 se
921 1249 1119 1292 effectua
1149 1263 1179 1304 y
1206 1254 1470 1304 augmenta,
1495 1262 1524 1302 y
1544 1260 1628 1290 nos
1650 1261 1747 1303 som
1769 1247 1880 1290 molt
1902 1247 1997 1291 ale-

361 1315 490 1365 grats
511 1309 640 1352 desta
662 1322 798 1360 noua,
823 1323 853 1363 y
875 1322 953 1363 per
972 1308 1016 1351 lo
1038 1311 1192 1352 carrec
1215 1321 1305 1362 que
1326 1306 1467 1350 tenim
1490 1306 1677 1361 desijam
1699 1306 1810 1348 molt
1827 1320 1917 1362 que
1935 1306 1996 1350 tal

363 1367 531 1425 collegi
548 1382 598 1412 se
615 1368 715 1423 saca
731 1381 788 1411 en
806 1374 903 1410 esta
915 1366 1005 1420 illa,
1025 1367 1082 1411 de
1099 1368 1212 1410 hont
1228 1372 1481 1411 certament
1497 1380 1547 1409 se
1563 1367 1622 1409 ha
1638 1366 1696 1408 de
1711 1379 1866 1422 sperar
1883 1378 1998 1422 gran

363 1429 487 1484 fruyt
510 1442 590 1483 per
611 1427 679 1470 los
702 1428 879 1483 poblats
901 1427 958 1471 de
981 1427 1158 1482 aquella
1179 1442 1237 1471 en
1259 1440 1423 1482 seruey
1446 1426 1503 1469 de
1518 1433 1674 1469 nostre
1691 1425 1854 1478 Senor,
1874 1440 1904 1481 y
1921 1438 2001 1481 per

363 1502 419 1542 co
441 1486 614 1530 auisam
635 1490 662 1529 a
683 1488 740 1530 V.
784 1489 856 1530 P.t
890 1501 990 1529 com
1028 1489 1133 1540 assi,
1173 1499 1340 1542 segons
1369 1500 1459 1541 que
1486 1500 1583 1528 som
1612 1484 1782 1528 auisats
1803 1499 1885 1541 per
1910 1484 2001 1528 dits

364 1548 454 1590 M.e
482 1546 657 1590 Antoni
680 1547 815 1591 Serra
836 1561 865 1601 y
889 1546 1004 1589 frate
1028 1545 1247 1598 Antonio,
1271 1545 1319 1588 hi
1340 1547 1484 1589 113313
1505 1559 1585 1601 per
1606 1545 1652 1588 lo
1672 1551 1858 1601 present
1881 1543 2003 1587 circa

364 1606 557 1650 docents
578 1613 705 1649 scuts
721 1607 778 1649 de
800 1606 940 1648 renda
962 1607 1081 1649 bona
1102 1621 1131 1662 y
1148 1612 1288 1658 certa,
1313 1620 1343 1661 y
1360 1605 1499 1648 tenim
1517 1605 1566 1660 ja
1589 1618 1718 1647 casas
1741 1604 2003 1647 commodas

363 1680 481 1722 prop
501 1666 546 1708 13
567 1665 735 1722 sglesia
762 1666 994 1708 cathedral
1017 1680 1124 1721 pera
1145 1664 1213 1707 dit
1234 1664 1415 1721 collegi.
1442 1664 1604 1708 Tenim
1625 1667 1722 1707 mes
1743 1671 1868 1706 certa
1898 1677 2005 1719 spe-

364 1739 499 1768 ransa
516 1739 605 1780 que
622 1725 679 1769 de
701 1738 883 1768 cascum
901 1725 975 1769 die
997 1739 1045 1767 se
1062 1725 1276 1768 trobaran
1298 1738 1443 1767 nouas
1458 1723 1693 1767 charitats.
1717 1724 1806 1766 Per
1821 1736 1876 1778 co
1893 1737 2005 1778 sup·

364 1784 532 1841 plicam
555 1788 581 1827 3
604 1786 662 1828 V.
689 1785 758 1828 P.t
793 1798 881 1839 que
904 1799 1011 1840 pera
1040 1798 1203 1840 seruey
1230 1785 1289 1829 de
1305 1791 1460 1828 nostre
1489 1785 1637 1829 Sefior
1654 1797 1738 1826 nos
1759 1783 1883 1825 vulla
1903 1796 2003 1826 em—-

366 1844 464 1887 biar
486 1847 574 1887 assi
597 1858 816 1900 personas
838 1844 894 1886 de
919 1845 978 1886 tal
1000 1843 1189 1899 03311131
1210 1859 1240 1900 y
1261 1843 1484 1896 doctrina,
1506 1858 1536 1899 y
1557 1842 1703 1886 habils
1720 1856 1828 1897 pera
1844 1841 1890 1884 di
1906 1841 2002 1885 col-

365 1904 475 1960 legi,
500 1918 672 1960 perque
687 1917 767 1959 per
788 1902 909 1947 medi
931 1904 987 1946 de
1009 1904 1183 1960 aquells
1204 1906 1302 1946 mes
1323 1902 1554 1946 facilment
1575 1917 1625 1946 se
1642 1916 1767 1958 puga
1783 1902 2002 1944 effectuar

366 1963 433 2006 dit
469 1962 652 2019 negoci,
683 1977 851 2019 segons
879 1963 908 2004 l’
939 1964 1048 2007 orde
1085 1962 1244 2006 statuit
1265 1976 1346 2018 per
1381 1977 1468 2006 exa
1505 1968 1664 2005 sancta
1699 1961 1998 2017 Companyia.

367 2023 744 2066 Comennantnos
771 2026 797 2065 a
827 2023 884 2065 V.
913 2024 1002 2075 P.t‚
1028 2024 1196 2067 Nostre
1217 2023 1364 2067 Sefior
1390 2037 1441 2065 sa
1467 2022 1578 2064 molt
1601 2020 1706 2064 ΚΜ
1729 2034 1923 2076 persona
1944 2020 2002 2063 ab

367 2090 590 2139 augment
617 2083 673 2125 de
709 2096 760 2125 sa
798 2081 945 2137 gratia
982 2083 1157 2138 guarde
1184 2096 1294 2138 pera
1329 2095 1412 2124 son
1445 2095 1624 2137 seruey.
1666 2081 1736 2123 En
1768 2080 2001 2132 Manrca,

367 2146 395 2185 3
416 2141 554 2197 xxviij
576 2140 635 2185 'de
656 2141 886 2185 Noembre
910 2155 958 2183 M.
985 2156 1031 2185 D.
1058 2156 1101 2185 L.
1129 2155 1222 2185 1111.
1249 2141 1309 2184 Al
1338 2155 1502 2195 seruey
1524 2141 1582 2184 de
1610 2141 1668 2184 V.
1697 2142 1750 2183 P.
1776 2145 1942 2195 prests,

633 2202 731 2244 Los
754 2213 935 2253 JURATS
960 2215 1023 2244 DE
1046 2215 1105 2245 LA
1128 2214 1308 2245 cmi-AT
1331 2213 1362 2244 Y
1384 2213 1546 2243 REGNE
1568 2214 1632 2243 DE
1654 2201 1940 2243 MALLORCA.

457 2260 703 2316 Inscripiio
724 2260 775 2302 in
798 2262 964 2315 quarta
980 2262 1188 2317 pagina:
1213 2260 1289 2317 [Al
1326 2260 1452 2315 molt]
1478 2261 1576 2302 R.¹¹t
1607 2260 1724 2302 Pare
1760 2256 2006 2301 Francisco

367 2321 425 2364 de
443 2320 597 2375 Borja‚
622 2318 913 2375 com[misa]ri
937 2321 1123 2374 general
1151 2334 1209 2363 en
1239 2320 1423 2376 Spanya
1444 2319 1503 2363 de
1523 2319 1568 2362 la
1589 2324 1747 2361 sancta
1770 2317 2004 2375 [Com]pa-

367 2394 458 2435 nya
480 2380 577 2424 (1615
598 2377 859 2435 Iniguistas.
900 2379 1008 2421 Alia
1045 2394 1204 2422 manu:
1247 2389 1374 2434 1554.
1416 2380 1486 2422 De
1515 2379 1584 2421 los
1606 2377 1796 2433 jurados
1822 2379 1880 2421 de
1903 2378 2004 2420 Ma-

365 2439 505 2482 llorca
527 2453 635 2494 para
671 2438 714 2482 el
751 2439 828 2481 P.
860 2438 1102 2481 Frane1se0
1134 2439 1192 2483 de
1230 2438 1383 2494 Borja.
1409 2440 1480 2482 De
1518 2438 1572 2481 28
1608 2438 1665 2480 de
1702 2435 1997 2480 Nouiembre.

366 2499 497 2541 Alia:
519 2498 751 2542 Mallorca.
778 2497 936 2552 Sigillz·
956 2499 1219 2555 vestigium.

440 2658 451 2679 ¹
504 2658 605 2694 «Los
622 2658 812 2705 primeros
831 2657 1115 2694 bienhechores
1138 2658 1277 2694 fueron
1294 2657 1454 2694 Nicolas
1480 2657 1529 2693 de
1548 2657 1794 2702 Montanus,
1811 2655 2006 2702 canonigo

367 2730 394 2764 y
411 2718 601 2754 sacristan
618 2717 667 2753 de
685 2718 721 2753 la
738 2716 910 2752 catedral
928 2720 949 2752 6
969 2717 1185 2765 inquisidor
1202 2717 1266 2754 del
1285 2718 1408 2760 reino,
1429 2717 1576 2763 Miguel
1594 2715 1808 2763 Zanglada,
1827 2715 1964 2763 Felipe
1980 2727 2008 2763 y

368 2778 547 2814 Bautista
560 2777 696 2823 Puigs,
713 2788 740 2824 y
754 2777 790 2812 el
805 2777 874 2812 Dr.
894 2776 1066 2812 Antonio
1084 2778 1246 2813 Serra.»
1262 2776 1809 2822 DAMETo-MUT·ALEMANY,
1822 2774 2011 2811 Historia

363 2837 541 2883 general
557 2836 622 2872 del
643 2836 757 2871 reino
775 2836 823 2871 de
840 2835 1053 2878 Mallorca,
1074 2837 1146 2878 111,
1165 2835 1249 2881 685.

441 2898 456 2917 ²
506 2897 643 2932 Frater
666 2894 862 2931 Antonius
881 2894 1113 2931 Castafieda.
1135 2897 1195 2931 De
1215 2895 1282 2931 illo
1298 2894 1354 2932 ef.
1379 2895 1510 2943 Epist.
1530 2894 1688 2937 Natat„
1715 2895 1748 2940 Ι,
1776 2901 1898 2938 10-12,
1932 2897 2009 2929 etc.
