2228 3548
891 282 914 319 9
938 272 1094 308 Mum
1122 273 1214 317 1566
1786 283 1830 322 17

234 374 267 418 il
280 386 366 418 suo
393 372 571 428 marit03
598 375 683 418 che
705 389 800 418 non
821 373 1085 432 pagariamo
1100 388 1245 418 senon
1261 375 1413 431 quello
1428 377 1516 421 che
1532 375 1817 434 pigliariamo
1833 377 1883 421 di

236 465 372 509 pane,
395 465 423 495 o
444 450 568 504 vino,
594 465 622 495 o
644 451 804 506 brodo,
828 459 938 507 etc.;
963 458 1011 495 et
1031 452 1126 495 cosi
1149 452 1212 496 fu.

331 541 374 572 2.
439 529 506 573 Le
527 528 815 574 serenissime
835 529 995 586 regine
1022 530 1031 551 ¹
1062 528 1109 572 in
1136 530 1358 587 Inspruch
1385 531 1540 575 hanno
1568 530 1776 575 riceuuto
1803 531 1880 575 alli

244 605 381 651 Padri
402 606 544 650 molto
565 605 935 663 benignamente;
961 612 1006 651 et
1027 606 1130 663 quel
1154 606 1316 664 giorno
1338 614 1385 653 et
1405 622 1562 652 mezzo
1582 609 1667 651 che
1695 607 1734 651 si
1763 615 1876 652 trat-

241 691 398 729 tenero
418 683 466 736 li,
491 683 771 727 mandorono
793 689 921 727 tanto
948 684 1362 730 abondantemente
1389 684 1435 728 di
1463 680 1672 742 mangiar
1699 699 1782 741 per
1802 685 1879 729 noi

239 767 416 817 quatro,
441 762 526 806 che
547 763 592 803 n'
618 775 756 806 erano
774 759 982 818 participi
1010 760 1133 805 tutti.
1168 762 1222 807 Li
1252 763 1397 807 nostri
1428 762 1592 808 caualli
1612 777 1738 808 sono
1773 761 1882 807 stati

241 845 369 883 tanto
390 839 482 883 ben
504 837 677 882 trattati
698 843 745 883 et
766 837 1004 881 refocillati
1026 838 1146 883 nella
1161 839 1294 883 stalla
1316 840 1434 902 delle
1455 840 1553 884 loro
1568 840 1775 894 Altezze,
1795 840 1883 885 che

242 915 392 959 insino
419 915 477 959 ad
514 915 730 972 Augusta
762 929 878 958 sono
907 914 1066 959 uenuti
1093 915 1258 972 spediti
1286 923 1333 961 et
1359 916 1534 974 alleg-ri.
1567 916 1807 960 Voleuano
1836 917 1880 962 le

243 993 364 1037 Loro
386 992 593 1046 Altezze‚
618 991 896 1035 intendendo
917 992 1003 1035 che
1024 990 1055 1034 li
1077 991 1241 1036 caualli
1262 1007 1402 1037 erano
1429 993 1615 1046 strachi,
1641 993 1750 1037 dare
1779 992 1882 1036 altri

242 1076 421 1126 quatro,
435 1083 523 1113 con
539 1067 815 1112 emulatione
828 1067 875 1111 di
891 1082 984 1111 non
1000 1082 1151 1112 essere
1168 1076 1380 1126 superate
1393 1069 1512 1113 dalla
1529 1069 1689 1126 regina
1706 1070 1882 1114 duche-

245 1161 294 1190 sa
310 1146 356 1189 di
373 1145 594 1191 Fiorenza
610 1146 643 1199 ¹;
663 1159 737 1189 ma
752 1145 784 1188 il
801 1145 950 1188 Padre
967 1143 1056 1188 mai
1072 1145 1296 1190 consenti:
1311 1152 1359 1190 et
1372 1146 1634 1190 finalmente
1652 1147 1881 1191 uoleuano

246 1224 327 1268 dar
344 1237 437 1267 uno
453 1223 540 1268 che
555 1235 748 1267 uenesse
764 1236 851 1266 con
868 1221 947 1265 noi
964 1221 1114 1265 insino
1130 1237 1156 1266 a
1173 1222 1406 1280 Augusta,
1426 1223 1625 1268 uolendo
1643 1223 1673 1266 il
1693 1223 1840 1267 Padre
1857 1238 1884 1266 0

246 1315 339 1345 non
360 1299 572 1352 uolend03
597 1313 670 1342 ma
692 1299 788 1343 Sua
808 1298 892 1342 Rs*
915 1298 1012 1342 fece
1034 1299 1107 1342 ch'
1132 1298 1163 1342 il
1186 1306 1329 1343 rettor
1356 1299 1544 1356 parlassi
1574 1300 1660 1343 col’
1687 1306 1884 1343 maestro

246 1379 304 1423 de
325 1377 456 1422 stalla
476 1382 523 1420 et
543 1376 588 1420 lo
610 1373 749 1420 facesi
771 1374 922 1419 sicuro
942 1389 1032 1419 non
1056 1375 1198 1419 esser'
1221 1375 1268 1420 di
1290 1375 1500 1434 bisogno,
1519 1383 1566 1420 et
1582 1377 1668 1421 che
1690 1377 1885 1421 essendo

245 1461 367 1500 stato
385 1451 677 1510 dibisognio,
695 1466 747 1498 se
762 1451 880 1496 saria
897 1458 1094 1497 acettata
1110 1453 1154 1496 la
1170 1452 1390 1498 lemosina
1405 1453 1525 1499 delle
1541 1454 1661 1498 Loro
1678 1453 1883 1498 Altezze.

338 1545 380 1587 3.
446 1531 498 1574 In
520 1530 736 1587 Augusta
756 1543 870 1574 sono
891 1528 1000 1574 stati
1019 1529 1214 1574 riceuuti
1236 1529 1267 1573 li
1290 1529 1428 1574 Padri
1449 1531 1593 1574 molto
1623 1530 1883 1575 amoreuol—

248 1614 401 1652 mente
422 1607 496 1651 dal
517 1608 632 1651 R.“¹⁰
659 1606 814 1664 legato
835 1612 882 1651 et
902 1606 978 1650 dal
999 1606 1160 1650 nuntio
1187 1606 1234 1650 di
1262 1607 1358 1652 Sua
1385 1607 1501 1661 SAR,
1534 1607 1608 1651 dal
1636 1606 1888 1651 ambascia-

229 1680 338 1730 *tor’
362 1685 420 1729 de
441 1683 645 1741 Spagnia
666 1684 681 1706 ³
706 1690 795 1729 etc.
821 1684 926 1728 Non
948 1685 1102 1727 hanno
1123 1685 1324 1728 anchora
1344 1684 1518 1741 parlato
1541 1699 1628 1728 con
1651 1685 1745 1729 Sua
1774 1684 1883 1728 M.t²

251 1763 395 1819 Spero
416 1747 503 1805 con
524 1761 568 1804 la
588 1759 744 1804 diuina
760 1759 915 1818 gracia
931 1761 1017 1804 che
1033 1760 1071 1803 si
1090 1761 1183 1804 fara
1201 1761 1342 1804 frutto
1358 1774 1446 1804 con
1462 1760 1635 1818 signori
1653 1760 1824 1804 italiani
1841 1768 1887 1806 et

252 1838 509 1897 spagnuoli,
528 1839 614 1882 che
634 1851 748 1882 sono
765 1836 894 1882 molti
910 1836 958 1880 in
976 1844 1137 1893 questa
1157 1845 1298 1882 corte.
1318 1838 1354 1881 11
1370 1836 1568 1895 Signore
1589 1853 1669 1894 per
1685 1852 1768 1881 sua
1784 1837 1888 1880 infi-

253 1916 348 1961 nita
368 1914 676 1960 misericordia
696 1914 738 1958 ci
759 1914 902 1958 faccia
924 1930 951 1959 a
978 1914 1085 1957 tutti
1102 1914 1355 1972 cortegiani
1370 1914 1488 1959 della
1504 1915 1747 1960 celestiale.
1770 1913 1888 1959 Nelli

252 1992 370 2038 santi
388 1991 597 2037 sacrificii
612 1998 660 2036 et
675 1991 868 2035 orationi
885 1991 943 2036 de
960 1992 1017 2035 V.
1040 1993 1094 2034 Ρ.
1114 1991 1420 2036 dimandiamo
1436 1991 1734 2036 humilmente
1751 1992 1888 2037 esser’

252 2068 604 2123 racc'omandati‚
627 2075 673 2114 et
694 2068 966 2113 similmente
987 2067 1035 2111 in
1057 2068 1195 2124 quelli
1215 2068 1289 2113 del
1311 2070 1366 2113 P.
1391 2068 1557 2123 Mir0n‚
1582 2069 1656 2113 del
1678 2071 1731 2113 P.
1766 2070 1889 2112 Eue-

252 2148 404 2201 rardo,
428 2147 502 2191 del
525 2147 578 2189 Ρ.
605 2144 798 2198 Madrid,
828 2146 903 2190 del
933 2147 986 2189 P.
1021 2145 1236 2199 Polanco‚
1268 2146 1342 2190 del
1370 2147 1424 2190 P.
1456 2145 1790 2202 Ribadeneyra,
1817 2145 1891 2190 del

254 2226 308 2269 P.
335 2221 577 2269 Sebastian
599 2223 615 2243 ⁴
638 2229 685 2266 et
705 2222 764 2266 de
786 2221 892 2265 tutti
914 2221 946 2264 li
967 2221 1220 2266 charissimi
1243 2222 1379 2266 Padri
1399 2229 1446 2267 et
1468 2222 1631 2267 fratelli
1652 2221 1698 2265 di
1729 2223 1887 2274 Roma,

255 2300 577 2358 specialmente
597 2299 671 2343 del
695 2300 746 2342 P.
776 2300 905 2354 Ruyz
929 2300 944 2321 ⁵
967 2306 1013 2342 et
1033 2299 1108 2342 del
1131 2300 1183 2342 P.
1211 2298 1383 2345 Xauier
1404 2301 1420 2323 ⁶
1443 2314 1531 2343 con
1548 2300 1592 2343 le
1607 2300 1704 2342 loro
1721 2299 1891 2343 deuote

257 2377 439 2422 familie.
462 2378 556 2422 Sua
577 2375 746 2419 Diuina
763 2377 937 2420 Maesta
957 2375 999 2418 ci
1020 2375 1094 2418 dia
1115 2376 1159 2419 la
1179 2390 1263 2420 sua
1283 2377 1542 2421 abondante
1564 2375 1711 2433 gratia
1732 2375 1791 2418 da
1812 2389 1891 2418 co·

260 2469 456 2512 gnoscer
478 2467 653 2510 sempre
673 2453 717 2496 la
738 2467 822 2496 sua
838 2451 1095 2496 santissima
1113 2453 1298 2497 uolonta
1313 2461 1361 2498 et
1376 2454 1526 2511 quella
1543 2454 1894 2510 perfettamente

329 2608 342 2630 ¹
392 2607 514 2644 Filiae
532 2604 767 2643 Ferdinandi
785 2606 815 2652 Ι,
836 2604 988 2641 scilieet
1006 2604 1251 2650 Magdalena,
1268 2606 1478 2653 Margarita
1495 2611 1536 2642 et
1553 2606 1725 2642 Helena.

327 2669 342 2690 ²
392 2668 556 2714 Joanna,
575 2666 654 2703 filia
678 2663 915 2702 Ferdinandi
938 2663 971 2710 1,
1002 2663 1209 2706 Francisco
1239 2664 1430 2710 Mediceo,
1459 2664 1626 2713 principi
1657 2663 1895 2711 Florentiae,

203 2726 207 2730 ’
257 2731 393 2774 nupta.
470 2728 479 2734 “

326 2786 341 2807 ³
390 2785 559 2821 Thomas
582 2784 772 2819 Perrenot
794 2782 843 2818 de
868 2781 1114 2829 Chantonay,
1140 2780 1260 2819 frater
1283 2782 1490 2819 cardinalis
1522 2782 1685 2818 Antonii
1708 2782 1897 2818 Perrenot

255 2843 306 2880 de
323 2844 549 2880 Granvell'e.
933 2843 948 2864 ⁴
997 2840 1150 2885 Romei‚
1167 2847 1296 2878 rector
1312 2842 1470 2889 collegii
1487 2841 1656 2878 romani.

330 2905 345 2925 ⁵
395 2903 618 2950 Alphonsus
635 2901 748 2945 Ruiz,
776 2901 963 2948 magister
987 2899 1222 2936 novitiorum
1245 2901 1286 2938 in
1310 2901 1489 2938 tirocinio
1508 2902 1553 2937 S.
1578 2900 1774 2937 Andreae.
1795 2901 1898 2937 SAC-

260 2970 431 3009 CHINUS,
452 2962 531 2997 loe.
549 2961 631 3005 cit.,
652 2966 762 3008 parte
780 2961 853 3007 ΙΙΙ,
871 2960 941 2996 lib.
961 2960 991 3005 1,
1013 2971 1052 2995 n.
1072 2967 1131 3005 54.

335 3022 350 3043 ⁶
400 3021 572 3067 Joannes
595 3019 755 3064 Xavier,
775 3019 996 3067 junioribus
1021 3018 1264 3055 scholasticis
1287 3020 1444 3067 collegii
1475 3018 1624 3056 romani
1654 3017 1897 3065 praefectus.

268 3079 529 3123 SAccfflNus‚
548 3077 644 3114 ibid.

413 3143 528 3172 Emsr.
549 3143 589 3172 Ρ.
613 3143 745 3178 Naum..
765 3150 845 3173 rou.
869 3141 929 3171 111.
1749 3141 1766 3168 2
