2228 3548
435 237 506 266 vm
866 228 1128 266 Pnoonmmr
1154 235 1296 263 'maru
1322 234 1552 264 vorumms

393 331 573 376 maniae
596 330 828 388 regiones,
854 330 961 374 hinc
984 331 1041 374 ab
1066 330 1299 375 haeretica
1321 330 1439 383 labe,
1466 329 1574 374 inde
1591 344 1618 373 a
1636 337 1870 373 turcarum
1887 329 2044 375 incur-

388 415 543 469 sibus,
590 415 848 467 divexatas,
894 414 1051 458 oculos
1094 420 1366 458 convertere
1385 447 1394 466 ,
1442 420 1491 456 ut
1534 413 1744 474 religioni
1787 413 2042 461 catholicae

391 499 586 543 maxime
624 498 899 556 periclitanti
937 513 1071 555 opem
1105 497 1522 554 praesentissimam
1555 499 1753 543 afferret.
1789 500 2042 556 Imperator

390 582 727 627 Maximilianus
750 583 803 634 ΙΙ,
830 589 881 624 ut
904 581 989 624 sibi
1013 596 1093 638 pro
1115 581 1236 625 bello
1259 588 1419 625 contra
1443 588 1600 625 turcas
1621 582 1826 626 subsidia
1847 596 2038 640 compa—

390 673 526 718 raret,
554 673 832 709 conventum
857 667 1102 721 Augustae
1124 663 1468 708 Vindelicorum
1485 664 1706 718 edixerat,
1726 664 1773 708 in
1790 680 1882 722 quo
1900 665 2039 711 etiarn

390 727 454 794 de¹
470 748 704 806 religionis
728 749 927 805 negotiis
945 748 1215 806 agitandum
1235 747 1405 805 passim
1426 748 1545 792 fama
1562 749 1883 806 spargebatur.
1905 750 2044 796 Sum-

391 847 491 875 mus
515 832 738 889 pontifex,
767 840 817 875 ut
839 833 1017 875 nullum
1049 847 1131 889 pro
1159 831 1385 876 catholica
1414 832 1505 877 fide
1537 834 1708 878 tuenda
1739 833 1936 891 lapidem
1954 848 2048 878 non

391 923 611 970 moveret,
641 916 862 960 «consilio
884 924 930 961 et
949 916 1119 960 auxilio
1137 916 1381 962 Societatis
1398 931 1449 960 se
1469 917 1587 962 velle
1608 917 1699 960 uti»
1722 923 1885 962 sancto
1902 918 2049 962 Fran-

391 999 514 1042 cisco
539 999 736 1056 Borgiae
758 999 1036 1056 significavit
1059 1000 1115 1057 (3)
1145 1002 1170 1043 ¹.
1197 1000 1316 1044 Cum
1339 1000 1461 1045 enirn
1490 1015 1596 1044 eum
1628 1001 1802 1058 Borgia
1833 999 2047 1047 «adiisset

393 1091 440 1128 et
462 1082 786 1136 obedientiam,
811 1098 895 1127 suo
918 1091 963 1129 et
987 1084 1127 1128 totius
1151 1084 1395 1129 Societatis
1418 1085 1617 1138 nomine,
1644 1084 1767 1129 circa
1785 1084 2042 1138 missiones,

396 1182 478 1224 pro
501 1166 698 1211 instituti
721 1167 866 1211 nostri
889 1167 1082 1222 ratione,
1115 1167 1372 1222 obtulisset,
1406 1169 1684 1213 commoveri
1711 1169 1822 1214 visa·
1839 1176 1949 1214 sunt
1976 1169 2048 1213 vi-

397 1265 527 1295 scera
548 1251 716 1294 summi
739 1251 989 1309 pontificis,
1014 1260 1061 1296 et
1084 1260 1347 1310 pergratam
1371 1268 1471 1298 eam
1499 1253 1780 1298 oblationem
1809 1253 1897 1298 sibi
1926 1268 2048 1299 acci·

398 1336 507 1380 dere
529 1335 828 1392 significauit;
862 1350 915 1379 ac
945 1336 991 1380 in
1021 1336 1317 1381 Germaniam
1355 1338 1412 1381 ad
1450 1338 1620 1383 dietam
1658 1338 1835 1396 imperii
1872 1338 2052 1395 aliquos

401 1419 525 1462 viros
547 1420 758 1472 selectos,
784 1427 831 1462 et
853 1419 901 1463 in
923 1419 1034 1463 alias
1056 1420 1332 1465 Germaniae
1354 1429 1508 1479 partes
1531 1422 1643 1467 alios
1674 1422 1923 1467 mittendos
1951 1436 2054 1467 esse

401 1502 598 1555 censuit,
624 1510 671 1547 et
694 1504 988 1560 cathalogum
1010 1504 1097 1547 sibi
1119 1504 1218 1548 dari
1240 1505 1370 1562 petiit
1393 1520 1569 1560 eorum,
1595 1506 1674 1564 qui
1704 1507 1759 1550 ad
1790 1506 2058 1563 hujusmodi

403 1586 642 1630 missiones
664 1587 816 1632 idonei
838 1588 1149 1632 viderentur».
1177 1589 1317 1634 Dedit
1334 1590 1376 1635 ei
1394 1591 1658 1648 catalogum
1678 1591 1848 1649 Borgia
1865 1590 2058 1648 triginta

406 1671 500 1714 fere
523 1670 850 1726 operariorum;
877 1679 923 1716 et
945 1685 1002 1715 ex
1025 1671 1077 1716 iis
1096 1671 1408 1730 Hieronymus
1425 1673 1601 1718 Natalis
1622 1682 1668 1718 et
1683 1675 1887 1733 Jacobus
1906 1674 2057 1721 Lede-

406 1769 502 1798 sma
523 1754 681 1799 selecti
698 1761 822 1809 sunt,
844 1750 922 1811 qui
945 1755 1194 1800 conventui
1218 1765 1480 1814 augustano
1501 1758 1777 1804 interessent
1795 1760 1854 1817 (3,
1875 1771 1921 1815 4,
1948 1770 2052 1815 753,
2091 1757 2093 1761 ’

406 1838 525 1895 754).
552 1838 682 1882 Alios
704 1839 751 1883 in
773 1839 883 1884 alias
905 1847 1057 1897 partes
1081 1841 1327 1886 mittendos
1349 1842 1528 1887 curavit
1550 1843 1758 1900 pontifex
1782 1843 1907 1901 (3,4).

498 1923 665 1975 Natali,
691 1937 799 1966 cum
822 1924 1046 1969 Ledesma
1062 1924 1107 1968 in
1126 1926 1425 1970 Germaniam
1442 1927 1769 1984 proficiscenti,
1790 1927 2059 1972 instructio-

409 2020 491 2050 nes
515 2006 684 2062 Borgia
707 2006 847 2050 tradit
868 2006 1094 2064 sapientia
1116 2015 1162 2051 et
1184 2010 1428 2066 prudentia
1451 2011 1627 2067 plenas,
1655 2018 1754 2055 tum
1783 2012 1842 2056 ad
1868 2011 2061 2069 pontifi-

408 2090 475 2134 cis
497 2091 712 2134 mandata
740 2105 879 2147 quam
908 2092 1248 2139 accuratissime
1276 2096 1547 2151 exequenda
1576 2097 1709 2154 (3-5),
1742 2103 1839 2140 tum
1869 2096 1928 2140 ad
1955 2110 2063 2154 pro-

411 2174 667 2218 vinciarum
689 2174 981 2228 Germaniae,
1014 2176 1231 2221 Austriae
1260 2185 1306 2223 et
1336 2179 1486 2223 Rheni
1513 2180 1831 2226 lustrationem
1865 2180 2063 2226 maximo

410 2257 611 2314 ipsarum
636 2258 790 2301 fructu
812 2265 857 2303 et
879 2269 1105 2315 proventu
1127 2261 1451 2318 perficiendam
1483 2264 1612 2321 (5-9).
1651 2265 1715 2309 Ut
1742 2271 1899 2310 autem
1927 2263 2058 2318 nihil,

412 2341 535 2398 quod
567 2341 624 2384 ad
658 2340 836 2386 felicem
867 2343 1041 2387 exitum
1069 2353 1324 2390 conventus
1354 2348 1602 2404 augustani
1641 2350 1851 2394 conferre
1883 2355 2057 2406 posset,

413 2424 866 2481 praetermitteretur,
891 2427 1074 2471 duobus
1093 2428 1296 2486 hispanis
1315 2433 1487 2476 Beatus
1505 2433 1673 2477 Petrus
1691 2432 1920 2487 Canisius,
1939 2447 2058 2490 pon-

413 2506 548 2552 tificis
570 2508 722 2564 jussu,
755 2509 1001 2565 adjunctus
1033 2512 1134 2565 fuit,
1170 2514 1302 2569 cujus
1335 2529 1534 2572 operam,
1571 2530 1677 2560 cum
1709 2515 1867 2573 primis
1898 2508 2058 2570 utilem

413 2591 664 2636 catholicae
686 2592 913 2650 religioni,
940 2595 1129 2640 summis
1151 2597 1362 2642 laudibus
1384 2600 1634 2656 extollebat
1650 2600 1893 2646 cardinalis
1910 2601 2062 2647 Amu-
2095 2652 2098 2654 ,

415 2673 518 2728 lius,
545 2676 763 2720 cardinali
787 2677 1132 2723 Commendono
1154 2681 1359 2727 scribens
1383 2685 1519 2741 (753).

505 2759 704 2804 Maxima
727 2775 878 2805 rerum
901 2763 1146 2819 Augustae
1168 2767 1476 2823 gerendarum
1498 2768 1745 2813 difficultas
1766 2768 1814 2812 in
1836 2782 1892 2814 eo
1907 2782 2065 2812 versa-

489 2901 498 2921 ¹
550 2903 606 2938 Ut
622 2914 685 2938 res
703 2903 744 2939 in
767 2904 841 2940 hoc
867 2906 1067 2952 prooemio
1091 2907 1286 2944 indicatae
1315 2909 1471 2947 facilius
1495 2911 1666 2948 inveniri
1695 2910 1864 2971 possint,
1895 2910 2065 2959 singulis

414 2959 497 2997 fere
527 2962 780 3010 paragraphis
804 2975 989 3000 numeros
1014 2967 1169 3003 uncinis
1193 2968 1365 3005 inclusos
1396 2969 1644 3017 subjicimus,
1675 2971 1744 3018 qui
1768 2958 1937 3018 paginas
1963 2969 2062 3007 indi-

410 3025 518 3064 cant,
537 3021 606 3059 ubi
624 3022 780 3068 singula
798 3030 1031 3070 argumenta
1049 3030 1280 3065 tractantur.
