2228 3548
981 247 1205 285 APlemx
1790 250 1861 297 805

273 362 403 400 uum,
434 354 484 389 vt
510 347 601 391 illic
629 348 716 392 isto
742 349 946 394 aduentu
974 349 1219 395 conciones
1246 351 1305 394 ad
1340 352 1560 408 populum
1597 352 1832 405 haberem,
1847 351 1850 354 ⁴
1863 358 1914 398 et

238 455 242 459 ,
276 407 375 463 ipse
405 407 703 451 Cameracum
730 407 880 453 rediit.
914 409 1092 453 Interea
1121 409 1262 453 abbas
1293 411 1684 466 aquaecinctensis
1713 425 1768 456 co
1802 425 1912 455 sen-

278 480 381 510 sum
404 480 589 510 suorum
610 469 936 524 monachorum
957 467 1102 524 petiit,
1127 483 1262 524 quem
1284 470 1496 523 obtinuit,
1521 470 1706 516 nemine
1725 485 1751 514 c
1816 477 1911 515 tra-

279 525 478 578 dicente,
505 533 553 568 vt
575 526 818 584 collegium
839 526 1056 572 Societati
1077 527 1331 584 erigeretur
1352 542 1458 572 cum
1479 529 1660 574 redditu
1682 529 1804 574 mille
1825 531 1913 573 flo-

281 599 511 637 renorum,
538 591 584 629 et
605 593 838 641 praeterea
859 585 973 630 aliae
999 587 1119 631 duae
1145 587 1449 631 habitationes
1476 604 1503 632 a
1529 589 1724 646 collegio
1751 595 1912 651 nostro

279 643 537 697 distinctae,
563 645 704 688 altera
724 660 807 701 pro
828 645 1138 690 sacerdotibus
1162 646 1326 691 futuris
1353 647 1628 703 pastoribus,
1659 649 1801 692 altera
1827 663 1912 706 pro

277 703 643 807 agollfsqentibus
684 704 952 749 studiosis...
991 705 1172 751 Scribet
1210 706 1300 751 late
1335 707 1389 751 P.
1428 706 1604 751 Natalis
1639 708 1697 751 de
1732 709 1820 751 hac
1861 722 1912 752 re

276 777 305 805 a
402 799 411 808 .

1043 884 1147 927 LXI

440 976 719 1013 EXCERPTA
744 976 813 1012 EX
838 975 1094 1014 HISTORIA
1120 976 1370 1015 COLLEGII
1394 977 1749 1016 LOVANIENSIS

928 1060 1068 1104 Anno
1095 1062 1206 1116 1567
1228 1063 1258 1106 ¹.

684 1153 846 1191 Natalis
859 1154 1072 1202 collegium
1091 1154 1319 1192 lovaniense
1337 1155 1499 1193 lustrat.

370 1238 509 1283 Anno
536 1239 669 1293 1567,
696 1240 748 1282 P.
781 1237 1089 1294 Hieronymus
1116 1238 1292 1283 Natalis
1318 1253 1422 1282 cum
1451 1241 1505 1283 P.
1530 1237 1743 1283 Ximenio
1771 1237 1913 1282 colle-

281 1298 411 1356 gium
433 1299 522 1341 hoc
542 1297 741 1341 visitavit
763 1304 824 1351 et,
844 1298 966 1353 quod
981 1297 1028 1341 in
1049 1312 1107 1341 eo
1124 1298 1424 1351 obedientiae,
1444 1297 1692 1350 charitatis,
1713 1311 1766 1340 ac
1787 1311 1912 1340 mor-

280 1356 542 1401 tificationis
559 1357 759 1400 studium
780 1356 1066 1413 potissimum
1087 1357 1280 1414 vigeret,
1300 1372 1467 1414 magna
1483 1372 1534 1402 se
1549 1358 1784 1413 voluptate
1806 1370 1912 1412 per-

279 1417 410 1460 fundi
431 1431 569 1472 saepe
590 1423 783 1461 testatus
804 1423 889 1469 est,
909 1417 1022 1460 adeo
1045 1423 1095 1459 ut
1123 1417 1199 1460 hic
1220 1425 1441 1473 perpetuo
1462 1417 1631 1473 degere
1653 1421 1908 1472 exoptaret;

276 1491 348 1528 ae,
368 1490 449 1520 seu
473 1483 522 1518 ut
543 1475 692 1518 victus
713 1475 854 1518 nostri
876 1475 1162 1532 asperitatem
1186 1476 1233 1519 ui
1253 1476 1536 1520 voluntariae
1552 1475 1796 1532 patientiae
1813 1489 1911 1517 ma—

277 1535 436 1579 teriam
458 1536 674 1588 traheret,
699 1548 780 1577 seu
801 1542 852 1577 ut
873 1536 1080 1592 exemplo
1101 1535 1249 1579 socios
1275 1536 1581 1588 confirmaret,
1607 1542 1704 1578 atro
1727 1549 1845 1590 pane
1868 1539 1914 1576 et

278 1594 437 1647 veteri,
462 1601 664 1650 potuque
685 1593 981 1637 frumentario
1003 1594 1070 1637 uti
1097 1596 1235 1638 homo
1258 1594 1474 1651 hispanus
1503 1593 1723 1646 instituit3
1748 1607 1911 1636 verum

278 1668 383 1696 cum
401 1653 779 1697 animadverteret
795 1660 944 1698 rector
960 1652 1058 1698 eius
1074 1653 1290 1698 inusitata
1310 1656 1394 1698 hac
1413 1653 1743 1711 peregrinaque
1759 1652 1911 1695 diaeta

278 1713 413 1756 atteri
434 1712 570 1766 vires,
594 1727 647 1755 ea
668 1711 747 1764 illi,
773 1713 830 1755 ad
851 1712 995 1756 morbi
1016 1714 1142 1769 quod
1161 1713 1425 1758 imminebat
1453 1713 1706 1769 periculum
1725 1711 1912 1767 propul-

279 1772 489 1825 sandum,
513 1771 758 1816 interdixit.
787 1773 852 1814 Eo
875 1779 1128 1828 praesente,
1147 1779 1276 1816 actus
1298 1772 1372 1816 hic
1394 1771 1679 1830 provincialis
1708 1784 1911 1814 conven—

280 1838 372 1884 tus,
396 1830 441 1874 in
465 1845 555 1886 quo
585 1832 637 1874 P.
663 1830 997 1875 Maximilianus
1024 1832 1210 1888 Capella
1239 1832 1499 1888 provinciae
1530 1832 1668 1876 rebus
1699 1829 1913 1874 curandis

280 1890 407 1934 Patri
427 1889 629 1947 generali
651 1890 932 1934 declarandis
953 1897 1024 1934 est
1045 1891 1273 1936 electus...

1031 2022 1154 2065 LXII

502 2108 572 2143 EX
598 2107 835 2144 LITTERIS
862 2108 1062 2146 ANNUIS
1089 2108 1339 2148 COLLEGII
1366 2108 1681 2146 AUGUSTANI

927 2192 1066 2236 Anno
1094 2193 1204 2247 1567
1221 2193 1255 2238 ².

687 2279 821 2315 Multa
838 2292 863 2315 α
881 2279 1024 2316 Natali
1035 2282 1260 2328 prudenter
1276 2282 1506 2318 constituta.

447 2363 589 2407 Rdus.
616 2365 752 2408 Pater
772 2362 976 2407 visitator
997 2369 1238 2420 antequam
1257 2364 1529 2409 Germaniae
1556 2361 1779 2406 inferioris
1800 2375 1907 2417 par-

280 2428 350 2468 tes
371 2429 560 2478 peteret,
585 2423 727 2465 multa
746 2437 828 2479 pro
849 2437 933 2466 sua
952 2423 1190 2479 prudentia
1205 2424 1439 2468 constituit
1460 2422 1586 2466 utilia
1607 2422 1679 2465 vel
1695 2434 1906 2464 necessa·

279 2481 348 2525 ria
379 2481 456 2524 hic
487 2481 782 2538 degentibus,
812 2481 890 2538 qui
916 2496 1094 2538 semper
1125 2483 1219 2528 fere
1250 2485 1336 2527 hoc
1366 2498 1487 2527 anno
1516 2488 1689 2537 septem
1716 2479 1902 2532 fuimus,

278 2542 539 2585 sacerdotes
561 2548 668 2594 tres,
694 2540 853 2596 reliqui
873 2540 991 2584 laici.

346 2647 356 2667 ¹
408 2648 466 2682 Ex
483 2646 631 2693 codiee,
649 2647 713 2683 cui
730 2646 881 2683 titulus:
900 2647 1087 2682 Historia
1103 2648 1264 2696 collegii
1277 2646 1591 2693 Societatissesu
1608 2645 1904 2689 Lovanii1542-

269 2705 384 2751 1695,
403 2705 444 2741 in
462 2706 667 2741 «Archivis
684 2706 934 2752 generalibus
952 2706 1103 2752 regni»,
1120 2707 1330 2752 Bruxellis,
1348 2706 1415 2742 fol.
1435 2715 1478 2742 21
1498 2718 1540 2741 v.
1565 2706 1651 2740 Hoc
1675 2714 1886 2739 monumen

267 2769 354 2800 tum
371 2764 484 2800 nobis
502 2764 746 2812 transcripsit
762 2764 839 2801 Ed.
868 2764 1022 2801 Laloire
1043 2776 1097 2801 ex
1121 2765 1258 2803 codiee
1279 2767 1413 2804 citato.
1439 2764 1540 2801 Vide
1564 2763 1680 2811 epist.
1706 2771 1791 2808 5103
1817 2770 1901 2808 512:

271 2823 356 2870 5133
375 2829 415 2859 et
434 2824 516 2869 518.

342 2885 356 2905 ²
406 2883 466 2918 Ex
486 2881 585 2918 Cod.
609 2892 662 2926 29
675 2882 739 2930 g),
761 2881 830 2918 266
850 2881 964 2930 (436).
