2228 3548
978 305 1199 341 APPENDIX
1747 322 1753 326 ¹
1782 308 1849 355 781

365 419 402 450 Ι.
468 406 760 463 Experientia
777 413 909 459 teste,
929 406 1171 450 didicimus
1187 406 1448 450 huiusmodi
1464 408 1702 455 missiones
1717 409 1764 453 in
1779 411 1901 456 Ger-

269 465 436 519 mania,
461 466 567 510 licet
589 467 647 508 ad
668 480 838 522 paucos
859 465 995 510 etiam
1025 480 1206 509 menses
1234 467 1361 520 fiant,
1393 467 1559 512 nostris
1589 470 1903 514 sacerdotibus

270 533 319 570 et
339 525 454 578 aliis,
478 526 556 580 qui
578 526 836 578 mittuntur,
861 525 1138 581 periculosas
1158 540 1275 579 esse,
1297 533 1345 568 vt
1360 541 1576 583 magnum
1595 528 1700 572 inde
1719 529 1904 586 capiant

272 585 457 642 spiritus
484 585 827 637 detrimentum,
858 584 1120 640 praesertim
1153 586 1210 627 ob
1241 599 1531 630 communem
1563 587 1682 630 illam
1716 603 1899 644 germa-

274 659 434 687 norum
457 643 504 687 in
532 644 760 687 communi
791 618 916 686 victu
948 644 1218 687 libertatem.
1253 646 1410 700 ltaque
1440 646 1572 690 valde
1603 649 1901 692 metuendum

272 703 470 756 videtur,
495 718 553 746 ne
575 703 698 747 missi
716 703 916 759 plerique
934 711 1209 756 nostrorum,
1229 704 1492 759 praesertim
1511 707 1567 748 ad
1584 706 1790 751 homines
1806 722 1901 751 non

272 764 534 817 catholicos,
560 762 630 806 sui
652 762 798 819 magis
819 762 1038 806 iacturam
1060 762 1244 816 faciant,
1269 777 1405 819 quam
1427 763 1527 807 aliis
1558 767 1749 810 afferant
1777 767 1899 810 vtili-

274 830 427 865 tatem.
1600 871 1605 874 ,

361 893 403 924 2.
471 883 647 924 Paucos
668 879 944 934 inuenimus,
968 880 1045 935 qui
1067 881 1197 924 dotes
1218 881 1275 923 ad
1295 882 1414 924 hanc
1443 881 1702 927 missionem
1736 899 1897 929 neces·

272 941 412 984 sarias
434 941 647 991 habeant,
672 946 833 995 vtpote
856 939 1105 982 doctrinam
1128 939 1350 983 eiusmodi
1372 941 1766 987 concionatoribus
1787 958 1898 987 con-

272 1000 548 1052 uenientem;
574 998 765 1065 gratiam
787 1005 833 1041 et
855 998 1169 1042 dexteritatem
1198 998 1245 1040 in
1275 1002 1603 1055 conuersando;
1638 1003 1822 1058 spiritus
1853 1010 1902 1047 et

272 1074 447 1102 morum
472 1057 744 1115 grauitatem
762 1057 835 1100 his
852 1056 1132 1112 temporibus
1149 1064 1195 1101 et
1212 1058 1321 1100 locis
1338 1068 1681 1115 congruentem3
1703 1069 1748 1106 et
1765 1077 1899 1118 prae-

273 1125 411 1171 terea,
438 1132 553 1172 quae
582 1117 702 1173 apud
731 1131 974 1173 germanos
994 1116 1235 1172 plurimum
1269 1117 1404 1169 valet,
1439 1096 1681 1173 eloquendi
1711 1128 1757 1165 et
1787 1135 1897 1165 con-

273 1177 485 1221 cionandi
507 1184 709 1233 paratam
733 1176 1008 1219 facultatem.
1036 1177 1185 1228 Vnde,
1217 1175 1294 1231 qui
1326 1176 1577 1220 mediocres
1608 1193 1708 1224 esse
1736 1188 1901 1223 notan-

276 1247 348 1280 tur
375 1236 421 1279 in
448 1237 673 1292 catalogo,
704 1235 931 1291 plerisque
967 1234 1015 1276 in
1052 1235 1179 1287 locis,
1214 1235 1271 1278 ad
1303 1249 1420 1291 quae
1451 1236 1704 1291 mittentur,
1739 1254 1899 1294 parum

274 1295 393 1352 grati
414 1303 459 1340 et
479 1295 611 1338 vtiles
632 1294 728 1337 fore
748 1294 977 1338 videntur.

365 1368 406 1410 3.
471 1354 563 1410 Qui
586 1360 693 1397 sunt
723 1368 779 1398 ex
806 1352 877 1396 his
904 1351 1034 1420 primi
1056 1352 1226 1395 ordinis
1248 1359 1294 1397 et
1314 1352 1499 1409 reliquis
1529 1356 1899 1420 praestantiores,

273 1415 388 1458 adeo
408 1413 649 1457 necessarii
670 1412 914 1455 videntur
903 1427 949 1454 m
971 1411 1204 1468 prouincia
1225 1418 1272 1456 et
1293 1412 1550 1479 collegiis,
1540 1429 1585 1456 in
1608 1415 1772 1469 quibus
1788 1430 1897 1460 con-

272 1473 511 1517 cionantur
531 1480 610 1515 aut
632 1473 901 1528 profitentur
921 1471 1160 1523 ordinarie,
1186 1479 1234 1513 vt
1255 1471 1342 1514 illis
1364 1472 1499 1516 etiam
1523 1475 1579 1515 ad
1608 1475 1748 1518 breue
1782 1483 1893 1519 tem-

270 1547 358 1589 pus
393 1547 564 1584 carere,
602 1546 819 1586 magnum
856 1537 902 1574 et
938 1531 1168 1586 publicum
1206 1531 1528 1575 detrimentum
1561 1534 1696 1576 rebus
1729 1535 1899 1578 nostris

272 1593 444 1636 afferat.
469 1592 565 1635 Nec
587 1591 665 1634 flet
686 1591 813 1643 illud,
843 1598 893 1632 vt
921 1590 1148 1643 timemus,
1179 1589 1277 1633 sine
1305 1597 1597 1646 patronorum
1627 1594 1895 1648 offensione,

271 1650 348 1707 qui
370 1650 500 1694 facile
521 1649 651 1693 nobis
678 1649 907 1702 obiicient,
940 1664 989 1694 se
1017 1663 1108 1692 non
1139 1649 1289 1692 minus
1325 1649 1369 1692 in
1402 1651 1472 1693 his
1503 1651 1598 1694 suis
1629 1652 1891 1706 ditionibus,

215 1740 221 1741 ff
270 1725 405 1766 quam
428 1709 570 1753 alios
559 1724 606 1752 1n
627 1709 726 1752 aliis
748 1708 1009 1765 prouinciis,
1035 1708 1239 1751 laborare
1257 1708 1445 1764 penuria
1462 1711 1829 1755 concionatorum
1848 1720 1895 1755 et

272 1770 593 1835 professorum.
627 1770 720 1812 Imo
747 1768 967 1811 eiusmodi
995 1767 1172 1823 patroni
1201 1769 1286 1811 hac
1315 1768 1551 1813 occasione
1580 1770 1756 1824 irritati,
1788 1786 1892 1838 per-

270 1836 384 1885 gent
406 1828 566 1885 magis,
591 1835 640 1870 vt
662 1834 927 1883 coeperunt,
953 1842 1132 1883 Vrgere,
1157 1833 1206 1868 vt
1227 1827 1419 1870 demus'
1409 1828 1515 1883 ipsis
1538 1829 1686 1872 varios
1708 1830 1893 1873 concio-

270 1895 452 1931 natores
472 1889 527 1930 ad
550 1902 643 1931 rem
666 1885 965 1930 catholicam
955 1901 1000 1928 in
1028 1886 1123 1929 suis
1154 1885 1422 1940 quibusdam
1456 1888 1663 1944 collapsis
1691 1889 1896 1934 ecclesiis

272 1946 520 1991 restituend
526 1961 595 1989 am
604 1981 613 1989 .

361 2018 404 2059 4.
470 2004 758 2061 Experientia
779 2005 916 2049 docet
938 2003 1013 2046 vix
1034 2004 1172 2046 vllum
1196 2003 1418 2048 nouitium
1441 2020 1496 2048 ex
1519 2007 1748 2060 germanis
1770 2008 1895 2050 adul-

273 2064 329 2108 tis
350 2064 397 2107 in
418 2065 489 2107 his
509 2064 619 2108 locis
641 2065 697 2108 ad
719 2070 924 2107 nostrum
946 2063 1162 2106 accedere
1189 2063 1461 2107 institutum.
1495 2066 1642 2118 Vnde,
1675 2077 1764 2109 non
1796 2066 1898 2110 sine

269 2123 449 2180 magnis
469 2117 740 2179 sumptibus,
766 2122 946 2165 aliunde
968 2121 1175 2178 cogimur
1196 2129 1350 2178 petere
1371 2130 1417 2166 et
1439 2123 1643 2180 accipere
1666 2126 1893 2180 professo-

271 2197 358 2250 res,
382 2182 459 2237 qui
482 2183 630 2225 adhuc
650 2181 761 2225 satis
783 2195 883 2226 esse
906 2195 994 2223 non
1019 2188 1223 2236 possunt:
1249 2195 1397 2238 eoque
1418 2182 1644 2226 difficilius
1661 2184 1745 2227 elit
1761 2184 1892 2228 inue-

269 2241 382 2293 nire,
407 2256 521 2296 quos
542 2241 870 2284 substituamus
892 2240 1166 2283 abeuntibus
1187 2241 1415 2294 Patribus,
1437 2242 1514 2297 qui
1530 2243 1857 2299 plaerumque
1846 2260 1893 2287 m

269 2299 434 2344 scholis
455 2299 621 2343 nostris
642 2300 773 2342 valde
794 2305 902 2342 sunt
922 2299 1145 2366 occupati.

361 2370 402 2414 5.
468 2359 563 2402 Etsi
585 2359 826 2414 probamus
853 2357 971 2414 piam
1002 2357 1071 2401 Pii
1099 2357 1324 2414 pontificis
1355 2367 1568 2412 mentem,
1604 2360 1680 2414 qui
1713 2368 1896 2404 nostros

270 2418 333 2461 ita
354 2417 479 2474 cupit
500 2418 546 2460 in
568 2432 758 2462 messem
782 2417 1085 2473 germanicam
1109 2419 1365 2472 extrudere;
1386 2426 1534 2462 tamen
1556 2420 1816 2462 dubitamus
1833 2435 1892 2463 an

271 2479 441 2521 Romae
463 2477 571 2520 satis
591 2476 819 2532 cognitam
840 2477 1038 2519 habeant
1054 2477 1329 2522 Germaniae
1344 2478 1734 2530 consuetudinem,
1757 2493 1892 2534 quam

271 2551 354 2580 nos
385 2536 430 2578 in
458 2536 554 2580 dies
583 2535 852 2591 experimur.
884 2537 995 2586 Nos,
1029 2535 1158 2578 saluo
1188 2550 1366 2604 semper
1396 2533 1677 2582 obedientiae
1709 2545 1897 2582 sanctae

270 2596 501 2641 mandato
525 2595 636 2637 illud
657 2595 752 2638 fore
773 2594 1083 2650 prouidemus,
1107 2602 1158 2636 vt
1177 2594 1301 2639 missi
1322 2611 1348 2640 e
1374 2597 1540 2639 nostris
1568 2597 1748 2651 quidam
1778 2611 1893 2640 con-

272 2655 541 2705 cionatores,
566 2653 719 2696 multis
739 2653 874 2697 etiam
897 2652 1130 2697 mensibus
1151 2654 1284 2697 fidem
1307 2662 1330 2682 a
1354 2663 1400 2698 et
1423 2655 1741 2698 authoritatem
1771 2657 1891 2711 apud

271 2715 505 2770 populum,
525 2713 655 2756 valde
670 2726 794 2755 nunc
815 2712 1078 2755 seditiosum
1100 2720 1146 2755 et
1162 2714 1453 2769 plaerumque
1470 2715 1634 2757 nostris
1656 2714 1890 2768 infestum,

271 2772 355 2816 sibi
377 2781 422 2816 et
444 2772 676 2815 doctrinae
702 2771 952 2815 catholicae
979 2771 1218 2816 conciliare
1244 2775 1335 2816 nOn
1368 2774 1554 2828 possint.
1591 2773 1768 2817 Deinde
1800 2789 1891 2817 non

269 2831 450 2875 dabitur
471 2830 557 2874 illis
578 2830 875 2873 concionandi
897 2831 1024 2873 locus
1046 2837 1092 2873 et
1113 2837 1308 2887 tempus,
1331 2832 1416 2875 nisi
1441 2832 1565 2875 festis
1589 2840 1762 2874 tantum
1791 2833 1891 2876 die-

268 2892 355 2934 bus
376 2890 422 2933 in
444 2889 650 2933 ecclesia.
678 2891 746 2943 3.⁰
767 2889 1072 2945 Impedientur
1094 2897 1357 2946 magnatum
1380 2891 1667 2943 authoritate,
1694 2891 1769 2946 qui
1788 2907 1891 2946 pas-

266 2950 351 2993 sim
375 2950 540 3006 populo
563 2948 827 3004 religionem
849 2955 1085 3003 vtramque
1105 2949 1292 2994 liberam
1316 2950 1591 3006 relinquunt,
1623 2964 1713 3006 quo
1741 2950 1893 2994 minus

339 3095 360 3115 a
397 3085 582 3133 Sequitur
598 3085 674 3121 sibi
690 3085 739 3121 ab
756 3084 841 3132 ipso
857 3083 1114 3131 Theodorioe,
1131 3089 1176 3121 ut
1191 3085 1361 3132 videtur,
1382 3086 1644 3123 obliteratum.
