2228 3548
0 1043 12 1218 *maur-*rw-
0 1014 8 1030 π
0 998 3 1001 ·
0 978 6 984 -
0 939 6 965 v-
0 887 4 926 v-*

986 311 1214 350 Affssnmx-
1799 313 1867 355 701

1073 414 1118 457 X

730 492 781 532 Ρ.
810 492 1193 534 THEODORICUS
1218 494 1469 532 CANISIUS

662 586 877 618 SANCTO
909 587 1227 618 FRANCISCO
1256 587 1326 618 DE
1356 587 1532 628 BORJA

782 662 1011 720 Dilingae,
1040 675 1092 721 19
1115 663 1224 719 Maji
1251 663 1363 718 1566
1384 663 1412 706 ¹.

837 751 1001 788 Natalis
1013 755 1130 800 gesta
1148 751 1363 799 Dilingae.

365 829 506 874 Venit
522 830 616 872 huc
631 828 864 886 Dilingam
881 828 1143 886 praedictus
1158 830 1296 872 Pater
1313 827 1517 886 (Natalis)
1536 827 1647 872 feria
1664 826 1797 872 tertia
1814 833 1919 883 post

276 889 441 934 festum
459 888 802 932 resurrectionis
818 890 853 941 ²,
878 888 1218 933 exhortationes
1227 888 1398 944 aliquot
1411 887 1587 940 habuit,
1607 886 1920 930 confessiones

275 963 392 1004 pene
415 948 618 991 omnium
645 947 845 1005 excepit,
869 948 1161 991 difficultates
1189 954 1367 991 nostras
1396 946 1663 1003 praecipuas
1691 944 1915 990 intelexit.

274 1007 472 1051 Vnicum
489 1015 740 1063 supererat,
760 1014 810 1050 vt
825 1014 929 1064 post
944 1006 1099 1050 audita
1115 1006 1284 1059 omnia,
1305 1006 1418 1051 certi
1434 1006 1531 1063 ipse
1553 1005 1723 1062 aliquid
1744 1003 1917 1048 consti-

276 1074 441 1119 tueret,
461 1075 507 1110 et
528 1065 697 1110 morbis
713 1066 880 1110 nostris
902 1066 1100 1111 remedia
1121 1073 1246 1111 certa
1267 1065 1610 1122 praescriberet.
1637 1066 1810 1109 Verum
1832 1078 1921 1107 nos

277 1141 377 1170 eam
400 1134 495 1169 tum
519 1125 711 1183 gratiam
732 1125 881 1170 meriti
902 1141 995 1170 non
1017 1140 1191 1179 sumus;
1217 1132 1383 1168 octauo
1404 1124 1526 1167 enim
1554 1132 1657 1181 post
1684 1124 1759 1168 die
1780 1137 1916 1179 quam

277 1187 370 1229 huc
396 1192 599 1238 venerat,
623 1198 731 1230 ecce
760 1199 938 1229 summo
965 1200 1114 1238 mane,
1141 1191 1320 1241 praeter
1351 1198 1531 1227 omnem
1554 1183 1916 1240 expectationem

279 1251 496 1298 nostram,
533 1246 792 1301 Augustam
825 1251 1083 1297 reuocatur‚
1123 1243 1277 1300 ibique
1313 1244 1370 1286 ad
1408 1245 1565 1287 horam
1605 1242 1780 1300 prandii
1816 1256 1918 1286 esse

278 1304 463 1348 iubetur
478 1305 638 1348 eodem
661 1303 758 1359 die;
783 1318 901 1360 quae
931 1319 1003 1348 res
1039 1318 1131 1347 non
1167 1302 1317 1360 potuit
1348 1317 1438 1347 non
1471 1303 1756 1346 incommode
1784 1300 1918 1344 nobis

278 1363 483 1408 accidere
504 1397 514 1417 ,
559 1362 637 1420 qui
680 1364 781 1408 talis
820 1363 985 1407 medici
1026 1362 1283 1420 praesentia
1324 1363 1566 1420 plurimum
1610 1362 1760 1405 adhuc
1803 1374 1915 1417 ege-

278 1423 495 1468 bamus...

1065 1537 1129 1580 XI

821 1626 870 1661 B.
893 1624 1098 1661 PETRUS
1117 1622 1361 1662 CANISIUS

711 1716 897 1747 SANCTO
929 1716 1196 1747 FRANCISCO
1229 1716 1292 1746 DE
1323 1715 1476 1756 BORJA

793 1790 1022 1849 Dilingae,
1049 1792 1076 1834 6
1091 1790 1200 1850 Julii
1229 1791 1341 1847 1566
1357 1791 1390 1835 ³.

405 1879 650 1916 Provinciae
663 1891 889 1928 germanae
905 1879 1129 1926 superioris
1146 1879 1329 1926 regimen
1346 1891 1372 1915 a
1389 1879 1534 1916 Natali
1547 1879 1779 1914 ordinatur.

440 1958 605 2013 Quella
626 1957 672 2000 di
695 1959 749 2001 28
772 1957 817 2000 di
840 1957 1028 2013 Giugno
1050 1958 1111 2000 ho
1139 1963 1325 2002 receuto
1352 1972 1440 2002 con
1467 1956 1496 2001 l’
1519 1958 1632 2001 altre
1661 1956 1734 1999 del
1763 1955 1911 2000 cardi-

274 2091 504 2128 discedendi
522 2092 668 2140 siquid
691 2098 827 2129 contra
850 2092 1033 2138 dogmata
1055 2091 1212 2128 concilii
1236 2092 1438 2130 tridentlni
1463 2097 1702 2130 statueretur
1719 2092 1758 2127 in
1783 2090 1907 2133 dieta,

274 2157 315 2187 et
332 2162 422 2187 cum
440 2151 516 2187 iam
535 2156 719 2198 ageretur
736 2152 786 2187 de
803 2151 1067 2187 confirmanda
1084 2162 1180 2199 pace
1197 2151 1300 2188 facta
1316 2152 1367 2189 de
1384 2164 1486 2189 anno
1512 2162 1601 2198 1555
1626 2152 1666 2187 in
1691 2162 1904 2197 congrega-

275 2211 394 2255 tione,
415 2210 485 2247 ubi
498 2216 582 2246 erat
595 2211 679 2258 ipse
694 2212 847 2257 legatus
860 2210 1067 2247 cardinalis
1081 2216 1336 2257 augustanus,
1354 2212 1513 2248 nuntius
1530 2212 1643 2255 Bilia,
1659 2210 1791 2257 Scipio
1810 2210 1909 2246 Lan-

275 2271 474 2315 cellottus,
495 2270 649 2306 auditor
669 2276 791 2317 rotae,
812 2271 856 2306 P.
876 2270 1043 2317 Natalis,
1060 2269 1257 2314 Caluisius,
1282 2271 1488 2317 Ledesma,
1509 2271 1712 2318 Aloysius,
1731 2281 1753 2315 4
1777 2270 1911 2306 Socie-

276 2330 368 2366 tatis
382 2330 491 2376 Jesu,
509 2341 554 2365 ac
567 2329 747 2366 dominus
763 2323 947 2366 Nicolaus
961 2331 1100 2377 anglus
1115 2331 1336 2378 theologus,
1351 2337 1392 2368 et
1405 2336 1496 2379 ego,
1511 2331 1711 2378 proposuit
1727 2330 1799 2365 tria
1813 2329 1910 2364 dub—

277 2390 355 2426 bia:
375 2390 518 2431 Primo,
538 2401 588 2425 an
605 2389 848 2425 confirmatio
865 2390 971 2436 pacis
992 2398 1082 2435 1555
1100 2395 1207 2426 esset
1222 2396 1356 2428 contra
1372 2391 1555 2438 dogmata
1582 2389 1738 2426 concilii
1764 2388 1911 2424 triden-

277 2449 364 2485 tini:
386 2450 454 2492 2.⁰‚
473 2449 756 2496 praesupposito
772 2448 877 2496 quod
894 2454 1001 2484 esset
1019 2449 1196 2496 dubium,
1211 2461 1261 2486 an
1278 2450 1444 2494 deberet
1461 2451 1579 2487 etiarn
1607 2461 1654 2484 eo
1674 2460 1768 2484 casu
1782 2453 1911 2495 prote-

278 2508 373 2544 stari
390 2513 430 2544 et
447 2507 663 2543 discedere.
683 2506 750 2552 3.⁰,
770 2507 861 2543 dato
877 2507 981 2555 quod
994 2509 1224 2555 protestatio
1242 2516 1349 2546 esset
1365 2510 1601 2554 necessaria,
1616 2520 1693 2556 quo
1708 2507 1855 2554 [pacto]
1871 2517 1912 2542 et

278 2579 356 2615 qua
370 2567 434 2603 via
455 2572 589 2614 posset
605 2567 691 2602 fieri
708 2567 794 2603 sine
812 2566 1081 2613 indignatione
1099 2568 1294 2615 Caesaris,
1309 2575 1350 2606 et
1366 2582 1436 2617 pro
1454 2567 1752 2606 conseruatione
1771 2567 1911 2602 iurium

280 2626 386 2662 sedis
404 2626 655 2673 apostolicae.
671 2625 832 2670 Omnes,
851 2632 1017 2674 excepto
1034 2638 1113 2663 uno
1130 2627 1363 2676 Laeellott0‚
1377 2629 1536 2665 fuerunt
1554 2629 1593 2663 in
1614 2632 1706 2662 uoto
1723 2625 1826 2674 quod
1843 2636 1913 2672 per

278 2684 502 2722 huiusmodi
532 2684 867 2721 confirmationem
896 2695 973 2722 non
1002 2686 1334 2733 praeiudicaretur
1358 2688 1525 2724 coneilio
1550 2686 1760 2734 praeterito
1783 2684 1912 2732 quoad

274 2744 472 2790 dogmata,
486 2744 614 2791 quoad
631 2752 646 2779 1
655 2751 724 2779 .¹¹m
741 2755 750 2779 z
769 2744 897 2791 quoad
911 2752 1007 2780 2.¹1m
1020 2774 1030 2789 ,
1047 2751 1235 2792 quantum
1249 2747 1322 2783 hoc
1335 2753 1442 2783 esset
1455 2747 1633 2792 dubium,
1647 2746 1820 2791 legatum
1834 2755 1913 2780 non

274 2804 421 2839 debere
440 2803 647 2850 protestari
665 2815 738 2839 nec
755 2803 973 2839 discedere.
994 2804 1134 2850 Quoad
1152 2804 1248 2840 &um
1263 2832 1275 2849 ,
1290 2805 1365 2842 fuit
1382 2806 1614 2854 protestatio
1632 2808 1784 2840 secreta
1801 2815 1823 2839 a
1846 2803 1912 2839 die

277 2862 456 2909 notitiae,
474 2873 563 2898 cum
581 2862 684 2897 facta
702 2863 828 2909 palam
846 2868 981 2910 posset
1006 2874 1094 2899 esse
1118 2875 1235 2900 causa
1258 2866 1390 2912 magni
1414 2865 1586 2902 scandali
1610 2870 1650 2900 et
1674 2863 1915 2910 schismatis,

274 2927 318 2958 et
335 2923 489 2968 legatus
508 2921 811 2968 prudentissime
830 2922 870 2958 in
887 2933 930 2958 re
948 2927 1027 2959 tam
1045 2923 1163 2959 dubia
1181 2929 1224 2960 et
1241 2925 1459 2972 periculosa
1477 2937 1519 2960 se
1537 2924 1683 2970 gessit.

349 2980 359 3002 ¹
412 2982 471 3016 Ex
488 2982 743 3028 autographo,
764 2982 805 3017 in
826 2981 928 3018 cod.
950 2982 1073 3029 29s),
1093 2994 1132 3018 n.
1153 2983 1222 3018 218
1242 2987 1360 3031 (121).
1384 2984 1485 3020 Vide
1503 2995 1596 3031 pag.
1620 2982 1680 3018 63.

350 3043 366 3063 ²
417 3041 458 3076 Id
477 3046 551 3086 est,
570 3041 634 3076 die
656 3041 699 3076 16
717 3041 882 3087 Aprilis.

354 3101 370 3122 ⁵
418 3101 478 3136 Ex
495 3101 722 3148 archetypo,
741 3101 781 3136 in
799 3101 934 3148 Epist.
961 3101 1131 3147 canisii,
1153 3102 1202 3148 11,
1220 3114 1265 3139 n.
1291 3111 1372 3149 171.
1391 3103 1492 3139 Vide
1510 3114 1599 3150 pag.
1623 3109 1702 3148 1973
1723 3107 1763 3138 et
1780 3111 1866 3147 242.
