2228 3548
965 321 989 360 7
1015 313 1210 352 Ausum-1
1236 313 1329 360 15⁶8
1849 314 1924 360 627

308 431 364 466 se
383 417 478 461 han
498 414 713 470 uisitado,
738 416 897 473 podria
917 415 1116 472 siempre
1131 415 1324 462 dexarse
1340 416 1512 474 alguna
1527 416 1672 462 orden
1694 430 1785 473 que
1801 416 1974 463 valioee

315 508 401 552 por
420 492 572 548 visita,
596 494 730 537 hasta
749 493 854 549 quel
878 493 1028 538 Sefior
1048 493 1107 538 de
1128 507 1214 551 paz
1234 508 1265 550 y
1281 492 1530 552 seguridad
1551 508 1662 550 para
1682 494 1850 538 acabar
1870 499 1974 539 otro

316 572 365 616 lo
386 585 478 628 que
502 572 558 616 V.
583 571 640 615 R.
660 586 688 616 a
709 571 989 627 comencado
1010 585 1070 616 en
1090 570 1300 616 Francia.
1336 571 1456 615 Vale.
1483 572 1527 616 A
1551 583 1576 615 2
1600 572 1658 616 de
1681 572 1879 628 Agosto.

1442 650 1731 694 FRANc1sco.

411 726 521 770 Alia
537 740 695 779 manu,
713 741 742 769 a
765 729 917 784 tergo:
939 725 969 783 ἦ·
991 725 1087 771 Soli
1110 725 1236 770 Patri
1258 725 1428 771 Natali.
1453 727 1585 771 Alia:
1606 728 1754 772 Datae
1776 727 1848 770 2.ει
1869 727 1974 772 Au-

317 803 464 861 gusti.
490 805 723 861 Receptae
750 804 818 848 18.
853 804 1109 862 Vestigium
1125 803 1291 862 sigilli.
1645 829 1651 833 -

1081 951 1206 993 582

763 1026 817 1068 P.
853 1024 1274 1070 HIERONYMUS
1311 1025 1534 1069 NADAL

654 1099 900 1139 SANCTO
941 1098 1295 1139 FRANCISCO
1332 1101 1410 1137 DE
1443 1100 1640 1148 BORJA

777 1173 1056 1213 emmaum,
1086 1173 1109 1212 7
1138 1173 1325 1203 Auoosrx
1358 1165 1449 1211 1568
1483 1166 1512 1203 ¹.

320 1253 354 1280 ι.
378 1243 687 1280 Camberiacum
700 1242 827 1279 venit:
847 1241 1072 1278 Claudium
1090 1241 1343 1280 Matthaeum
1368 1242 1481 1279 Tulli
1503 1242 1729 1279 obviantem
1753 1254 1886 1280 secum
1903 1243 1976 1279 du-

369 1304 533 1340 cit.—2.
556 1302 807 1352 Lugdunum
824 1301 936 1338 brevi
952 1300 1231 1350 profecturus,
1251 1303 1352 1339 duos
1369 1302 1426 1339 ibi
1437 1304 1728 1350 procuratores
1741 1303 1975 1350 provincia-

367 1375 463 1399 rum
482 1361 648 1399 Galliae
664 1361 878 1398 convenire
894 1363 1046 1409 sperat.
1059 1370 1134 1408 —3.
1154 1361 1216 1398 De
1229 1362 1315 1398 suis
1328 1361 1650 1407 itineribuS.—4.
1667 1362 1794 1399 Aedes
1811 1362 1975 1410 collegii

371 1423 537 1459 omnino
554 1422 600 1458 in
615 1421 751 1458 alium
769 1421 900 1457 locum
919 1420 1232 1469 transferendae
1248 1422 1460 1458 videntur.

420 1513 457 1545 1.
517 1501 651 1559 Jhus.
678 1499 822 1543 Molto
854 1499 971 1543 Rdo.
999 1500 1051 1543 P.
1078 1499 1136 1544 N.
1164 1498 1212 1543 in
1232 1498 1434 1544 Christe.
1468 1501 1567 1544 Pax
1591 1498 1747 1553 Cristi,
1778 1507 1867 1544 etc.
1901 1502 1974 1544 Da

323 1579 545 1625 Verduno
567 1576 697 1621 scrisi
718 1575 1035 1620 ultimamente
1063 1576 1150 1622 alla
1172 1577 1228 1621 P.
1259 1577 1319 1621 V.
1350 1577 1384 1621 ³.
1416 1577 1511 1622 Son
1539 1577 1700 1635 gionto
1732 1591 1823 1633 qua
1855 1577 1971 1622 hieri

255 1705 267 1707 -
321 1655 533 1702 venendo
555 1655 614 1698 da
636 1654 856 1699 Verduno
877 1668 958 1710 per
979 1648 1176 1709 Lorena',
1201 1660 1248 1698 et
1269 1667 1352 1711 per
1370 1653 1415 1698 la
1436 1654 1629 1699 Francia
1651 1655 1846 1707 Contea‚
1874 1655 1978 1699 ele-

325 1733 480 1791 gendo
502 1738 666 1788 questa
687 1731 857 1784 strada,
882 1737 928 1774 et
950 1744 1044 1774 non
1070 1730 1223 1787 quella
1243 1730 1291 1775 di
1312 1730 1472 1785 Lione,
1497 1746 1581 1789 per
1612 1731 1688 1788 pisi
1721 1732 1889 1786 sicma,
1925 1745 1975 1775 se

323 1811 415 1855 ben
438 1809 518 1867 pisi
539 1808 791 1871 difficilelet
813 1808 891 1865 pisi
913 1808 1107 1864 lungha;
1132 1814 1179 1853 et
1201 1821 1369 1853 ancora
1389 1822 1471 1866 per
1491 1808 1685 1866 pigliare
1702 1808 1811 1852 tutti
1827 1808 1859 1851 li
1876 1809 1974 1852 col-

324 1886 437 1945 legii
458 1887 547 1931 che
567 1885 631 1930 mi
651 1893 835 1930 restano
856 1900 883 1930 a
905 1885 1090 1930 visitare
1110 1884 1158 1929 in
1185 1885 1396 1940 Francia,
1430 1900 1513 1943 per
1544 1886 1719 1939 ordine,
1754 1885 1800 1930 di
1834 1886 1971 1930 modo

323 1965 414 2008 che
442 1963 617 2022 venghi
650 1979 676 2007 a
707 1977 832 2008 esser
862 1962 892 2006 l’
922 1962 1102 2015 ultimo,
1133 1962 1286 2020 quello
1321 1961 1366 2007 d’
1401 1963 1686 2021 Auignione.
1712 1963 1889 2008 ‘Trouai
1928 1963 1973 2006 in

325 2041 435 2087 Tull
457 2042 472 2063 ³
497 2040 543 2084 di
566 2042 762 2093 Lorena,
789 2035 906 2084 Mro.
932 2038 1128 2083 Claudio
1155 2038 1203 2082 di
1230 2040 1412 2085 Lorena
1439 2041 1473 2094 ⁴,
1505 2042 1578 2084 eh'
1609 2041 1789 2085 andaua
1817 2055 1844 2084 a
1871 2054 1975 2084 cer-

321 2117 465 2165 carmi
485 2118 534 2162 in
558 2117 762 2175 Pariggi‚
789 2124 835 2161 et
857 2116 918 2160 mi
939 2131 1082 2174 parue
1103 2117 1189 2161 che
1209 2117 1392 2163 doueua
1413 2117 1647 2162 ritornarsi
1670 2132 1759 2162 con
1781 2132 1871 2171 me,
1900 2117 1972 2162 in-

322 2195 410 2240 sin'
433 2210 459 2239 a
481 2194 635 2240 veder'
658 2195 856 2250 qualche
879 2194 1039 2237 ordine
1060 2194 1181 2238 della
1202 2195 1256 2238 P.
1282 2196 1362 2248 V.‚
1385 2202 1475 2240 etc.

413 2284 455 2316 2.
523 2273 674 2315 Penso
691 2285 779 2314 con
795 2272 839 2314 la
854 2270 1012 2314 diuina
1028 2269 1177 2328 gratia
1197 2270 1328 2315 finire
1349 2271 1428 2328 qui
1449 2272 1481 2315 il
1502 2271 1593 2315 mio
1610 2270 1877 2325 ministerio,
1898 2271 1972 2315 in-

322 2348 425 2394 sino
442 2347 518 2393 alli
540 2359 590 2403 15
610 2348 657 2392 di
673 2355 852 2405 questo,
874 2355 920 2393 et
935 2349 1021 2392 che
1038 2348 1144 2405 quel
1161 2347 1341 2406 giorno,
1355 2351 1442 2395 che
1457 2350 1483 2393 ὁ
1500 2350 1528 2392 l'
1543 2348 1856 2405 assumptione
1873 2349 1974 2392 del-

279 2456 282 2458 *
324 2428 369 2470 la
385 2428 600 2479 Madona,
620 2425 832 2470 rinouino
849 2424 913 2483 gli
930 2424 1044 2478 voti,
1064 2431 1111 2469 et
1125 2424 1158 2468 il
1178 2432 1401 2483 seguente
1416 2426 1846 2484 partirmene'verso
1863 2425 1972 2470 Lio-

312 2512 402 2557 ne,
426 2503 470 2547 la
490 2504 612 2548 doue
628 2504 688 2546 ho
705 2502 863 2546 scritto
880 2502 970 2546 che
991 2500 1021 2544 li
1038 2501 1320 2558 procuratori
1337 2501 1384 2546 di
1399 2510 1562 2559 queste
1583 2503 1674 2546 due
1697 2501 1932 2558 prouincie
1956 2503 1972 2525 ⁸

397 2657 408 2678 ¹
458 2658 518 2694 Ex
547 2658 777 2704 archetypo,
806 2667 828 2692 a
858 2655 1038 2703 Jimenez
1068 2660 1243 2701 exarato,
1273 2660 1315 2691 et
1344 2651 1496 2693 Natalis
1527 2667 1644 2692 manu
1668 2654 1905 2701 subscripto,
1930 2654 1972 2692 in

323 2716 457 2764 Epist.
471 2716 629 2763 Natal„
643 2717 697 2764 11,
715 2715 863 2764 duplici
880 2715 974 2760 fol„
993 2714 1064 2750 208
1082 2716 1183 2761 (507,
1202 2714 1303 2760 508).
1322 2714 1496 2752 Secundi
1520 2715 1604 2751 folii
1629 2720 1782 2751 tantum
1806 2726 1895 2762 pars
1911 2726 1973 2751 re-

322 2781 470 2813 manet.

391 2838 407 2859 ²
438 2834 560 2885 VVide
577 2830 800 2883 epist.'529.

390 2894 406 2916 ⁸
455 2895 614 2931 Tullum
633 2895 779 2941 (Toul),
798 2895 892 2930 urbs
911 2892 1147 2941 episcopalis
1164 2892 1205 2929 in
1224 2892 1479 2940 Lotharingia
1496 2892 1545 2928 ad
1563 2892 1766 2928 Mosellam
1785 2891 1874 2929 sita.

388 2956 405 2977 ⁴
453 2953 644 2991 Claudius
661 2954 897 2996 Matthaeus,
913 2957 1043 2989 rector
1055 2951 1214 2999 collegii
1227 2952 1494 3000 turnonensis,
1510 2951 1623 2999 cujus
1637 2962 1805 2987 examen
1822 2949 1974 2987 editum

318 3018 384 3051 est
399 3012 442 3050 in
459 3013 592 3060 Epist.
612 3012 769 3058 Natat„
789 3013 840 3059 11,
861 3013 945 3059 546.

395 3074 411 3096 ¹⁵
460 3073 514 3108 Hi
527 3077 640 3108 erant
651 3072 882 3109 Edmundus
895 3072 1032 3117 Haius,
1048 3083 1069 3107 e
1088 3069 1289 3118 provincia
1306 3071 1507 3116 Fallaciae,
1525 3075 1566 3107 et
1584 3069 1810 3107 Ludovicus
1825 3069 1979 3107 Codre-

318 3135 422 3178 Attus,
442 3131 669 3180 provinciae
687 3131 946 3180 Aquitaniae.
