2228 3548
390 306 436 342 24
907 294 1046 330 Eius-r.
1074 291 1122 327 P.
1149 259 1423 336 &Anu-359

344 398 402 441 da
422 404 550 454 parte
571 396 617 439 di
640 397 688 442 S.
714 397 761 440 M
769 429 798 448 .‚
824 396 909 439 che
939 393 1131 437 sarebbe
1158 391 1248 434 mal
1277 398 1508 444 contenta,
1533 405 1582 435 se
1604 391 1635 435 il
1658 392 1711 435 P.
1739 391 1987 435 Laurentio

346 474 501 531 Magio
525 473 614 517 fusi
637 473 864 516 chiamato
886 472 943 515 da
976 469 1178 523 Vienna3
1203 469 1371 525 perche
1392 470 1574 514 haueua
1593 467 1739 513 inteso
1761 471 1846 514 che
1867 470 1986 526 dopo

345 553 388 595 13
410 552 577 608 pascha
598 551 779 594 doueua
800 550 937 593 esser’
964 546 1190 591 chiamato
1211 545 1257 588 in
1285 545 1414 589 Italia
1435 545 1553 590 dalla
1575 548 1628 590 Ρ.
1655 547 1734 601 V.;
1759 554 1805 591 et
1826 560 1984 590 essen-

346 629 404 672 do
434 634 559 671 tanto
587 633 737 671 acetto
766 627 853 670 alla
880 627 1056 669 Maesta
1085 624 1197 677 Sua,
1229 638 1338 680 pare
1365 637 1458 666 non
1485 623 1748 680 conuenghi
1775 623 1822 667 in
1850 625 1985 668 modo

345 705 509 748 nisuno
530 705 702 747 leuarlo
723 703 768 747 di
792 702 985 748 Vienna.
1006 703 1065 746 V.
1087 703 1140 745 P.
1161 701 1415 757 prouedera
1432 701 1631 744 secondo
1647 702 1732 745 che
1749 701 1986 758 giudicara

346 782 423 838 piu
441 780 661 825 conuenir
683 781 734 823 in
750 780 952 824 Domino
976 781 1005 823 ¹.

435 871 477 902 2.
543 857 801 902 Habbiamo
824 856 1011 900 visitato
1036 856 1067 899 il
1090 857 1143 899 P.
1171 854 1358 899 Canisio
1379 861 1426 899 et
1456 853 1500 898 io
1527 855 1602 898 all'
1627 854 1921 900 arciuescouo
1945 856 1992 899 di

347 934 584 991 Maguntia
612 935 644 987 ²,
671 933 700 976 il
725 934 858 991 quale
886 933 929 976 ci
961 933 1163 977 riceuete
1185 945 1273 975 con
1295 931 1435 975 molta
1456 931 1712 989 benignita,
1737 939 1784 977 et
1805 934 1830 976 e
1852 933 1992 977 molto

346 1019 562 1056 contento
584 1012 658 1056 del
680 1026 764 1055 suo
786 1011 982 1068 collegio
1004 1011 1122 1054 della
1139 1025 1222 1054 sua
1238 1009 1365 1063 citta,
1385 1016 1431 1055 et
1447 1010 1522 1054 del
1539 1011 1588 1053 P.
1609 1011 1692 1054 Dr.
1713 1011 1958 1055 Lamberto
1975 1012 1990 1032 ⁵

348 1096 515 1134 rettore
537 1088 581 1131 di
604 1088 775 1144 quello,
800 1090 886 1133 che
909 1088 1072 1131 adesso
1095 1087 1279 1144 predica
1301 1086 1348 1130 in
1371 1086 1519 1143 Spira,
1539 1087 1582 1130 al
1605 1087 1738 1143 quale
1759 1102 1808 1131 se
1829 1088 1936 1132 ben'
1959 1089 1991 1131 l'

347 1166 489 1210 Illmo.
511 1166 665 1222 legato
682 1165 714 1208 li
729 1167 789 1209 ha
805 1165 979 1210 ehiesto
996 1163 1122 1208 accio
1141 1163 1297 1208 uenesi
1316 1164 1395 1220 qui
1411 1163 1459 1207 in
1475 1165 1693 1221 Augusta
1709 1179 1788 1221 per
1809 1164 1992 1209 alchuni

347 1242 513 1300 giomi,
543 1246 696 1286 tamen
717 1257 808 1286 non
832 1242 897 1299 gli
917 1243 960 1285 lo
977 1243 1037 1285 ha
1059 1243 1218 1286 uoluto
1239 1242 1498 1295 conceder',
1519 1257 1598 1299 per
1619 1242 1651 1285 il
1671 1242 1992 1299 bisognioeche

347 1321 395 1364 n'
418 1321 478 1363 ha
498 1320 543 1363 di
565 1319 644 1372 lui,
669 1326 715 1363 et
738 1320 879 1363 frutto
901 1321 986 1362 che
1007 1333 1093 1362 con
1116 1319 1158 1362 13
1175 1318 1324 1375 gratia
1345 1318 1500 1363 diuina
1523 1319 1568 1362 fa
1583 1318 1630 1362 in
1654 1320 1803 1376 quelle
1823 1310 1988 1364 bande.

441 1410 482 1452 3.
549 1397 678 1440 Hieri
701 1395 742 1440 ei
765 1396 909 1440 inuito
927 1412 952 1440 3
968 1410 1134 1453 pranso
1150 1396 1190 1439 la
1210 1395 1397 1453 signora
1413 1397 1449 1440 F
1451 1397 1621 1440 uchera
1639 1397 1672 1450 ⁴,
1697 1404 1744 1441 et
1761 1397 1994 1440 andasimo

349 1473 380 1516 il
402 1475 454 1518 P.
482 1473 667 1518 Canisio
690 1481 734 1519 et
757 1473 816 1527 io;
838 1481 882 1518 et
900 1473 930 1516 il
948 1474 1040 1519 S.re
1055 1473 1251 1530 Giorgio
1274 1475 1309 1517 F
1314 1475 1500 1528 ucharo,
1522 1488 1606 1518 suo
1625 1474 1804 1528 marito,
1825 1474 1866 1518 ci
1883 1474 1995 1519 rice-

347 1558 454 1595 uete
495 1565 580 1594 con
623 1550 785 1607 grand'
825 1550 1060 1594 humanita
1103 1557 1149 1595 et
1197 1550 1529 1595 beneuolentia.
1585 1551 1868 1596 Desiderano
1910 1553 1996 1596 che

348 1629 455 1672 Μ.Υο
482 1628 691 1684 Philippo
723 1634 768 1672 et
801 1630 908 1671 ΜΞο
935 1626 1204 1681 Ostauiano,
1240 1627 1340 1671 suoi
1373 1628 1567 1685 figluoli,
1593 1628 1721 1672 siano
1743 1628 1919 1672 ualenti
1943 1630 1995 1672 in

349 1708 539 1761 utroque
562 1706 761 1758 homine,
785 1705 908 1748 aceio
931 1705 1115 1762 possino
1146 1705 1323 1762 giouar'
1348 1694 1490 1749 molti¹
1507 1705 1626 1759 altri,
1654 1713 1700 1750 et
1721 1705 1991 1763 compiacer³

349 1782 437 1825 alla
458 1784 504 1826 M
513 1783 564 1825 ,ἢ
594 1782 640 1824 d’
664 1781 791 1825 Iddio
815 1789 969 1825 nostro
992 1781 1192 1839 Signore
1211 1783 1247 1825 ⁵.

438 1871 481 1913 4.
548 1847 584 1902 E
607 1865 780 1902 uenuto
802 1859 879 1915 qui
901 1859 931 1902 il
963 1862 1019 1903 P.
1054 1860 1199 1904 Paulo
1220 1862 1253 1913 ⁶,
1281 1862 1437 1904 rettor’
1470 1859 1516 1903 di
1547 1860 1833 1914 Monacchio,
1857 1867 1904 1904 et
1931 1862 1991 1904 ho

419 1976 432 1998 ¹
483 1977 794 2023 Responsionem
811 1978 932 2013 habes
947 1978 986 2014 in
1005 1978 1126 2025 epist.
1149 1978 1234 2026 366,
1253 1990 1296 2014 n.
1322 1987 1363 2015 2.

421 2039 434 2058 ²
485 2036 625 2072 Daniel
645 2036 811 2072 Brendel
831 2038 895 2082 (ab
914 2038 1153 2084 Homburg).
1421 2037 1437 2059 ⁸
1487 2037 1609 2074 Auer.

419 2094 435 2115 ⁴
483 2096 625 2131 Vrsula
642 2097 823 2142 Fuggera
841 2108 913 2131 «ex
932 2096 1143 2133 Guilielmo
1169 2097 1219 2134 de
1245 2097 1531 2144 Lichtenstein,
1555 2097 1765 2134 comitatus
1791 2097 1989 2135 tirolensis

350 2165 533 2201 supremo
552 2154 731 2201 praeside
748 2155 1237 2204 («Landeshauptmann»)‚
1256 2162 1297 2194 et
1315 2156 1546 2204 Magdalena
1569 2156 1619 2192 de
1645 2157 1816 2203 Stetten,
1842 2163 1883 2194 et
1907 2157 1994 2205 ipsa

353 2213 544 2257 tirolensi,
563 2219 660 2256 orta,
681 2213 840 2250 fratrem
858 2216 1027 2251 habebat
1046 2217 1384 2252 Bartholomaeum
1403 2215 1452 2252 de
1470 2216 1755 2264 Lichtenstein‚
1776 2217 1875 2253 arcis
1900 2218 1996 2253 Kar-

350 2272 443 2308 neid
461 2273 500 2308 in
518 2273 640 2309 Tiroli
657 2273 876 2309 dominum.
891 2302 899 2308 .
913 2300 922 2309 .
943 2275 1031 2321 Ipsa
1049 2281 1180 2311 autem
1198 2287 1300 2311 anno
1322 2284 1412 2322 1542
1430 2276 1510 2320 (vel
1529 2284 1635 2321 1540,
1651 2281 1695 2312 ut
1708 2275 1828 2323 aliqui
1841 2275 1995 2322 dicunt)

351 2337 537 2378 nupserat
557 2333 729 2379 Georgio
747 2333 803 2369 ΙΙ.
827 2334 1008 2379 Fuggero
1026 2334 1263 2381 (1518-1569)
1280 2334 1502 2382 Raymundi
1521 2335 1551 2370 1.
1572 2335 1745 2381 Fuggeri
1762 2340 1803 2371 et
1820 2330 1994 2371 031113ῐί-

351 2391 458 2426 rinae
478 2391 696 2427 Turzoniae
718 2390 814 2439 filio,
840 2391 923 2427 viro
949 2398 989 2428 et
1013 2393 1212 2440 equitandi
1237 2400 1277 2430 et
1297 2394 1656 2430 mathematicarum
1677 2393 1817 2430 artium
1839 2394 1994 2442 peritis-

351 2450 464 2494 simo,
483 2451 615 2497 oppidi
634 2457 839 2499 terraeque
858 2452 1253 2489 weissenhornensis.
1269 2482 1277 2490 .
1293 2480 1302 2490 .
1322 2453 1527 2490 domino.»
1542 2455 1900 2500 BRAUNSBERGER‚
1919 2453 1994 2490 Ca-

353 2510 453 2545 nisii
469 2511 605 2556 epist.,
628 2510 699 2554 111,
718 2509 803 2556 654,
821 2510 905 2555 6553
926 2511 992 2546 ubi
1016 2511 1065 2546 de
1091 2512 1283 2559 Fuggeris
1301 2513 1459 2560 copiose
1484 2517 1525 2548 et
1548 2512 1700 2548 erudite
1723 2512 1899 2549 disserit.
1928 2513 1991 2550 Cf.

354 2569 488 2616 Epist.
513 2569 670 2616 Natal„
689 2569 742 2615 II,
760 2579 845 2614 490,
863 2569 947 2617 653,
970 2576 1051 2607 ete.

424 2629 438 2650 ⁵
488 2628 541 2663 Hi
564 2628 640 2664 duo
664 2627 734 2664 filii
759 2628 921 2674 Georgii
948 2630 1134 2677 Fuggeri,
1160 2631 1374 2667 Bononiam
1393 2631 1502 2667 missi
1523 2630 1676 2667 fuerant
1693 2642 1795 2666 anno
1817 2632 1923 2676 1562,
1949 2636 1993 2667 ut

353 2685 492 2722 litteris
511 2698 667 2733 operam
685 2693 885 2723 navarent.
908 2688 1022 2724 Anno
1040 2695 1171 2725 autem
1193 2690 1284 2734 1560
1303 2702 1373 2726 sex
1390 2690 1461 2726 filii
1479 2689 1602 2738 ipsius
1620 2689 1793 2737 parentis
1811 2702 1993 2726 numera·

352 2746 505 2781 bantur:
528 2746 753 2793 «Philippus
771 2745 973 2782 Eduardus
991 2750 1120 2791 (natus
1143 2750 1262 2795 1546),
1289 2749 1531 2787 Octavianus
1555 2748 1750 2785 secundus
1775 2754 1833 2794 (n.
1868 2752 1990 2796 1549),

352 2804 480 2851 Julius
504 2805 793 2841 Maximilianus
822 2805 878 2850 (n.
908 2810 1028 2852 1550),
1051 2808 1247 2844 Antonius
1270 2811 1325 2852 (n.
1355 2811 1476 2855 1552),
1500 2808 1757 2855 Raymundus
1781 2809 1841 2854 (n.
1874 2808 1992 2856 1553),

351 2863 537 2898 Albertus
559 2865 613 2909 (n.
642 2865 795 2909 1557).»
813 2865 1172 2913 BRAUNSBERGER,
1192 2879 1240 2902 ex
1259 2870 1467 2903 stemmate
1486 2866 1654 2914 quodam
1673 2867 1713 2903 in
1732 2867 1891 2903 archivo
1909 2867 1996 2914 fug·

347 2921 480 2968 gerico
498 2928 711 2967 asservato,
731 2924 808 2959 loc.
832 2922 925 2969 cit.,
945 2924 1016 2970 ΙΙΙ,
1041 2925 1129 2969 653.
1160 2926 1315 2962 Deinde
1338 2927 1486 2962 Romae
1511 2926 1552 2961 in
1577 2927 1747 2973 collegio
1763 2927 1994 2973 germanico

349 2980 549 3028 Philippus
569 2986 607 3017 et
626 2981 868 3019 Octavianus
886 2983 1025 3019 studiis
1049 2995 1207 3031 operam
1224 2985 1430 3021 dederunt.
1451 2986 1512 3020 De
1533 2985 1610 3021 illis
1628 2986 1776 3033 passim
1794 2997 1923 3022 sermo
1946 2986 1991 3022 fit

347 3039 390 3077 in
408 3039 583 3087 epistolis
601 3041 767 3087 Borgiae
785 3046 825 3076 et
842 3041 992 3078 Natalis
1012 3043 1083 3078 hoc
1100 3055 1200 3080 anno
1222 3044 1313 3090 1566
1329 3043 1447 3081 datis.

420 3101 432 3121 θ
481 3099 688 3135 Hoffaeus.
712 3099 812 3135 Vide
833 3100 952 3146 epist.
978 3100 1063 3147 357,
1083 3114 1122 3138 n.
1143 3113 1178 3148 4.
