2228 3548
418 267 484 306 136
929 264 1069 299 Eprsr.
1096 259 1141 295 P.
1169 254 1440 302 Nema—396

363 369 575 428 possibile
597 370 680 413 che
703 368 792 412 fusi
813 367 870 411 de
886 365 1081 421 bisogno
1102 361 1134 404 il
1158 366 1298 416 ter-20,
1323 373 1350 403 o
1371 358 1538 416 perche
1558 357 1591 402 il
1612 372 1746 402 curso
1764 356 2000 416 pensiatno

364 463 456 491 non
478 447 515 490 si
537 447 700 503 puotra
723 444 842 488 finir’
866 444 913 487 in
934 441 1008 485 doi
1030 438 1154 494 anni,
1178 453 1206 482 o
1228 451 1339 483 uero
1360 451 1440 494 per
1461 435 1725 490 substitut03
1756 442 1802 482 et
1823 435 1884 491 io,
1910 437 2001 479 Pa·-

363 527 459 577 dre,
480 538 622 581 penso
645 525 731 568 che
751 529 773 550 ²
800 536 890 565 non
912 517 1153 580 debbiamo
1174 518 1271 561 fare
1292 515 1432 559 molta
1451 513 1666 558 difficolt&
1687 514 1733 558 in
1756 514 1852 558 dar'
1878 511 2000 558 cursi

364 603 407 645 d’
439 601 538 654 arti,
569 600 735 657 perche
762 598 799 644 si
828 606 1019 642 trouano
1047 593 1172 639 molti
1200 591 1443 637 sufficienti
1472 606 1553 649 per
1580 598 1759 648 questo,
1793 598 1839 636 et
1868 599 1998 636 torna

365 679 475 723 utile
497 694 523 722 3
553 679 648 721 loro
677 679 761 720 che
789 677 827 720 s'
856 673 1133 720 essercitano
1160 671 1208 715 in
1235 670 1431 728 legger’,
1456 669 1500 713 al
1521 683 1686 713 manco
1714 683 1779 713 un
1801 684 1934 714 corso
1966 670 1997 712 ¹.

367 755 595 808 Tuttavia,
627 754 845 812 parlando
867 751 947 796 noi
968 751 1058 795 co’l
1089 750 1256 793 dottor’
1282 747 1424 791 Eekio
1451 747 1467 769 ²
1497 747 1616 791 nella
1637 746 2000 805 quadragesima,

366 834 576 879 hauendo
599 833 813 877 aeordato
830 832 916 876 che
938 844 1031 873 non
1054 826 1302 873 offerisimo
1323 825 1355 869 li
1372 824 1511 881 cursi,
1530 828 1682 869 tamen
1697 840 1788 869 non
1805 840 1856 870 so
1878 839 2006 870 come

368 912 405 955 si
427 911 540 964 dise,
565 917 611 955 et
632 912 681 954 fu
710 915 927 954 contento
954 907 986 951 il
1014 904 1300 960 cancellario,
1325 903 1480 949 niente
1502 902 1548 947 di
1578 917 1754 958 manco,
1779 903 1900 961 dipoi
1922 918 2007 953 uo-

367 990 504 1034 lendo
529 987 767 1045 essequir’,
788 986 829 1031 ci
851 985 1068 1030 serissero
1089 984 1283 1028 alchune
1300 981 1516 1026 difficolt&
1536 981 1595 1026 da
1614 980 1908 1039 Ingolstadio,
1928 995 2009 1038 per

369 1068 412 1112 le
434 1066 554 1123 quali
571 1066 631 1110 mi
653 1080 785 1123 parse
807 1065 902 1108 dar'
922 1063 1079 1108 ordine
1097 1063 1183 1107 che
1204 1075 1296 1105 non
1319 1060 1356 1104 si
1378 1062 1528 1104 facese
1550 1058 1788 1104 mutation'
1820 1059 2009 1103 nissuna

370 1160 451 1202 per
474 1150 635 1201 questo
656 1157 792 1197 anno;
817 1141 864 1186 di
885 1142 1021 1186 modo
1040 1141 1128 1185 che
1149 1154 1224 1183 res
1245 1142 1334 1182 tota
1356 1141 1421 1182 est
1443 1139 1645 1196 integra.
1671 1137 1876 1182 Essendo
1897 1136 1943 1181 io
1959 1136 2031 1180 in-

371 1221 664 1279 Ingolstadio,
690 1219 979 1265 considerari>
1000 1218 1032 1262 il
1053 1217 1239 1275 meglio,
1263 1223 1308 1262 et
1330 1215 1508 1261 auisaro
1529 1231 1556 1260 a
1577 1216 1634 1260 V.
1659 1217 1732 1269 Ρ.,
1757 1214 1918 1273 poiche
1940 1215 2007 1259 c'e

375 1307 547 1356 tempo.
1912 1292 1916 1295 ’

463 1390 505 1431 4.
571 1376 743 1420 Auanti
765 1390 855 1419 non
878 1374 920 1419 ci
941 1377 1122 1420 haueua
1144 1373 1392 1430 adoperato
1412 1373 1442 1415 l’
1468 1372 1611 1416 Illmo.
1638 1371 1809 1429 legato,
1833 1370 2011 1428 percio-

375 1456 460 1498 che
481 1469 572 1498 non
590 1468 833 1498 occorreua
853 1468 959 1497 cosa
977 1452 1022 1496 in
1041 1454 1142 1506 che;
1163 1466 1236 1495 ma
1254 1450 1373 1494 dalla
1390 1451 1560 1507 pascha
1577 1449 1624 1493 in
1641 1464 1731 1506 qua
1752 1449 1794 1494 ci
1810 1451 1869 1494 ha
1885 1455 2013 1493 tanto

377 1539 616 1589 occupato,
637 1533 722 1576 che
744 1530 869 1574 molti
892 1530 1042 1588 giorni
1063 1544 1155 1574 non
1177 1531 1432 1573 haueuamo
1456 1534 1608 1585 tempo
1630 1528 1688 1572 de
1709 1523 1932 1585 mangiar’
1955 1527 2014 1570 ne

376 1610 421 1653 di
443 1610 653 1662 dormire,
680 1616 725 1654 et
747 1623 878 1666 spero
901 1610 976 1653 nel
992 1607 1189 1666 Signore
1210 1608 1297 1652 che
1323 1605 1565 1651 habbiamo
1589 1606 1701 1650 fatto
1728 1606 1896 1649 alchun
1917 1619 2015 1649 ser-

379 1686 538 1744 uiggio
561 1687 646 1731 alla
667 1687 776 1730 sede
798 1686 1044 1744 apostolica
1065 1692 1111 1729 et
1132 1700 1158 1729 a
1180 1685 1275 1730 Sua
1296 1683 1412 1730 Sria.
1437 1684 1597 1737 Illma.,
1622 1690 1667 1727 et
1689 1698 1769 1741 par
1785 1685 1871 1727 che
1899 1682 2013 1726 hab-

379 1764 529 1808 biamo
552 1764 738 1816 intesso,
763 1763 794 1806 il
817 1765 981 1821 perche
1003 1763 1147 1807 siamo
1170 1761 1329 1806 uenuti
1350 1763 1383 1805 ³.

471 1851 515 1896 5.
587 1842 674 1886 Del
712 1844 768 1885 P.
815 1840 1010 1885 Martino
1047 1841 1081 1894 ⁴,
1105 1840 1240 1885 insin’
1270 1840 1430 1885 adesso
1458 1854 1550 1883 non
1581 1838 1821 1883 habbiamo
1848 1844 2011 1896 potuto

381 1919 535 1962 hauer'
564 1918 736 1962 lieenza
764 1919 836 1963 dal
863 1920 979 1963 duca
999 1934 1078 1977 per
1106 1918 1314 1976 puoterlo
1341 1918 1483 1962 leuar’
1507 1917 1565 1961 da
1596 1917 1702 1973 quel
1728 1916 1941 1974 collegio,
1966 1923 2013 1960 et

382 2011 517 2039 senza
534 1996 704 2040 licenza
721 2011 811 2040 non
828 1999 921 2053 par’
947 1998 1031 2040 che
1053 1995 1330 2053 conuenghi.
1356 1995 1443 2039 Del
1460 1996 1514 2039 Ρ.
1536 1995 1747 2039 Conrado
1777 1996 1810 2048 ⁵,
1833 1993 1910 2052 gio.
1930 1995 2014 2038 ha-

384 2076 491 2117 uere't
514 2073 631 2116 uisto
653 2075 711 2118 V.
738 2076 791 2117 P.
817 2074 933 2118 Delli
962 2074 1062 2118 altri
1083 2074 1175 2130 doi,
1199 2088 1292 2117 non
1314 2088 1422 2131 pare
1443 2074 1482 2116 s'
1505 2071 1706 2117 habbino
1727 2072 1773 2116 di
1790 2072 2013 2126 mandar',

384 2165 432 2193 se
454 2150 530 2207 gia
547 2166 637 2194 non
659 2150 911 2207 puotesimo
933 2154 1088 2197 hauer’
1114 2151 1287 2197 licenza
1307 2151 1380 2195 del
1404 2151 1539 2206 duca,
1572 2149 1618 2194 di
1643 2151 1846 2194 mandar’
1878 2153 2012 2195 Mtro.

385 2228 641 2273 Seorrichio
664 2244 689 2272 a
711 2230 869 2281 Roma,
894 2244 973 2286 per
1000 2229 1188 2273 studiar'
1221 2244 1280 2273 vn
1308 2243 1423 2286 poco
1450 2229 1509 2274 de
1536 2227 1782 2286 theologia,
1807 2228 1839 2271 il
1866 2229 1953 2273 che
1973 2226 2018 2271 io

384 2305 590 2349 desidero
611 2306 751 2348 molto
773 2307 805 2348 ⁶.
831 2306 865 2348 Il
889 2308 937 2350 P.
962 2308 1199 2361 Ledesma‚
1229 2314 1275 2351 et
1297 2306 1328 2350 il
1351 2308 1404 2351 P.
1437 2308 1653 2364 Vanegas
1683 2306 1913 2350 andarano
1942 2306 2014 2350 co'

385 2383 413 2425 l’
438 2382 582 2425 Illmo.
602 2382 770 2439 legato,
791 2384 971 2438 quando
993 2384 1031 2427 si
1051 2384 1235 2441 partire,
1256 2391 1302 2429 et
1319 2384 1585 2442 probaremo
1601 2398 1652 2428 se
1672 2383 1705 2426 il
1723 2385 1776 2427 P.
1798 2384 2015 2440 Vanegas

386 2461 548 2516 puotr&
569 2459 723 2503 andar'
748 2474 774 2502 a
796 2474 949 2516 spessa
970 2462 1043 2506 del
1070 2462 1238 2517 legam,
1269 2462 1312 2506 al
1339 2475 1502 2506 manco
1522 2460 1658 2505 insin’
1682 2476 1709 2505 3
1730 2460 1939 2514 Venetia,
1964 2475 2015 2505 se

385 2551 494 2589 non,
518 2536 823 2594 segnitatemo
850 2537 880 2579 l’
911 2538 1067 2584 ordine
1095 2541 1180 2583 che
1207 2539 1249 2584 ci
1275 2541 1335 2590 ha
1355 2540 1464 2583 dato
1501 2539 1532 2582 il
1561 2541 1614 2584 P.
1649 2537 1871 2596 Dionysio
1893 2540 2016 2583 Vaz—

388 2628 518 2668 quez,
537 2613 583 2656 di
604 2613 781 2671 pigliar'
805 2614 917 2657 vinti
947 2627 988 2663 V
1017 2632 1095 2673 per
1116 2617 1144 2660 il
1169 2633 1254 2661 suo
1275 2617 1442 2669 viatico
1463 2616 1600 2661 insin’
1618 2632 1645 2660 a
1661 2617 1821 2670 Roma,
1840 2616 2017 2660 benehe

387 2692 617 2734 hauerano
639 2706 664 2734 3
686 2693 823 2736 esser’
849 2704 920 2747 23,
941 2688 1020 2749 per
1042 2696 1195 2738 hauer'
1219 2709 1375 2752 spesso
1398 2694 1476 2752 pisi
1497 2695 1562 2738 fin
1584 2709 1674 2751 qua
1694 2693 1740 2737 di
1762 2693 1913 2750 quello
1935 2695 2021 2737 che

471 2816 491 2836 a
529 2808 713 2856 Sequitur
730 2810 799 2845 -noi
817 2809 1077 2848 obliteratum.

465 2911 473 2930 ¹
507 2913 515 2917 “
525 2909 624 2944 Vide
642 2910 762 2957 epist.
781 2909 866 2956 378,
886 2923 923 2947 n.
946 2921 981 2947 2.

466 2970 479 2989 Β
529 2967 663 3004 Simon
681 2969 912 3006 Thaddaeus
930 2971 1090 3020 Eckius,
1107 2974 1362 3011 cancellarius
1379 2974 1490 3011 ducis
1508 2974 1710 3010 Bavariae.

462 3027 476 3047 ⁵
526 3027 625 3063 Vide
644 3028 761 3075 epist.
787 3034 827 3065 et
844 3029 1076 3068 documenta
1094 3034 1167 3069 sub
1186 3046 1255 3071 nn.
1279 3033 1350 3081 384
1368 3039 1408 3070 et
1426 3033 1496 3080 387
1514 3035 1653 3082 posita.

461 3087 477 3111 ¹²
525 3085 823 3127 Stevordianus.
950 3092 963 3112 ⁵
1014 3092 1251 3142 Swagerius.
1374 3093 1389 3118 ⁶
1438 3093 1539 3133 Vide
1557 3094 1672 3144 epist.
1689 3093 1772 3137 361,
1788 3105 1855 3134 nn.
1875 3092 1897 3129 3
1915 3097 1956 3130 et
1972 3103 2012 3144 4·
