2228 3548
377 296 422 334 72
889 284 1029 320 Eprsr.
1057 281 1101 317 P.
1130 277 1401 316 NADAL—380

326 396 389 443 et,
415 389 611 431 anchora
632 387 718 431 che
749 400 841 429 non
874 385 1003 428 siano
1036 382 1083 426 di
1114 396 1240 438 peSO,
1265 395 1339 424 ma
1370 378 1559 424 bastano
1588 391 1668 435 per
1683 375 1809 420 ssarci
1839 381 1960 420 stare

325 480 456 523 sopra
473 463 518 507 di
535 463 627 518 noi,
649 470 695 508 et
711 476 770 507 ue
786 463 828 507 16
844 461 1105 505 hauerebbe
1121 458 1281 503 scritto
1297 471 1378 514 per
1392 456 1482 500 mia
1498 469 1648 509 mano,
1667 469 1718 500 se
1738 468 1831 498 non
1852 467 1957 510 per-

324 544 408 586 che
430 541 489 585 mi
509 548 650 585 trema
677 542 686 562 ¹
711 547 799 584 etc.

410 620 450 662 A
473 621 602 675 tergo
623 617 752 661 nulla
774 620 839 660 est
860 615 1113 671 inscriptio,
1135 613 1212 657 sed
1239 613 1348 656 lzaec
1369 615 1548 656 tantum
1569 614 1702 654 nota:
1725 610 1774 654 C.

1074 722 1201 767 381)

768 802 820 844 Ρ.
857 799 1272 844 HIERONYMUS
1304 798 1524 842 NADAL

652 875 895 914 SANCTO
935 873 1283 913 FRANCISCO
1317 875 1396 911 DE
1434 873 1632 921 BORJA

814 950 1058 986 AUGUSTAE,
1085 949 1129 986 27
1151 949 1316 977 APRILIS
1338 939 1428 986 1506
1445 943 1474 976 ².

320 1019 354 1046 Ι.
373 1009 434 1045 De
452 1009 552 1044 libro
570 1010 724 1045 comitis
736 1008 919 1056 palatini
942 1007 1206 1055 confutando.
1217 1016 1293 1043 —2.
1316 1006 1548 1043 Ledesmam
1566 1005 1611 1041 in
1632 1003 1858 1040 Germania
1869 1004 1963 1049 per·

365 1080 528 1105 manere
550 1070 824 1115 exoptat.—3.
853 1068 914 1103 De
930 1067 1136 1115 facultate
1155 1067 1317 1115 legendi
1340 1067 1462 1102 libros
1480 1065 1701 1114 prohibitos
1723 1065 1837 1100 caute
1860 1072 1962 1098 com-

367 1129 726 1173 municanda.—4.
748 1127 934 1175 Singulis
951 1127 1207 1163 hebdomadis
1223 1126 1361 1162 scribit
1374 1126 1572 1174 Borgiae.
1583 1145 1615 1150 -
1627 1133 1665 1169 5.
1687 1123 1748 1159 De
1762 1123 1812 1158 P.
1835 1121 1961 1157 Lana·

362 1187 513 1235 ,να-6.
534 1188 583 1223 P.
605 1187 913 1223 Stevordianus:
931 1187 1092 1235 collegii
1109 1185 1357 1222 monacensis
1374 1185 1666 1233 inspectio.—7.
1686 1183 1749 1219 De
1766 1180 1961 1230 confessa-

371 1248 434 1283 rio
452 1240 609 1294 reginis
614 1247 892 1293 procurando.

419 1326 455 1356 1.
515 1314 642 1370 Jhus.
668 1315 764 1356 Pax
786 1311 956 1356 Christi
979 1319 1066 1355 etc.
1094 1312 1257 1366 Padre,
1283 1318 1490 1357 tenemos
1511 1325 1603 1354 una
1630 1307 1960 1353 difficultad'en

323 1390 569 1446 responder
591 1390 633 1432 al
654 1389 770 1433 libro
793 1390 865 1433 del
886 1389 1086 1446 palatino
1110 1390 1143 1443 ³,
1169 1403 1258 1445 que
1280 1389 1323 1432 el
1343 1389 1508 1446 legado
1530 1402 1589 1431 no
1618 1386 1774 1443 quiere
1801 1399 1891 1441 que
1911 1398 1962 1429 se

322 1466 564 1522 responda,
590 1481 620 1522 y
642 1467 683 1510 el
705 1467 915 1510 eardenal
937 1468 993 1510 de
1023 1467 1240 1523 Augusta
1263 1465 1382 1510 insta
1410 1466 1753 1523 grandemente,
1788 1463 1831 1506 al
1857 1461 1964 1518 qual

324 1542 523 1586 dezimos
546 1557 635 1597 que
656 1557 841 1586 auemos
863 1545 1142 1600 comencado
1163 1547 1189 1587 a
1211 1544 1420 1588 attender
1437 1546 1463 1586 a
1479 1543 1537 1595 el,
1558 1556 1688 1585 como
1705 1555 1755 1584 es
1772 1539 1959 1591 uerdad3

322 1634 352 1675 y
374 1619 416 1662 al
439 1620 603 1675 legado
626 1619 824 1663 dezimos
847 1635 935 1676 que
964 1621 1099 1665 hable
1121 1634 1208 1664 con
1238 1622 1469 1677 Augusta,
1495 1634 1603 1676 para
1623 1617 1803 1662 hazerle
1823 1617 1964 1661 dexar

323 1697 366 1739 la
387 1695 619 1752 impressa,
645 1711 816 1753 porque
839 1705 1047 1742 nosotros
1076 1713 1137 1742 no
1168 1699 1384 1755 podemos
1412 1698 1551 1741 dexar
1573 1697 1630 1740 de
1652 1696 1899 1740 obedescer
1920 1695 1962 1738 al

323 1773 502 1829 legado.
528 1774 646 1817 Creo
670 1787 757 1828 que
779 1789 828 1818 se
858 1776 1170 1818 concordaran
1200 1790 1257 1820 en
1286 1781 1404 1829 esto,
1436 1788 1526 1830 que
1548 1788 1608 1817 no
1638 1787 1687 1816 se
1714 1774 1835 1829 haga
1855 1784 1961 1815 cosa

325 1863 414 1904 que
436 1863 486 1892 se
507 1851 656 1906 pueda
672 1851 752 1893 dar
769 1852 912 1907 fuera,
933 1867 990 1897 en
1008 1852 1180 1909 tiempo
1198 1853 1256 1896 de
1277 1853 1320 1896 13
1335 1851 1543 1908 legacion
1561 1865 1690 1906 suya,
1710 1864 1741 1906 y
1758 1863 1847 1905 que
1862 1862 1961 1893 res-

327 1930 422 1969 tara
449 1926 560 1969 libre
591 1931 617 1970 3
645 1941 733 1982 que
760 1928 953 1984 despues
982 1944 1030 1973 se
1059 1930 1208 1986 pueda
1236 1929 1498 1986 respondet,
1530 1931 1680 1984 segsm
1701 1928 1759 1970 ha
1780 1940 1960 1983 prome-

324 2002 418 2046 tido
440 2004 482 2047 el
504 2004 729 2058 cardenal;
756 2020 782 2061 y
806 2009 903 2049 ansi
925 2021 975 2051 se
997 2009 1087 2050 han
1108 2007 1335 2051 mandado
1355 2020 1414 2063 ya
1442 2011 1609 2063 puntos
1636 2008 1663 2048 a
1690 2003 1911 2060 Inglestat
1932 2017 1962 2059 y

328 2083 355 2123 a
374 2079 576 2136 DiIinga,
615 2096 645 2137 y
682 2082 724 2126 el
762 2083 819 2124 P.
867 2083 1051 2127 Canisio
1090 2099 1139 2128 se
1176 2085 1235 2128 ha
1271 2083 1560 2140 desocupado
1595 2096 1708 2139 para·
1740 2081 1844 2135 ello,
1870 2095 1899 2136 y
1921 2081 1963 2125 61

327 2158 380 2199 Ρ.
408 2157 630 2200 Ledesma
658 2171 716 2213 oy
738 2161 766 2201 ὁ
794 2165 987 2203 mafiana
1018 2161 1209 2205 acabara
1237 2175 1328 2205 una
1356 2158 1684 2211 controuersia,
1716 2172 1746 2214 y
1773 2171 1823 2201 se
1855 2157 1964 2202 dara

327 2233 430 2276 todo
453 2237 478 2276 a
501 2241 601 2278 esto
628 2241 664 2277 a.
691 2235 862 2291 Espero
883 2251 972 2292 que
994 2252 1042 2282 se
1062 2239 1172 2281 hara
1195 2252 1301 2282 cosa
1323 2238 1379 2281 (16
1397 2251 1514 2294 gran
1541 2234 1734 2280 seruicio
1765 2235 1822 2278 de
1850 2233 1963 2278 Dios

325 2316 510 2354 nuestro
538 2311 703 2365 Sefior3
735 2326 831 2355 mas
858 2315 966 2357 hase
993 2315 1049 2358 de
1079 2315 1216 2359 mirar
1237 2330 1346 2371 muy
1372 2313 1495 2367 bien,
1527 2328 1557 2370 y
1585 2314 1645 2356 ha
1671 2313 1728 2356 de
1755 2325 1829 2355 ser
1857 2325 1963 2354 cosa

393 2452 414 2473 a
451 2446 544 2482 Post
561 2447 632 2482 hoc
650 2448 760 2483 verb.
780 2448 887 2495 prius
905 2450 1000 2485 haec
1018 2451 1230 2498 scripserat
1257 2450 1347 2487 libr.
1365 2451 1449 2486 solo
1467 2461 1529 2486 me
1546 2450 1730 2497 espanta,·
1746 2459 1846 2495 quae
1864 2445 1961 2482 obli-

324 2508 446 2539 terata
464 2512 571 2541 sunt.

396 2618 406 2638 ¹
456 2618 514 2652 Ex
532 2617 591 2653 his
609 2618 756 2655 ultimis
774 2620 905 2656 verbis
924 2622 1071 2659 eruitur
1090 2625 1349 2672 archetypum
1367 2634 1445 2659 non
1464 2634 1487 2658 a
1504 2621 1650 2668 Natali,
1665 2620 1735 2656 sed
1751 2619 1962 2668 probabili—

323 2679 381 2710 ter
398 2676 446 2710 ab
464 2676 549 2721 ipso
567 2678 614 2713 P.
639 2677 834 2724 Jimenez,
853 2679 920 2726 qui
946 2681 1077 2717 Natali
1096 2695 1118 2718 a
1140 2683 1304 2719 secretis
1329 2682 1479 2726 aderat,
1504 2685 1705 2717 exaratum
1722 2679 1863 2715 fuisse.
1888 2678 1964 2715 Na-

323 2733 411 2769 talis
429 2736 758 2783 subscriptionem
778 2749 887 2774 suam
905 2740 1035 2776 omisit
1054 2742 1093 2777 in
1112 2743 1185 2778 hoc
1204 2742 1444 2790 apographo.
1918 2770 1923 2775 «

397 2795 410 2814 2
461 2794 517 2828 Ex
532 2796 758 2843 archetypo,
768 2808 790 2832 a
803 2796 981 2844 Jimenez
995 2807 1168 2849 exarato,
1178 2808 1218 2839 et
1233 2801 1385 2838 Natalis
1399 2812 1516 2837 manu
1529 2798 1765 2846 subscripto,
1780 2797 1820 2833 in
1834 2798 1965 2846 Epist.

322 2850 478 2896 Natal.‚
498 2853 549 2898 ΙΙ,
568 2854 714 2900 duplici
732 2854 826 2902 fol„
849 2865 915 2892 120
934 2858 1013 2905 (80,
1035 2860 1116 2905 81).

393 2911 407 2931 ⁵
457 2911 701 2949 «Fridericus
727 2914 801 2950 111.
831 2916 986 2953 Elector
1014 2919 1233 2968 Palatinus,
1258 2931 1376 2968 quem
1400 2918 1622 2955 Calviniani
1652 2918 1692 2954 in
1717 2929 1806 2954 suas
1836 2921 1968 2965 partes

322 2974 532 3012 traxerant,
553 2971 695 3008 librum
713 2984 784 3009 suo
799 2974 955 3011 nomine
974 2979 1125 3024 vulgari
1142 2979 1336 3026 permisit,
1360 2989 1437 3026 quo
1451 2989 1604 3014 omnem
1624 2976 1826 3013 Pontificis
1844 2975 1968 3023 Juris·

318 3027 531 3065 dictionem
552 3030 764 3068 Germania
783 3036 1117 3074 exterminandam
1142 3051 1231 3075 esse
1254 3037 1579 3080 contendebatur,
1599 3048 1754 3085 unaque
1778 3041 1819 3072 et
1836 3033 1966 3082 Jesui-

323 3091 479 3124 tas...»
500 3088 766 3128 AGRICOLA...
787 3093 864 3128 loc.
890 3093 974 3140 cit.,
993 3096 1025 3143 Ι,
1044 3105 1104 3141 95.
