2228 3548
395 285 467 333 390
911 282 1050 319 prsr.
1078 281 1122 317 P.
1150 279 1419 327 Nauem—465

347 388 396 430 ni
433 387 518 430 alle
556 399 660 429 cose
702 383 976 437 occurrenti,
1016 389 1062 427 et
1097 383 1143 426 d’
1167 382 1376 427 intendet
1411 382 1528 426 bene
1565 387 1685 425 tutto
1722 381 1749 423 1’
1775 380 1913 425 esser'
1932 376 1982 421 di

348 464 496 520 quest'
527 476 679 518 opere,
712 459 866 503 auanti
895 459 939 502 di
969 458 1261 503 conchiuder’
1285 458 1317 502 il
1345 465 1482 513 tutto,
1512 458 1574 502 mi
1595 471 1726 515 parse
1753 456 1909 501 andar’
1934 455 1976 498 al

348 540 641 584 arciuescouo
670 538 717 581 in
740 536 1062 593 Aschemburg
1083 537 1112 589 ⁴,
1140 537 1227 581 che
1253 537 1279 580 6
1307 537 1397 580 due
1419 534 1626 592 giornate
1652 535 1699 578 di
1725 549 1836 591 qua,
1860 540 1906 577 et
1935 531 1973 576 si

348 631 480 674 passa
507 629 586 672 per
612 617 648 658 F
653 613 954 659 ranchfordia.
987 614 1023 657 Il
1043 613 1238 670 disegno
1269 613 1340 665 fu,
1365 611 1479 655 darli
1499 611 1723 669 raggione
1743 612 1787 655 d'
1812 612 1980 655 alcunev

348 708 474 747 cose,
515 691 779 736 consultarli
817 691 951 744 altre,
992 696 1037 736 et
1074 689 1448 747 principalmente
1475 690 1647 732 trattar’
1671 689 1788 733 della
1809 688 1974 732 funda-

349 770 472 815 tione
502 770 559 814 de
587 776 747 825 questo
775 767 984 825 collegio.
1018 768 1275 812 Andammo
1303 768 1412 811 Mro.
1444 765 1665 819 Antonio,
1698 767 1814 810 Mro.
1840 767 1970 810 Lam-

348 849 478 891 berto
499 854 545 890 et
566 845 626 889 io.
651 846 706 889 Ci
730 845 866 888 tratto
888 843 1380 896 humanissimamente,
1405 842 1483 900 piu
1504 844 1588 887 che
1605 842 1694 887 mai
1714 843 1774 886 ha
1794 848 1985 886 trattato

349 924 380 967 li
402 923 560 978 nostri,
590 922 827 968 uolendoci
847 924 1005 967 hauer'
1025 925 1203 978 sempre
1225 921 1311 964 alla
1326 935 1409 965 sua
1426 921 1593 974 tauola,
1613 934 1713 964 sera
1733 926 1779 963 et
1794 919 1980 972 matina,

348 1002 379 1044 il
402 1003 486 1045 che
509 1015 600 1044 non
624 1001 783 1044 faceua
807 999 949 1056 prima
969 999 1078 1042 cosi.
1106 999 1270 1043 Hebbe
1291 997 1613 1054 specialmente
1629 1011 1716 1041 con
1737 1011 1810 1040 me
1830 1003 1876 1040 et
1892 997 1981 1040 co’l

352 1081 403 1122 P.
431 1079 675 1123 Lamberto
697 1074 835 1120 molto
857 1075 1062 1120 familiari
1084 1074 1420 1120 conuersationi
1442 1081 1487 1119 et
1509 1075 1699 1131 lunghe.
1725 1073 1779 1118 Li
1800 1074 1860 1117 ho
1877 1087 1982 1130 pro-

349 1162 481 1212 posto
504 1155 665 1199 alcune
687 1168 807 1207 cose,
832 1153 875 1197 la
897 1153 971 1197 cui
993 1152 1184 1210 risposta
1205 1153 1305 1196 sara
1328 1167 1414 1196 con
1435 1159 1613 1208 questa,
1638 1158 1683 1195 et
1705 1151 1855 1207 quello
1876 1150 1982 1195 delli

349 1231 508 1285 ollarii,
528 1246 554 1275 e
571 1233 656 1276 che
674 1231 802 1283 facci,
823 1244 951 1274 come
967 1229 999 1273 il
1015 1229 1240 1273 cardinale
1256 1230 1300 1272 d’
1321 1230 1536 1286 Augusta
1558 1229 1591 1283 ²,
1617 1243 1706 1272 vna
1721 1227 1908 1285 pignata
1924 1228 1987 1271 de

349 1315 577 1353 menestra
597 1309 640 1352 13
658 1307 842 1360 matina,
862 1314 908 1351 et
925 1322 985 1349 vn
1003 1307 1116 1350 altra
1132 1307 1174 1351 13
1191 1321 1306 1360 5613,
1327 1308 1413 1351 6116
1429 1305 1546 1350 basti
1563 1320 1644 1362 per
1662 1295 1986 1351 tratenimento

353 1387 411 1431 de
433 1392 579 1431 trenta
601 1400 628 1428 o
651 1391 870 1441 quaranta
900 1383 1091 1427 scholari
1124 1383 1297 1440 poueri,
1322 1383 1354 1427 il
1381 1385 1466 1428 che
1497 1397 1631 1440 spero
1665 1383 1759 1426 fara
1774 1416 1784 1436 ,
1809 1389 1855 1426 et
1883 1384 1983 1437 sara

351 1478 442 1506 vna
463 1463 602 1506 molto
623 1463 762 1505 buon'
786 1476 935 1518 opera.
959 1462 1023 1505 Le
1045 1461 1157 1524 altre
1179 1475 1285 1506 cose
1306 1461 1472 1505 uedera
1492 1461 1535 1504 13
1554 1461 1606 1503 P.
1628 1461 1687 1504 V.
1707 1474 1787 1517 per
1802 1461 1845 1504 la
1862 1459 1979 1504 lista:

352 1554 493 1597 penso
515 1554 607 1583 non
630 1553 754 1584 esser
775 1538 820 1581 di
842 1537 1052 1595 bisognio
1073 1537 1364 1595 espositione.
1385 1539 1574 1594 Quanto
1597 1538 1637 1581 al
1661 1536 1846 1594 negotio
1868 1537 1987 1580 della

353 1615 637 1670 fundatione,
672 1617 721 1658 fu
754 1615 909 1658 uario:
944 1614 1007 1658 lui
1040 1615 1209 1659 mostro
1240 1629 1419 1671 sempre
1447 1615 1585 1658 molto
1615 1615 1739 1657 buon
1768 1614 1918 1657 animo
1940 1614 1986 1657 di

354 1694 593 1737 fundarlo:
630 1692 726 1736 dise
757 1694 911 1736 hauer’
936 1691 1011 1748 gia
1043 1707 1104 1735 vn
1137 1691 1408 1736 monasterio
1435 1693 1640 1736 desolato
1668 1692 1725 1735 de
1746 1693 1983 1746 monache,

354 1769 593 1827 designato
625 1783 704 1826 per
736 1776 911 1826 questo,
946 1784 1019 1813 ma
1055 1771 1139 1813 che
1167 1784 1259 1813 non
1287 1783 1456 1826 sapeua
1487 1783 1653 1813 ancora
1690 1776 1860 1825 quanto
1892 1770 1989 1825 puo

357 1848 523 1892 ualere.
550 1846 776 1890 Dimando
799 1845 829 1888 il
856 1847 990 1890 modo
1013 1847 1069 1891 de
1097 1847 1287 1891 fundare
1308 1862 1317 1890 z
1341 1846 1374 1889 li
1400 1846 1571 1890 desimo
1594 1847 1744 1903 quello
1765 1845 1811 1889 di
1833 1845 1980 1903 Spira:

355 1925 525 1968 mostro
547 1923 837 1967 contentarsi:
863 1930 908 1966 et
930 1925 1121 1969 essendo
1142 1924 1186 1967 in
1210 1923 1358 1980 questi
1380 1923 1568 1981 negotii,
1594 1938 1709 1968 vene
1729 1925 1803 1968 vn’
1827 1925 1986 1968 amba—

357 2001 549 2046 sciatore
571 2001 676 2045 dell’
700 1999 970 2057 imperatore
1001 2016 1080 2057 per
1110 2009 1246 2045 conto
1268 2002 1385 2045 della
1405 2000 1525 2055 dieta
1545 2002 1603 2044 de
1624 2001 1915 2055 Rastisbona3
1940 2008 1987 2045 et

359 2079 574 2122 hauendo
603 2078 650 2121 di
678 2079 784 2121 star'
810 2085 1030 2134 occupato
1059 2078 1240 2122 alchuni
1269 2078 1417 2136 giomi
1453 2093 1539 2122 con
1561 2078 1646 2131 lui,
1671 2077 1993 2122 rimandasimo-

360 2155 407 2198 in
437 2155 677 2211 Moguntia
704 2154 735 2198 il
768 2156 820 2198 P.
854 2155 1070 2209 Antonio,
1101 2170 1181 2212 per
1202 2158 1378 2201 metter'
1403 2155 1450 2199 in
1478 2155 1798 2211 essequutione
1828 2155 1994 2198 alcune

359 2246 464 2276 cose
495 2234 581 2277 che
617 2233 655 2276 s’
679 2246 815 2276 erano
851 2232 1074 2286 ordinate,
1109 2233 1302 2277 dicendo
1333 2233 1477 2290 prima
1513 2233 1544 2276 il
1581 2234 1726 2290 parer’
1751 2247 1835 2276 suo
1871 2232 1994 2276 circa

360 2316 480 2352 tutto
502 2308 533 2351 il
561 2308 745 2365 negotio
773 2310 857 2352 che
886 2317 1064 2353 restaua
1086 2325 1111 2353 a
1143 2310 1356 2355 trattarsi.
1385 2310 1558 2354 Partito
1590 2311 1619 2352 l’
1645 2310 1987 2363 ambasciatore‚

361 2385 601 2430 strinsemo
629 2386 720 2438 noi,
747 2392 915 2441 quanto
943 2386 980 2429 si
1007 2388 1160 2443 puote‚
1186 2387 1216 2430 il
1237 2387 1437 2444 negotio;
1462 2395 1508 2431 et
1538 2388 1582 2431 la
1612 2387 1874 2431 risolutione
1905 2388 1992 2431 che

362 2469 578 2518 puotemo
613 2464 769 2507 hauer’
794 2463 820 2505 e
857 2470 1036 2518 questa,
1067 2463 1418 2521 congiongendo
1444 2464 1554 2521 ogni
1581 2478 1706 2508 cosa.
1739 2465 1837 2508 Che
1868 2479 1894 2507 a
1925 2463 1987 2507 lui

363 2554 455 2582 non
476 2538 507 2581 li
530 2554 636 2595 pare
658 2540 702 2582 d’
722 2541 877 2583 hauer’
897 2554 922 2582 a
956 2541 1048 2584 fare
1079 2541 1271 2584 alchuna
1304 2540 1581 2598 obligatione
1617 2541 1673 2584 116
1704 2539 1984 2595 fundatione,

363 2630 499 2660 senza
521 2617 764 2660 consultar'
785 2615 926 2672 prima
941 2616 970 2658 il
989 2617 1196 2673 capitolo:
1221 2625 1266 2662 et
1289 2617 1334 2661 in
1357 2625 1518 2674 questo
1539 2617 1580 2661 ci
1601 2617 1835 2674 stringeua
1856 2632 1882 2660 a
1903 2618 1992 2662 6116

363 2693 393 2735 11
425 2693 599 2737 (13511110
631 2693 816 2745 credito,
843 2694 1008 2748 perche
1040 2693 1102 2737 lui
1134 2709 1302 2751 sapeua
1323 2696 1408 2739 che
1430 2695 1587 2739 faceua
1609 2694 1774 2751 meglio
1796 2709 1875 2750 per
1896 2693 1988 2747 noi,

365 2776 410 2814 et
447 2771 532 2813 che
569 2769 606 2813 si
644 2769 707 2812 lui
736 2771 884 2814 facese
912 2770 1102 2825 qualche
1129 2785 1235 2815 cosa
1270 2785 1407 2816 senza
1434 2771 1465 2814 il
1493 2771 1710 2827 capitolo,
1742 2772 1837 2827 ipso
1864 2772 1998 2830 facto-

366 2853 527 2902 questo
556 2847 746 2891 sarebbe
773 2853 928 2890 nostro
956 2847 1181 2891 contrario
1209 2855 1255 2892 et
1275 2862 1359 2892 suo
1387 2847 1432 2891 in
1464 2849 1599 2904 quell’
1624 2862 1773 2904 opera.
1802 2847 1856 2891 Ci
1878 2848 1996 2891 sfor-

363 2923 533 2967 zasimo
552 2928 702 2967 tamen
734 2938 760 2966 a
791 2938 947 2980 sapere
977 2925 1004 2966 l'
1029 2924 1279 2970 intentione
1300 2940 1407 2969 sua:
1433 2925 1496 2969 lui
1520 2926 1689 2970 mostro
1712 2926 1864 2970 uolere
1886 2926 1997 2969 (1316

442 3033 450 3052 ¹
502 3031 602 3066 Vide
620 3043 750 3078 supra,
769 3042 859 3078 pag.
885 3029 970 3075 367.

435 3091 450 3111 ⁹
500 3088 596 3127 Otto
612 3091 828 3127 Truchsess
848 3090 896 3126 de
920 3091 1152 3138 Waldburg.
1178 3119 1181 3122 ,
