2228 3548
404 266 477 302 382
878 283 882 286 «
938 263 1075 298 EP1ST.
1103 261 1148 296 Ρ.
1176 261 1447 307 NADAL—465

448 366 695 420 Inscriptio
719 365 770 407 in
793 367 951 407 octava
971 363 1172 420 pagina:
1186 363 1321 420 Jhus.
1347 363 1609 407 Admodum
1631 364 1748 408 Rdo.
1775 364 1900 408 Patri
1921 379 2009 409 no-

352 452 453 487 stro
470 442 517 484 in
533 441 717 485 Christo
735 440 983 484 Francisco
1006 454 1032 483 a
1051 439 1237 501 Borgia,
1256 439 1498 485 Societatis
1513 442 1624 499 Jesu
1647 441 1904 498 praeposito
1920 456 2004 500 ge-

359 519 515 572 nerali,
542 526 629 563 etc.
657 520 814 562 Roma.
835 518 946 561 Alia
969 517 1175 575 manin-1·
1191 532 1236 574 p.
1257 532 1299 562 e.
1319 532 1381 561 m.
1408 518 1534 573 1567.
1557 518 1810 576 Moguntia.
1833 520 1887 564 P.
1907 520 2003 564 Na-

361 596 464 639 tale.
493 608 548 638 20
570 594 615 638 di
639 593 800 638 Febr.⁰
823 595 874 640 C.
908 595 1163 652 Vestigium
1186 595 1350 652 sigilli.

1108 712 1110 714 >
1134 694 1258 735 1185

808 767 861 811 P.
899 767 1314 812 HIERONYMUS
1345 767 1565 812 NADAL

687 842 931 881 SANCTO
969 842 1328 881 FRANCISCO
1366 843 1443 880 DE
1480 843 1674 891 BORJA

811 917 1077 955 MOGUN‘mAE,
1096 918 1142 945 20
1160 917 1386 945 FEBRUARH
1407 909 1496 954 1567
1516 911 1548 946 ¹.

352 983 391 1010 J.
413 975 576 1010 Natalis
590 978 706 1023 gesta
725 974 978 1022 Moguntiae:
998 975 1097 1010 ordo
1118 974 1315 1010 tirocinii:
1332 975 1537 1022 separatio
1559 975 1761 1012 convictus
1783 978 1820 1012 et
1843 975 2006 1024 collegii

407 1034 628 1071 societatis:
647 1034 876 1070 scholarum
894 1034 1116 1069 ordinatio:
1141 1034 1358 1081 disciplina
1382 1034 1612 1070 domestica:
1640 1035 1850 1083 templum:
1869 1037 2006 1084 perso-

407 1103 504 1131 nae:
531 1094 679 1130 Petrus
708 1093 958 1129 coloniensis:
989 1094 1187 1141 magister
1203 1092 1402 1140 Jodocus:
1432 1095 1512 1129 tres
1536 1093 1748 1129 candidati
1778 1093 2002 1130 Societatis:

406 1153 605 1189 librorum
638 1153 828 1189 delectus:
860 1152 996 1194 varia,
1031 1152 1086 1188 ad
1118 1152 1376 1188 domesticam
1410 1152 1669 1200 disciplinam
1708 1153 2001 1200 spectantia.-

404 1221 446 1248 2.
471 1212 525 1248 P.
558 1213 680 1248 Vinck
705 1212 892 1249 Treviros
915 1212 1096 1247 mittitur
1113 1212 1167 1247 ad
1191 1214 1455 1258 tempus.-3.
1481 1211 1543 1248 De
1566 1212 1734 1260 collegio
1755 1212 2000 1260 spirensi.—

406 1283 452 1317 4.
481 1271 896 1319 Aschaffemburgum
919 1271 1082 1307 Natalis
1105 1283 1195 1307 cum
1220 1271 1313 1306 ΡΡ.
1357 1271 1480 1307 Vinck
1509 1275 1546 1307 et
1575 1272 1687 1308 Auer
1711 1271 2000 1319 proficiscitur:

406 1344 497 1367 cum
514 1332 808 1379 archiepiscopo
826 1331 873 1366 de
896 1330 1057 1378 collegii
1073 1330 1310 1378 moguntini
1331 1331 1535 1367 dotatione
1560 1331 1852 1379 negotiatur.-
1858 1341 1895 1376 5.
1918 1331 2001 1368 Na-

406 1392 503 1427 talis
531 1390 852 1438 Francosordiae
881 1393 1031 1426 statum
1060 1390 1259 1426 sociorum
1289 1390 1468 1438 inspicit:
1492 1391 1670 1426 rationes
1690 1394 1769 1439 pro
1797 1394 1835 1428 et
1860 1394 2001 1428 contra

405 1450 569 1497 collegii
602 1450 895 1485 institutionem
929 1449 1130 1496 expendit:
1164 1449 1282 1485 illam
1316 1450 1484 1486 minime
1522 1450 1708 1497 expedire
1739 1450 2004 1487 concludit.-

408 1509 445 1545 6.
462 1508 735 1556 Difficultates
748 1509 793 1544 in
792 1508 1044 1555 fundatione
1056 1509 1230 1556 spirensi
1245 1512 1496 1545 occurrentes
1502 1511 1890 1557 proponuntur.—7.
1899 1510 2003 1546 Her-

403 1569 615 1616 bipolensis
632 1571 859 1604 contractus
869 1568 1058 1616 formula
1073 1568 1206 1615 placet
1228 1567 1393 1605 canisio
1410 1571 1447 1604 et
1464 1568 1620 1613 Natali3
1635 1572 1771 1616 pauca
1800 1572 1936 1605 tamen
1953 1569 2003 1605 ab

405 1629 474 1664 hoc
491 1631 702 1664 notantur.
714 1627 801 1663 —8.
826 1628 1014 1663 Doctores
1026 1628 1158 1663 selecti
1171 1639 1259 1663 cum
1276 1628 1402 1664 Patre
1416 1628 1540 1670 Phae‘,
1554 1629 1843 1671 concionatore,
1858 1628 2003 1665 Herbi·

403 1687 532 1735 polim
551 1687 738 1723 mittendi
755 1687 957 1729 videntur,
980 1689 1023 1722 ut
1045 1687 1311 1734 expectationi
1327 1687 1503 1723 civitatis
1519 1687 1710 1735 satisfiat.

461 1766 497 1797 1.
557 1755 688 1811 Jhus.
721 1754 860 1796 Molto
883 1753 999 1796 Rdo.
1027 1755 1079 1796 P.
1107 1754 1164 1797 N.
1191 1752 1235 1796 in
1260 1752 1456 1797 Christo.
1484 1755 1580 1797 Pax
1607 1753 1914 1806 Christi‚-etc.
1946 1754 1996 1797 In

359 1837 524 1886 questa
545 1844 631 1873 con
652 1830 696 1873 la
726 1829 872 1887 gratia
893 1830 966 1874 del
998 1829 1194 1887 Signore
1225 1830 1333 1873 dato
1364 1829 1552 1886 ragione
1579 1831 1665 1874 alla
1693 1832 1747 1874 P.
1783 1831 1841 1875 V.
1877 1830 1996 1876 della

360 1907 632 1961 visitatione,
653 1908 946 1952 breuemente
963 1914 1134 1963 quanto
1153 1907 1331 1963 puotro,
1350 1913 1396 1951 et
1412 1906 1518 1950 delli
1535 1906 1707 1964 negotii
1725 1906 1898 1951 trattati
1913 1921 1995 1964 per

360 1984 407 2028 di
430 1999 534 2040 qua.
559 1985 606 2027 Io
630 1984 837 2029 venendo
861 1983 906 2026 di
928 1998 1015 2039 qua
1038 1983 1099 2026 mi
1121 1982 1401 2036 determinai,
1427 1983 1584 2040 prima,
1609 1998 1636 2027 a
1657 1998 1749 2027 non
1770 1984 1924 2027 andar'
1947 1984 1995 2028 in

362 2062 492 2115 freta,
519 2070 564 2107 et
585 2060 659 2118 poi
681 2061 942 2106 tratenermi
965 2075 1024 2105 vn
1040 2067 1061 2089 ²
1090 2075 1203 2117 poco
1224 2060 1302 2117 piu
1323 2061 1395 2104 del
1418 2060 1688 2114 necessario,
1722 2075 1802 2117 per
1831 2060 1996 2118 pigliar

361 2140 528 2183 alchun
549 2137 802 2196 refrigerio,
833 2138 906 2182 del
934 2139 1067 2194 quale
1094 2140 1275 2182 haueua
1295 2137 1341 2181 di
1362 2136 1588 2194 bisognio,
1613 2137 1890 2182 intendendo
1916 2152 1993 2182 es-

358 2219 447 2261 ser'
471 2223 631 2272 questa
652 2216 696 2259 la
714 2215 898 2258 volonta
920 2216 1037 2258 della
1060 2217 1111 2258 P.
1138 2216 1215 2259 V.:
1240 2221 1286 2258 et
1307 2214 1601 2268 tuttaviahson
1618 2221 1736 2258 stato
1751 2214 1990 2259 continua-

360 2300 512 2337 mente
534 2298 771 2349 occupato,
795 2306 846 2336 se
867 2306 957 2335 non
980 2291 1118 2348 quelli
1137 2291 1285 2349 giorni
1306 2293 1390 2335 che
1418 2298 1535 2336 stete
1562 2291 1652 2335 co’l
1678 2290 1882 2348 principe
1898 2291 1914 2313 ⁸
1944 2290 1991 2335 in

360 2371 699 2426 Aschemburg.
725 2370 775 2412 In
797 2375 957 2424 questo
979 2368 1187 2426 collegio,
1214 2369 1330 2413 oltre
1351 2369 1436 2412 alle
1457 2382 1565 2412 cose
1581 2367 1806 2412 ordinarie
1821 2369 1878 2412 de
1894 2375 1990 2412 tut—

359 2448 407 2500 ti,
434 2448 554 2491 com’
579 2447 603 2491 ὲ
623 2445 910 2499 essaminare,
936 2445 1076 2490 sentir
1097 2445 1385 2499 confessioni,
1410 2447 1506 2490 fare
1526 2445 1844 2500 exhortationi,
1875 2453 1984 2498 etc.‚

347 2539 469 2568 -sono
492 2530 608 2568 state
628 2523 767 2567 molte
787 2522 914 2577 altre,
935 2523 1020 2567 alle
1042 2523 1162 2579 quali
1184 2522 1578 2580 particolarmente
1599 2524 1659 2564 m’
1685 2522 1708 2565 ὲ
1730 2521 1987 2578 bisogniato

428 2669 449 2690 a
488 2661 574 2697 Hoc
592 2660 703 2696 verb.
722 2657 870 2695 addidit
887 2658 980 2694 libr.
1001 2640 1120 2706 ¹supra
1137 2670 1245 2695 vers.

432 2782 440 2801 ¹
493 2780 553 2815 Ex
571 2779 798 2824 archetypo,
816 2788 838 2812 a
856 2776 1033 2823 Jimenez
1052 2782 1226 2823 exarato,
1244 2781 1286 2813 et
1308 2776 1459 2812 Natalis
1478 2787 1593 2812 manu
1611 2775 1819 2812 emendato
1836 2782 1876 2813 et
1899 2777 1990 2813 sub-

340 2838 515 2885 scripto,
540 2838 580 2874 in
605 2838 741 2886 Epist.
763 2835 925 2880 Natat„
947 2837 998 2881 ΙΙ,
1017 2836 1260 2884 quadruplici
1283 2834 1373 2882 fol.,
1397 2843 1464 2881 172
1486 2837 1693 2880 (524-527).
1723 2836 1784 2871 De
1807 2836 1925 2872 rebus
1949 2836 1991 2872 in

355 2899 427 2934 hac
457 2898 623 2944 epistola
653 2895 828 2933 tractatis
851 2894 906 2932 cf.
935 2895 1103 2943 append.
1129 2896 1200 2942 VI,
1225 2896 1315 2940 VII,
1346 2895 1475 2941 XVII,
1506 2895 1593 2942 XX,
1624 2895 1810 2942 XXVIII,
1841 2895 1986 2940 XXXI,

340 2956 536 3003 XXXVI,
555 2956 743 2991 XXXVII
760 2960 801 2991 et
818 2954 926 2990 XLII
937 2981 946 2991 .

424 3018 438 3038 ²
488 3015 533 3051 Id
562 3020 636 3060 est,
671 3016 818 3052 elector
851 3018 891 3049 et
924 3014 1240 3062 archiepiscopus
1274 3013 1526 3060 moguntinus
1560 3013 1700 3050 Daniel
1734 3013 1902 3050 Brendel
1934 3014 1985 3050 ab

339 3075 579 3121 aHomburg.
