2228 3548
383 247 454 293 672
894 246 1034 283 EPIST.
1063 246 1107 282 P.
1135 245 1331 284 NADAL-
1337 246 1409 292 560

333 350 398 406 gli
429 346 642 404 quatrini,
677 353 789 390 maa
815 346 861 390 di
897 353 1060 403 questo
1096 347 1249 392 scriuo
1276 347 1413 392 etiam
1448 350 1491 393 al
1513 351 1567 394 P.
1600 352 1853 397 Benedetto
1885 355 1896 375 ¹
1927 361 1978 399 et

334 427 376 469 al
405 428 458 469 P.
492 423 696 468 Oliuerio
718 425 750 466 ².
787 424 850 477 Io,
883 424 1048 477 Padre,
1073 424 1135 467 ho
1172 425 1262 467 bon
1293 424 1444 469 animo
1481 426 1556 471 alli
1592 428 1730 472 studii
1757 437 1804 473 et
1823 431 1973 488 potria

333 516 456 546 esser
473 502 561 554 che
583 515 675 544 non
697 500 871 544 fussino
892 500 966 544 del
988 507 1108 544 tutto
1130 500 1294 556 inutili,
1313 508 1360 546 et
1381 517 1431 548 se
1451 509 1525 548 sto
1542 504 1675 559 male,
1695 520 1723 549 0
1738 506 1799 550 1111
1821 521 1964 562 moro,

333 586 459 623 tanto
485 577 562 635 piu
593 585 746 634 presto
778 577 841 634 gli
871 577 975 620 libri
1005 592 1231 623 verranno
1253 593 1280 622 a
1301 580 1460 624 Roma.

422 670 461 712 3.
523 655 612 699 Doi
634 669 740 698 cose
761 661 943 699 restano
963 655 1021 698 de
1042 657 1127 699 che
1148 670 1314 714 pregar
1335 657 1422 701 alla
1444 659 1497 702 P.
1518 659 1597 703 V.:
1621 673 1712 703 vna
1738 674 1819 718 per
1838 669 1970 719 parte

331 734 449 778 della
477 731 652 790 regina,
694 732 808 775 altra
829 731 850 759 b
876 746 957 790 per
992 731 1024 775 il
1054 739 1207 786 conte,
1246 741 1527 791 gouernator
1563 734 1609 780 di
1631 743 1792 794 questo
1827 745 1965 792 state,

331 817 459 854 tanto
482 810 630 853 amico
651 817 698 854 et
719 810 977 854 benefattor
999 811 1116 855 (16116
1139 811 1424 869 Compagnia
1446 813 1478 856 ³.
1506 814 1683 870 Questo
1705 815 1802 858 faro
1822 815 1871 858 in
1892 816 1969 861 doi

330 888 518 945 polizze,
538 902 618 944 per
634 902 727 931 non
744 890 811 931 tar
834 888 877 931 16
898 888 1057 932 lettera
1074 889 1228 946 longa.
1251 890 1354 933 Alle
1377 889 1570 935 orationi
1585 891 1703 935 della
1721 893 1775 936 P.
1802 893 1860 937 V.
1881 908 1967 938 6011

330 967 435 1008 tutt’
461 964 492 1007 il
513 979 652 1010 cuore
674 964 735 1008 mi
757 964 1019 1009 ricomando
1041 972 1087 1009 et
1109 965 1215 1011 delli
1234 966 1370 1010 Padri
1392 967 1637 1022 assistenti,
1658 970 1904 1014 secretario
1921 978 1969 1017 et

328 1041 429 1086 altri
454 1042 591 1086 Padri
612 1049 658 1086 et
679 1042 861 1087 fratelli.
881 1043 916 1085 Il
938 1042 1106 1100 Signor
1129 1043 1342 1089 conserui
1363 1045 1407 1088 la
1429 1046 1483 1089 Ρ.
1504 1046 1562 1090 V.
1583 1060 1663 1102 per
1680 1061 1796 1104 gran
1814 1054 1968 1106 tempo

328 1134 417 1164 con
438 1120 549 1177 ogni
570 1120 821 1177 prosperita
842 1121 960 1165 nella
982 1135 1064 1165 sua
1086 1120 1242 1166 diuina
1263 1121 1471 1167 Maiesta.
1498 1122 1663 1168 Amen.

415 1197 476 1241 Di
498 1198 634 1251 Hala,
659 1207 713 1252 25
735 1197 794 1242 de
815 1198 995 1254 Agosto
1019 1209 1146 1253 1574.
1171 1200 1231 1242 D.
1259 1201 1312 1242 P.
1338 1200 1397 1244 V.
1422 1214 1559 1244 seruo
1582 1199 1628 1243 in
1650 1202 1753 1254 X.⁰,

1414 1276 1444 1335 †
1475 1278 1661 1322 NADAL.
1697 1278 1727 1336 1-

416 1352 447 1410 †
470 1353 535 1397 La
557 1352 717 1410 regina
738 1353 976 1397 Madalena
998 1353 1014 1374 ⁴
1037 1368 1180 1411 prega
1216 1355 1302 1398 alla
1326 1356 1378 1398 P.
1411 1356 1469 1399 V.
1510 1357 1598 1399 che
1629 1355 1783 1413 voglia
1805 1362 1823 1384 c
1852 1370 1962 1401 con-

327 1431 464 1475 ceder
501 1432 586 1475 che
619 1445 711 1474 vna
738 1431 862 1474 volta
892 1431 1055 1474 alcuno
1081 1431 1128 1475 di
1155 1432 1298 1475 nostri
1328 1432 1465 1476 Padri
1493 1432 1690 1478 confessi
1718 1449 1778 1476 vn
1806 1449 1963 1479 mona-

325 1507 463 1552 sterio
485 1507 531 1551 di
551 1508 790 1552 monache.
816 1509 899 1552 Sta
921 1523 949 1565 9
966 1508 1120 1565 miglie
1136 1509 1182 1553 di
1203 1509 1391 1567 Dilinga
1411 1509 1458 1554 111
1481 1517 1601 1554 terra
1618 1510 1856 1555 catholica.
1877 1511 1969 1556 Gia

324 1585 357 1627 1’
381 1599 501 1628 anno
528 1591 708 1641 passato
746 1585 809 1642 gli
846 1586 1054 1631 confesso
1082 1586 1114 1629 il
1143 1588 1197 1630 P.
1241 1588 1494 1644 Laurenco.
1533 1589 1712 1633 Adesso
1734 1603 1824 1632 con
1847 1603 1965 1646 gran

325 1661 542 1706 instantia
563 1662 607 1705 10
629 1661 840 1706 (11111611(16
867 1663 910 1706 16
932 1663 1092 1720 regina
1113 1671 1159 1710 et
1180 1663 1211 1707 il
1232 1664 1252 1692 ‘¹
1279 1671 1489 1711 conte.et
1516 1665 1561 1708 la
1583 1672 1784 1709 contesa.
1825 1667 1882 1710 V.
1905 1668 1958 1710 P.

325 1753 469 1796 prego
492 1738 556 1797 gli
577 1738 719 1783 faccia
741 1740 784 1782 la
806 1740 952 1797 gratia
974 1742 1006 1784 ⁵.
1033 1742 1087 1786 L'
1112 1742 1227 1785 altro
1255 1742 1452 1799 negocio
1482 1743 1557 1788 del
1588 1750 1723 1788 conte
1752 1743 1852 1787 sera
1880 1757 1964 1801 per

325 1816 441 1861 altra
462 1817 600 1871 volta;
625 1817 789 1874 perche
811 1818 970 1862 adesso
992 1833 1084 1862 non
1106 1819 1168 1862 mi
1190 1820 1234 1862 fa
1255 1819 1490 1863 instantia.

1471 1896 1501 1955 †
1532 1897 1719 1971 NApAL.

1601 1974 1631 2014 Τ

397 2080 418 2100 a
457 2072 642 2120 Sequitur
658 2073 697 2109 io
721 2072 1058 2111 obliteratum-¹³
1072 2075 1159 2111 Hoc
1177 2075 1293 2111 verb.
1317 2086 1433 2122 supra
1450 2087 1560 2112 vers.
1582 2074 1732 2112 addidit
1748 2075 1868 2111 N.—0
1891 2075 1960 2112 Se-

323 2132 456 2180 quitur
481 2133 669 2168 conceder
690 2132 954 2176 obliteratum,
986 2134 1076 2182 quia
1106 2134 1168 2171 bis
1198 2135 1386 2182 scriptum
1416 2134 1543 2171 fuerat
1567 2146 1589 2171 a
1616 2135 1747 2171 N.-—-d
1773 2135 1961 2183 Sequitur

325 2194 449 2229 conde
467 2192 718 2228 obliteratum
737 2203 759 2228 a
776 2192 826 2228 N.

396 2293 407 2314 ¹
459 2293 646 2338 Palmius,
664 2293 853 2329 assistens
871 2295 1025 2331 Italiae.

394 2353 409 2374 ²
458 2353 678 2399 Manareus,
697 2352 885 2388 assistens
904 2354 1138 2390 Germaniae
1157 2360 1198 2391 et
1214 2355 1379 2392 Galliae.

394 2412 408 2433 ³
459 2411 774 2458 Schwickardus,
800 2424 931 2449 comes
961 2414 1010 2450 de
1034 2414 1299 2460 Helfenstein,
1323 2414 1373 2450 de
1396 2426 1473 2462 quo
1491 2415 1582 2451 vide
1607 2415 1660 2451 sis
1684 2416 1951 2461 AGRICOLAM,

324 2472 397 2506 loc.
418 2471 502 2513 cit.,
521 2471 607 2507 dee.
627 2471 699 2518 III,
718 2483 756 2507 n.
780 2479 859 2517 1473
880 2478 919 2508 et
937 2473 1022 2510 dec.
1042 2474 1112 2520 IV,
1131 2486 1174 2509 n.
1202 2483 1286 2519 140.

394 2532 409 2552 ⁴
458 2532 520 2566 De
542 2531 679 2577 regina
704 2531 948 2580 Magdalena,
974 2533 1138 2581 ejusque
1162 2534 1359 2570 sororibus
1377 2534 1533 2582 saepius
1550 2533 1698 2570 dictum
1722 2538 1783 2570 est
1806 2533 1846 2570 in
1870 2534 1951 2582 epi—

322 2590 433 2625 stolis
447 2590 791 2637 praecedentibus.

393 2653 407 2673 ⁵
460 2651 505 2685 In
522 2650 709 2696 Regesto,
732 2649 826 2686 Cod.
855 2661 897 2696 33
914 2651 974 2699 j),
998 2653 1069 2690 fol.
1095 2653 1137 2688 18
1155 2665 1194 2699 v,
1214 2653 1311 2688 haec
1334 2653 1500 2688 habetur
1521 2651 1708 2688 Everardi
1732 2652 1951 2700 responsio,

323 2709 552 2755 provinciali
571 2708 804 2745 Germaniae
823 2709 886 2745 die
907 2719 949 2756 17
973 2711 1158 2749 Octobris
1182 2712 1284 2748 data:
1312 2712 1381 2746 «R.
1407 2711 1454 2747 P.
1488 2710 1639 2746 Natalis
1658 2711 1795 2747 scribit
1818 2711 1866 2747 ad
1891 2724 1954 2748 me

320 2768 498 2814 reginam
516 2768 786 2815 Magdalenam
805 2780 962 2817 cupere,
978 2777 1020 2807 ut
1035 2771 1158 2807 nostri
1176 2772 1297 2807 semel
1315 2770 1474 2806 audiant
1491 2769 1757 2806 confessiones
1774 2782 1952 2818 quarum-

320 2827 409 2862 dam
434 2829 723 2872 monacharum,
749 2840 848 2875 quae
880 2829 1038 2876 Dilinga
1068 2832 1212 2866 absunt
1241 2829 1367 2876 spatio
1391 2841 1534 2865 nouem
1557 2829 1721 2866 millium
1751 2842 1950 2877 passuum.

320 2886 479 2933 Cogitet
496 2889 543 2923 R.
564 2889 610 2923 T.
629 2887 789 2935 quid,ea
806 2887 846 2923 in
864 2900 906 2924 re
923 2889 1132 2935 agendum,
1157 2902 1202 2926 ac
1228 2889 1304 2926 nisi
1327 2889 1421 2937 quid
1444 2888 1714 2936 impedimenti
1740 2889 1856 2925 isthic
1880 2888 1952 2924 tibi

318 2944 551 2982 Patribusue
571 2946 763 2992 uideatur,
782 2946 974 2994 desidem,
996 2954 1038 2983 ut
1057 2949 1142 2995 piae
1161 2948 1355 2984 uoluntati
1371 2948 1532 2994 reginae
1549 2948 1727 2984 satisfiat.
1748 2948 1807 2983 Ae
1833 2948 1866 2984 si
1885 2959 1952 2984 no-

318 3004 409 3039 stris
428 3005 598 3040 eundum
617 3005 683 3041 illo
701 3005 767 3050 sit,
782 3005 821 3040 id
834 3005 901 3041 fiat
915 3017 1003 3042 cum
1021 3007 1137 3044 uenia
1155 3007 1343 3054 episcopi,
1359 3018 1584 3054 eorumque,
1603 3006 1755 3054 adquos
1765 3006 1949 3054 pertinet,

316 3063 491 3109 benigno
509 3076 684 3101 assensu.
1730 3070 1733 3072 ’
