2228 3548
978 308 1205 350 Arfflxmrx
1793 305 1865 354 793

271 424 414 467 opera
434 408 583 453 iuuari
603 424 696 453 non
717 410 857 455 semel
878 410 1026 454 fassus
1047 416 1132 454 est:
1157 408 1355 465 denique
1377 415 1602 465 quotquot
1623 415 1732 452 sunt
1746 407 1793 452 in
1810 409 1911 452 col-

277 468 401 526 legio
438 475 611 524 nostro,
651 469 773 525 quod
808 469 1040 526 singulare
1060 468 1147 513 Dei
1173 468 1449 513 beneficium
1479 467 1788 525 agnoscimus,
1813 482 1909 512 non

280 529 374 574 fere
400 528 592 586 quisque
623 541 780 571 eorum
807 529 996 585 grauius
1025 535 1249 585 aegrotat,
1289 527 1465 571 etiamsi
1498 541 1692 584 magnos
1725 528 1906 572 labores

277 588 547 633 sustineant.
574 588 882 643 Quamobrem
903 595 1003 631 tuto
1024 587 1205 631 mittere
1227 588 1279 630 P.
1299 586 1571 643 Dyonisium
1587 589 1678 630 huc
1694 586 1901 642 potestis,

279 654 329 690 vt
358 654 488 691 curet
514 646 819 692 valetudinem
847 661 991 691 suam.
1023 649 1120 692 Nos
1148 661 1277 699 vero,
1307 660 1400 690 non
1431 647 1578 690 solum
1610 646 1663 689 P.
1698 646 1902 699 Petrum,

277 721 437 751 verum
459 706 497 750 si
513 721 649 762 quem
666 706 803 749 etiam
823 706 961 750 aliurn
976 713 1211 763 praeterea
1234 705 1372 749 uultis
1392 705 1439 748 in
1455 705 1554 750 eius
1569 706 1738 760 locum,
1757 705 1906 748 liben-

278 774 345 811 ter
366 767 686 820 concedemus,
704 772 755 808 vt
770 765 905 809 vnius
920 766 1020 809 loco
1037 766 1152 808 duos
1172 764 1392 819 habeatis;
1413 764 1483 808 sin
1500 771 1654 808 autem
1671 778 1805 808 secus
1821 764 1904 808 ali-

273 825 382 881 quid
403 840 430 869 a
451 824 582 869 nobis
603 827 774 869 factum
796 824 947 878 fuerit,
973 825 1019 868 in
1040 839 1228 868 romana
1255 824 1382 867 curia
1410 825 1462 868 P.
1494 823 1644 868 Natali
1674 823 1799 867 litem
1830 823 1902 866 in-

272 885 472 938 tentabo,
499 884 576 940 qui
605 892 698 928 tam
724 883 1033 928 inhumaniter
1059 898 1237 927 mecum
1264 883 1376 940 agit,
1411 897 1515 927 cum
1547 897 1636 940 ego
1668 882 1780 926 nihil
1812 883 1902 927 tale

269 943 561 988 commeritus
583 945 639 988 de
660 943 736 987 illo
757 943 927 988 videar.
953 945 1023 987 De
1050 944 1236 987 doctore
1264 944 1490 987 Torrense
1518 943 1652 998 plane
1679 941 1788 985 mihi
1815 957 1899 985 no-

270 1017 378 1048 uum
400 1002 564 1047 accidit
585 1010 631 1048 et
650 1002 1005 1059 inexpectatum,
1029 1003 1110 1047 sed
1132 1002 1174 1047 ei
1195 1009 1348 1046 tamen
1375 1002 1596 1058 gratulor,
1630 1001 1752 1058 quod
1780 1001 1901 1058 opti—

269 1077 389 1106 mam
426 1070 599 1119 partem
635 1061 840 1119 elegerit,
879 1076 998 1118 quae
1034 1076 1126 1105 non
1164 1062 1396 1106 auferetur
1427 1062 1485 1104 ab
1511 1075 1581 1104 eo.
1616 1060 1796 1105 Pridem
1823 1060 1898 1105 ille

268 1122 511 1167 Societatis
531 1127 709 1165 vestrae
729 1121 871 1166 fuisse
893 1121 1088 1173 videtur,
1113 1119 1288 1165 etiamsi
1310 1120 1542 1164 diuersum
1565 1121 1621 1163 ab
1651 1119 1770 1164 illius
1802 1135 1892 1163 ma-

269 1181 424 1238 gistris
445 1181 719 1237 quandoque
739 1180 977 1224 sentiebat.
1004 1180 1255 1224 Confirmet
1272 1181 1359 1223 hoc
1376 1181 1518 1232 Deus,
1538 1180 1662 1235 quod
1684 1186 1898 1235 operatus

270 1247 340 1285 est
362 1239 409 1284 in
430 1239 521 1285 illo.
552 1241 688 1297 Quod
710 1246 933 1296 superest,
958 1253 1031 1283 me
1051 1238 1262 1296 precibus
1285 1240 1336 1282 P.
1364 1240 1524 1291 VJ‘f‘st,
1549 1238 1658 1294 quin
1677 1245 1722 1283 et
1740 1238 1897 1283 Socie-

271 1299 376 1343 tatis
399 1298 558 1354 totius,
582 1299 826 1356 diligenter
842 1299 1126 1344 commendo.
1147 1300 1316 1343 Datum
1334 1313 1391 1343 ex
1408 1304 1557 1341 castro
1575 1304 1731 1342 nostro
1749 1297 1898 1342 Heils'·

267 1360 431 1417 pergk,
461 1372 479 1403 1
505 1359 613 1404 Maii
635 1373 755 1403 anno
776 1358 959 1402 Domini
986 1359 1135 1414 1567.ο
1157 1359 1316 1402 Frater
1337 1357 1383 1401 in
1405 1356 1606 1410 Christo,

670 1419 990 1471 STAmsLAns,
1025 1431 1314 1462 CARDINALIS
1347 1429 1655 1461 VARMIENSIS.

353 1478 598 1533 Inscriptio
619 1478 670 1520 in
693 1480 859 1534 quarta
878 1478 1073 1534 pagina:
1095 1477 1209 1520 Rdo.
1236 1476 1376 1529 Patri,
1401 1475 1583 1519 domino
1606 1474 1774 1533 Joanni
1803 1475 1893 1518 Po-

264 1535 411 1590 lanco,
432 1551 588 1581 sacrae
606 1536 863 1593 theologiae
879 1536 1069 1588 doctori,
1090 1535 1332 1582 Societatis
1344 1537 1457 1594 Jesu
1474 1533 1760 1587 cancellario,
1781 1542 1890 1587 etc.‚

262 1595 393 1640 nobis
424 1595 472 1638 in
503 1595 687 1640 Christo
717 1595 1000 1640 charissimo.
1036 1596 1145 1639 Alia
1178 1610 1336 1639 manu:
1364 1595 1418 1639 P.
1450 1610 1491 1640 e.
1527 1609 1587 1637 m.
1619 1595 1664 1637 b.
1696 1595 1756 1636 Et
1777 1595 1887 1636 alia.

266 1655 392 1709 1567.
420 1654 712 1713 Heilspergk.
739 1655 981 1700 Cardinale
1010 1654 1280 1708 varmiense,
1311 1655 1383 1712 p.⁰
1411 1654 1458 1698 di
1491 1653 1695 1711 Maggio.
1731 1653 1892 1711 Sigillz·

258 1715 523 1773 vestigium.

994 1828 1160 1871 XLVII

807 1916 851 1952 P.
879 1914 1152 1953 ANTONIUS
1178 1914 1344 1953 VINCK

622 2007 839 2039 SANcTo
886 2006 1198 2038 FRANCIsco
1246 2006 1315 2037 DE
1361 2006 1535 2047 BORJA

542 2083 782 2139 Augustae
823 2081 1132 2135 Trevirorum,
1177 2082 1205 2125 6
1247 2081 1355 2138 Maji
1404 2083 1514 2138 1567
1544 2076 1590 2124 '¹.

747 2171 809 2207 De
821 2170 1011 2217 proximo
1028 2171 1191 2207 Natalis
1208 2172 1395 2208 discessu.

424 2248 458 2290 11
481 2248 596 2291 Rdo.
623 2249 676 2291 P.
702 2249 849 2292 Nadal
870 2247 908 2292 si
930 2247 1122 2305 dispone
1142 2249 1188 2291 d’
1219 2249 1362 2292 andar
1389 2249 1435 2293 di
1467 2255 1627 2305 questa
1659 2245 1887 2305 prouintia

256 2321 283 2350 a
304 2307 454 2362 quella
475 2307 580 2350 dell’
604 2306 792 2350 inferior
813 2308 1058 2364 Almagna,
1083 2307 1158 2350 cui
1179 2308 1457 2364 prouinciale
1477 2310 1503 2352 e
1526 2322 1630 2363 qua,
1664 2313 1709 2351 et
1739 2306 1783 2348 fa
1812 2304 1884 2347 in-

256 2372 413 2409 stanza
442 2367 528 2410 che
556 2366 674 2408 vada
703 2373 874 2422 presto,
905 2381 986 2422 per
1013 2367 1045 2409 il
1073 2367 1268 2424 collegio
1294 2368 1341 2410 di
1369 2367 1560 2424 Liegge,
1593 2374 1639 2411 et
1666 2365 1816 2421 quello
1837 2363 1884 2407 di

256 2431 387 2468 santo
409 2425 639 2468 Odomaro
662 2425 746 2482 (S.t
779 2426 952 2482 Omer),
977 2425 1007 2468 li
1030 2426 1151 2482 quali
1171 2427 1323 2470 danno
1345 2428 1494 2471 fretta.
1522 2425 1609 2470 Noi
1631 2425 1770 2468 molto
1800 2437 1883 2467 vo-

255 2483 452 2528 luntiero
474 2483 731 2528 hauessimo
753 2486 838 2528 che
860 2491 1055 2529 restasse
1076 2487 1275 2529 anchora
1295 2500 1383 2530 con
1404 2486 1481 2528 noi
1509 2484 1625 2536 altri,
1660 2482 1884 2540 sperando

255 2544 341 2587 che
362 2541 399 2586 si
420 2542 566 2598 potria
587 2544 655 2586 far
675 2543 872 2598 qualche
894 2557 1002 2588 cosa
1022 2558 1124 2588 com
1145 2544 1177 2587 il
1198 2546 1328 2589 Rmo.
1354 2545 1399 2588 di
1423 2543 1663 2600 Moguntia
1690 2549 1736 2586 et
1768 2543 1877 2585 Tre-

256 2616 364 2646 uere
385 2601 463 2657 piu
483 2602 821 2646 efficacemente
842 2617 948 2646 cum
969 2603 1013 2646 la
1039 2604 1266 2659 presentia
1292 2604 1339 2648 di
1366 2605 1462 2650 Sua
1494 2604 1575 2647 Rf*
1609 2604 1694 2646 che
1724 2600 1771 2643 in
1804 2600 1880 2643 ab·

253 2660 413 2704 sentia.
439 2660 489 2705 Si
510 2661 694 2704 consola
714 2660 893 2705 interim
921 2663 1006 2705 che
1035 2662 1313 2707 intendiamo
1342 2678 1472 2707 come
1504 2663 1673 2706 restara
1705 2674 1783 2715 per
1815 2660 1881 2702 al-

250 2720 404 2763 chuno
426 2726 576 2775 tempo
598 2734 691 2762 non
712 2727 876 2777 troppo
896 2721 1082 2765 lontano
1103 2721 1150 2765 di
1171 2736 1278 2778 qua,
1296 2723 1419 2767 doue
1436 2736 1548 2765 sono
1565 2722 1607 2765 le
1624 2733 1740 2774 aque
1758 2733 1878 2761 ama·

247 2794 316 2847 re,
337 2785 384 2822 et
405 2778 443 2822 si
465 2792 518 2823 ce
539 2779 760 2824 accadera
781 2779 974 2836 qualche
990 2795 1112 2834 cosa,
1133 2782 1378 2828 haueremo
1396 2781 1566 2826 ricorso
1583 2794 1610 2823 a
1625 2780 1719 2824 Sua
1736 2775 1834 2821 R.·.
1845 2810 1854 2819 .
1866 2811 1876 2819 .

316 2926 326 2947 ¹
376 2927 436 2962 Ex
453 2926 706 2973 autographo,
726 2925 767 2962 in
787 2925 884 2963 Cod.
903 2935 954 2972 ²9
967 2927 1031 2974 g),
1051 2926 1121 2972 264
1138 2926 1252 2974 (430).
