2228 3548
389 313 434 348 26
905 313 1043 348 EPIST.
1073 311 1117 346 P.
1146 308 1420 356 NADAL—359

340 415 466 458 detto
487 415 572 457 che
599 414 772 471 ponghi
800 415 829 456 l'
860 413 1021 456 ultima
1050 427 1186 456 mano
1213 427 1240 456 a
1270 411 1420 469 quella
1442 426 1526 457 sua
1553 411 1797 469 apologgia
1824 418 1983 456 contra

340 490 688 547 Smigdelinum‚
710 491 836 535 accio
858 491 896 534 si
919 490 1041 547 possi
1063 489 1296 546 publicare
1317 503 1404 533 con
1425 490 1469 532 la
1489 488 1645 533 diuina
1665 488 1813 546 gratia
1838 491 1867 533 ¹.

431 579 472 622 7.
538 569 572 611 Il
597 571 647 612 P.
679 570 755 612 Dr.
783 568 887 611 Pisa
909 569 968 610 ha
991 569 1103 610 fatto
1125 573 1248 611 certe
1269 565 1550 610 conclusioni
1571 566 1624 609 de
1645 567 1816 610 ieiunio
1832 581 1858 610 a
1873 581 1981 624 pro-

341 645 487 700 posito
508 660 588 701 per
610 655 771 700 questo
794 652 966 701 tempo,
991 651 1037 688 et
1063 646 1218 687 hanno
1246 650 1512 688 contentato
1541 643 1583 687 al
1612 645 1665 687 Ρ.
1691 644 1913 687 Ledesma
1934 650 1981 689 et

341 737 367 764 a
389 737 461 766 me
482 736 491 775 3
516 721 804 766 habbiamole
826 722 1012 775 reuistO,
1036 729 1082 765 et
1104 721 1142 764 si
1164 728 1452 777 stamparano
1483 719 1634 764 subito
1661 735 1748 764 con
1769 722 1812 764 13
1833 721 1982 778 gratia

342 799 415 842 del
438 798 634 855 Signore
651 800 684 852 ²,
709 806 756 843 et
777 813 864 842 con
887 800 929 843 la
951 798 1197 844 medesima
1227 812 1319 841 non
1347 797 1609 842 lasciaremo
1638 797 1683 841 di
1706 799 1787 842 far’
1812 805 1982 854 quanto

341 876 379 918 si
415 878 578 932 puotra
616 883 662 921 et
697 877 941 920 uederemo
978 878 1117 921 esser’
1150 875 1261 919 utile
1299 890 1326 919 o
1362 875 1626 932 espediente
1662 889 1743 932 per
1785 875 1980 932 agiutar’

343 960 505 1008 questa
520 953 704 998 natione
726 954 772 996 in
795 953 902 997 tutti
923 953 1065 996 modi.

432 1032 479 1074 8.
551 1031 713 1088 Hoggi
747 1038 923 1088 aspetto
954 1031 996 1075 31
1026 1033 1079 1074 Ρ.
1110 1030 1351 1074 Dominico
1374 1031 1389 1052 ³
1421 1030 1465 1073 di
1499 1030 1756 1083 Monachio,
1790 1029 1821 1072 il
1852 1031 1985 1086 quale

341 1110 540 1152 anchora
561 1110 621 1151 110
638 1108 863 1152 chiamato
890 1123 970 1165 per
1002 1108 1179 1164 pigliar’
1212 1108 1407 1151 alchuna
1431 1107 1591 1151 notitia
1611 1108 1729 1152 delle
1750 1121 1872 1162 cose,
1903 1122 1984 1164 per

341 1185 576 1241 conseglio
598 1185 661 1228 dil
684 1187 737 1229 Ρ.
766 1186 926 1229 Ρ31110.

429 1276 472 1318 c).
537 1262 572 1305 Il
596 1264 648 1306 Ρ.
675 1264 782 1306 M.¹⁰
805 1261 990 1306 Canisio
1013 1268 1082 1305 sta
1104 1262 1237 1315 bene3
1263 1263 1288 1304 6
1316 1262 1420 1305 ben’
1447 1275 1556 1305 uero
1577 1263 1662 1306 che
1689 1261 1720 1304 li
1749 1270 1869 1305 temo
1889 1276 1981 1305 non

341 1338 408 1382 sia
426 1347 586 1396 troppo
603 1339 827 1396 trauaglio
844 1339 1063 1396 predicar’
1083 1346 1246 1394 quatro
1264 1339 1388 1381 uolte
1405 1339 1448 1382 13
1465 1338 1723 1392 settimana,
1738 1330 1983 1396 principal-

341 1422 494 1460 mente
515 1418 601 1459 che
621 1415 735 1460 hieri
756 1416 817 1459 mi
838 1416 1051 1459 dimando
1068 1416 1110 1459 13
1128 1415 1413 1472 imperatrice
1430 1430 1511 1472 per
1527 1430 1684 1460 mezzo
1700 1416 1759 1460 de
1776 1417 1862 1459 DJ*
1881 1418 1983 1460 Μ3-

343 1492 409 1536 ria
426 1494 441 1513 ⁴
464 1494 549 1536 che
573 1508 662 1536 una
684 1494 807 1536 uolta
826 1494 870 1536 la
898 1492 1138 1536 settimana
1166 1492 1369 1548 predichi
1401 1493 1486 1536 alle
1515 1507 1597 1537 sue
1624 1492 1860 1537 damicelle
1882 1495 1983 1536 the-

342 1570 525 1624 desche,
550 1576 597 1613 et
621 1569 651 1612 il
676 1572 727 1614 P.
755 1569 939 1613 Canisio
962 1571 1001 1613 s'
1030 1571 1090 1612 ha
1118 1568 1332 1612 inclinato
1362 1584 1388 1613 3
1416 1575 1597 1625 questo,
1624 1576 1670 1613 et
1698 1569 1792 1612 cosi
1814 1570 1844 1612 1’
1868 1571 1983 1613 hab-

342 1646 492 1689 biamo
519 1661 759 1691 concesso:
792 1661 923 1703 spero
952 1648 1026 1689 ch'
1056 1646 1088 1689 11
1116 1646 1287 1703 Signor
1323 1646 1354 1688 li
1387 1646 1495 1689 dara
1532 1646 1685 1699 forze;
1728 1648 1785 1689 ha
1815 1647 1978 1703 grand’

342 1723 573 1767 authorita
609 1738 822 1780 appresso
858 1724 886 1766 l’
918 1725 1059 1767 Ulmo,
1092 1724 1262 1780 legato,
1293 1730 1339 1768 et
1369 1724 1498 1767 Rmo.
1531 1722 1709 1776 nuntio,
1741 1730 1788 1766 et
1817 1723 1923 1766 tutti
1950 1723 1982 1766 11

340 1800 542 1857 prencipi
558 1800 783 1844 catholici.
805 1801 1063 1844 Confessasi
1082 1815 1172 1844 con
1189 1801 1251 1844 lui
1261 1801 1438 1857 publice
1454 1800 1573 1844 nella
1590 1799 1742 1845 chiesa
1758 1799 1977 1856 magiore,

338 1884 384 1920 et
405 1877 506 1921 dice
526 1892 674 1922 messa
687 1878 862 1933 publice
883 1879 1001 1921 nella
1022 1878 1195 1934 capella
1218 1884 1372 1921 nostra
1393 1878 1435 1922 le
1457 1878 1572 1920 feste
1594 1883 1640 1921 et
1661 1876 1930 1921 domeniche
1946 1877 1977 1918 l’

343 1954 486 1998 Illmo.
515 1955 684 2011 legato.

339 2054 489 2090 dandus
501 2054 658 2090 tandem
676 2060 737 2091 est
754 2055 840 2090 dies
858 2055 974 2101 hujus
993 2055 1184 2102 epistolae
1210 2055 1250 2091 in
1277 2056 1363 2091 1060
1382 2055 1512 2102 operis
1538 2054 1666 2091 Patris
1685 2054 1981 2101 Sommervogel

342 2125 458 2160 supra
474 2113 609 2158 eitat03
625 2125 703 2150 non
721 2115 826 2150 enim
842 2116 939 2150 haec
958 2114 1124 2161 epistola
1141 2114 1205 2150 die
1223 2114 1259 2157 3,
1279 2114 1350 2150 sed
1367 2125 1390 2160 9
1408 2113 1553 2160 Martii,
1572 2113 1660 2150 data
1687 2113 1775 2158 fuit3
1795 2118 1910 2160 prout
1933 2125 1982 2150 ex

341 2173 403 2218 iis,
418 2186 518 2222 quae
532 2174 682 2211 Natalis
697 2175 736 2211 in
751 2176 871 2222 epist.
891 2175 959 2220 355
974 2175 1111 2211 scribit
1124 2175 1174 2210 de
1190 2186 1261 2210 suo
1276 2174 1417 2210 itinere
1431 2179 1472 2210 et
1485 2173 1535 2209 de
1554 2172 1695 2209 litteris
1713 2184 1736 2208 a
1754 2184 1797 2208 se
1813 2171 1980 2220 scriptis,

341 2233 436 2269 satis
453 2235 556 2270 clare
574 2234 736 2271 eruitur.
757 2235 855 2270 Nam
875 2236 928 2271 ait
948 2247 990 2270 se
1004 2235 1067 2271 die
1086 2235 1109 2270 6
1124 2234 1252 2270 Martii
1269 2235 1490 2280 Augustam
1505 2231 1748 2280 pervenisse:
1765 2232 1983 2268 5631611311-

339 2364 382 2388 re
396 2358 637 2389 versaretur.
662 2352 845 2401 Aliunde,
867 2366 966 2401 quae
985 2355 1029 2390 P.
1050 2354 1348 2399 Sommervogel
1367 2364 1417 2388 ex
1436 2351 1602 2399 epistola
1626 2350 1777 2387 Natalis
1794 2350 1857 2386 hic
1874 2354 1916 2386 et
1942 2350 1982 2386 in

341 2417 446 2447 tomo
471 2412 541 2458 VI,
559 2412 629 2447 866
658 2413 848 2460 excerpit,
868 2418 958 2448 sunt
976 2413 1133 2448 omnino
1152 2412 1305 2456 eadem,
1325 2423 1426 2459 quae
1443 2411 1484 2447 in
1501 2412 1574 2447 hae
1592 2409 1758 2457 epistola
1775 2409 1973 2445 dicuntur.

341 2471 400 2506 Ex
417 2471 559 2518 quibus
577 2471 772 2508 credimus
790 2472 831 2507 in
849 2473 1030 2519 exemplo
1059 2472 1175 2519 hujus
1193 2471 1399 2519 epistolae,
1424 2470 1528 2518 quod
1557 2470 1762 2515 allegatur,
1789 2473 1980 2504 mutatum

339 2530 462 2566 fuisse
475 2540 503 2576 9
517 2530 557 2566 in
574 2540 612 2576 3‚·
630 2532 779 2567 nullum
798 2531 902 2567 enim
920 2531 1082 2567 dubium
1100 2531 1194 2578 quin
1212 2532 1285 2566 hae
1304 2531 1459 2567 litterae
1476 2529 1540 2565 die
1554 2539 1577 2574 9
1593 2528 1706 2564 datae
1724 2526 1884 2563 fuerint.

418 2592 428 2612 ¹
479 2591 540 2625 De
563 2590 637 2626 hoc
660 2601 778 2637 opere
802 2591 898 2626 haec
923 2590 1097 2626 breviter
1115 2589 1272 2637 scripsit
1293 2590 1545 2633 SOTWELUS,
1567 2593 1607 2623 et
1629 2586 1770 2623 deinde
1791 2586 1982 2622 SOMMER-

342 2657 496 2694 VOGEL,
521 2650 595 2685 106.
621 2649 704 2685 cit.:
737 2649 878 2685 «Liber
908 2661 985 2697 quo
1016 2649 1276 2685 Smidelinum
1308 2655 1348 2685 et
1379 2646 1719 2696 Spangebergium
1749 2645 1983 2690 confutavit,

342 2718 445 2743 anno
465 2708 602 2752 1566.»
622 2708 683 2745 Cf.
705 2708 973 2751 SACCfflNUM,
992 2710 1066 2744 106.
1086 2708 1169 2751 cit.,
1190 2708 1259 2746 lib.
1280 2709 1313 2754 1,
1332 2721 1371 2745 n.
1395 2715 1476 2752 105.

411 2769 426 2788 ²
478 2767 586 2802 Haec
614 2769 736 2803 verba
760 2767 1004 2814 transcripsit
1031 2767 1370 2812 SOMMERVOGEL‚
1401 2768 1477 2802 106.
1501 2764 1588 2811 cit.,
1612 2765 1680 2810 VI,
1701 2763 1786 2799 866.
1812 2763 1980 2810 Ibidem,

340 2826 417 2862 col.
437 2826 520 2871 865,
540 2838 583 2861 n.
607 2837 644 2872 9,
662 2831 891 2862 recensetur
909 2838 1006 2874 opus
1025 2827 1239 2874 «Alphonsi
1267 2825 1413 2868 Pisani,
1433 2823 1643 2861 Societatis
1661 2824 1771 2870 Jesv,
1795 2824 1855 2858 De
1879 2822 1981 2859 Con-

342 2884 507 2921 tinentia
535 2886 585 2920 Et
615 2885 888 2922 Abstinentia:
915 2886 988 2921 Vel
1013 2886 1062 2921 de
1089 2885 1317 2933 Apostolico
1340 2884 1551 2925 coelibatu,
1571 2882 1731 2929 ieiunio,
1752 2888 1792 2918 et
1808 2882 1983 2918 ciborum

265 2956 267 2958 ·
341 2944 514 2990 delectu,
533 2943 708 2981 doctrina
726 2946 991 2981 catholica...»

413 3004 428 3024 ³
478 3004 700 3050 Menginus,
719 3004 768 3040 de
786 3015 864 3052 quo
881 3004 1066 3052 frequens
1085 3005 1232 3042 mentio
1249 3005 1293 3041 fit
1311 3004 1351 3040 in
1369 3003 1499 3051 Epist.
1519 3002 1675 3044 Natal„
1697 3002 1745 3037 11.

413 3064 429 3084 ⁴
477 3063 598 3098 Maria
626 3063 675 3099 (16
705 3063 898 3110 Cardona,
927 3075 1027 3111 quae
1058 3070 1141 3101 erat
1174 3076 1196 3100 a
1230 3063 1413 3100 cubiculo
1447 3061 1696 3108 imperatrici.
1729 3060 1830 3096 Vide
1860 3059 1976 3106 epist.

344 3121 429 3169 357,
449 3133 490 3158 n.
507 3122 544 3158 6.
