2228 3548
843 296 889 333 29
914 294 970 323 Er
995 284 1042 322 30
1067 286 1223 324 Mamm
1251 286 1342 332 1566
1818 295 1863 333 45

271 391 324 434 P.
350 391 556 436 Lorenzo
577 388 783 446 Maggio‚
807 389 866 432 ne
887 388 926 432 si
948 390 1136 432 trattara
1156 388 1203 432 di
1225 395 1404 445 questo,
1428 389 1605 433 benche
1626 388 1672 432 in
1694 389 1822 433 Italia
1843 388 1911 434 sia

272 466 389 512 assai
409 466 681 513 desiderato.
707 468 892 510 Intorno
913 466 956 509 al
979 468 1032 510 P.
1060 466 1201 510 Paolo
1227 468 1237 488 ¹
1257 466 1303 509 di
1319 466 1562 511 Monachio
1578 474 1624 510 et
1647 467 1701 510 P.
1736 468 1909 511 Dome-

273 545 377 589 nico
399 546 433 598 ³,
457 544 490 588 11
511 543 758 589 medesimo
779 543 973 601 disegno
995 545 1080 588 che
1102 544 1160 587 V.
1187 545 1242 587 R.
1268 543 1417 587 scriue
1437 543 1480 587 ci
1501 558 1579 587 era
1595 557 1782 587 occorso
1799 559 1904 600 qua,

275 629 322 666 et
343 622 439 666 cosi
460 622 510 665 fu
531 621 607 679 gia
628 620 802 674 scritt03
827 620 873 663 di
893 634 1048 664 nuouo
1069 619 1132 663 mi
1153 619 1335 664 rimetto
1355 620 1404 664 in
1425 627 1587 677 questo
1608 636 1635 664 a
1657 622 1714 665 V.
1741 622 1796 665 R.

366 712 408 755 3.
472 699 557 743 Cio
577 700 662 743 che
683 697 721 741 si
743 697 892 743 scriue
913 698 987 742 del
1010 700 1062 741 P.
1084 699 1258 754 Lanoy,
1278 698 1407 742 finito
1423 697 1454 741 il
1471 698 1666 742 triennio
1683 713 1782 751 suo,
1802 713 1910 755 pare

273 777 364 821 ben
385 783 590 833 pensat03
615 790 689 819 ma
710 776 1022 820 conuerrebbe
1044 782 1230 819 trattare
1251 775 1387 820 etiam
1409 776 1467 819 de
1487 775 1552 818 lui
1578 790 1666 819 con
1693 777 1736 820 la
1762 776 1907 833 impe-

271 854 452 907 ratrice,
475 854 642 910 perche
664 852 725 896 mi
746 853 910 897 scrisse
931 853 961 895 l’
993 867 1113 897 anno
1141 859 1323 910 passato
1351 867 1486 910 sopra
1513 853 1544 896 il
1571 868 1663 897 non
1691 855 1903 898 mutarlo.

272 932 423 977 Credo
446 931 553 988 pero
574 933 676 986 che,
701 931 899 975 tenendo
921 930 1110 987 rispetto
1133 930 1219 974 alle
1245 938 1457 987 cognate,
1488 930 1527 974 si
1554 933 1830 976 contentara.
1861 933 1906 976 A

271 1009 536 1066 Portogallo
563 1008 602 1052 si
632 1010 764 1065 potra
790 1007 990 1053 seriuere
1027 1022 1162 1063 sopra
1196 1008 1418 1064 Xpoforo.
1444 1007 1643 1061 indiano‚
1669 1008 1743 1052 cui
1764 1009 1905 1053 buoni

271 1085 480 1142 desiderij
505 1085 726 1130 meritano
747 1085 813 1130 sia
834 1085 1068 1129 consolato
1089 1084 1135 1128 in
1155 1085 1261 1140 quel
1282 1086 1367 1128 che
1388 1084 1426 1128 si
1448 1085 1554 1141 puo.

363 1176 406 1218 4.
472 1164 507 1207 Il
528 1162 722 1220 collegio
743 1163 800 1206 de
822 1163 1115 1219 Brunsperga
1134 1163 1194 1205 ha
1215 1162 1356 1205 molto
1376 1161 1571 1219 bisogno
1593 1162 1638 1205 di
1660 1177 1783 1207 esser
1805 1162 1904 1206 aiu—

276 1247 386 1295 tato,
421 1240 640 1284 mutando
669 1245 810 1283 rettor
845 1245 892 1282 et
928 1238 1199 1296 predicator,
1239 1244 1286 1283 et
1321 1239 1467 1283 anche
1503 1238 1534 1282 il
1561 1247 1759 1283 maestro
1788 1241 1906 1284 della

274 1317 418 1374 prima
438 1317 608 1361 schola.
633 1317 684 1360 In
706 1317 808 1360 loco
829 1316 903 1361 del
924 1323 1080 1369 rettor‚
1099 1317 1186 1361 che
1206 1317 1234 1361 e
1249 1315 1280 1359 il
1301 1317 1452 1360 dottor
1473 1318 1694 1373 Xpoforo.
1716 1317 1905 1362 Strobe-
1983 1376 1986 1381 Δ

274 1395 334 1439 110
356 1395 389 1450 ⁵,
414 1394 452 1439 si
473 1393 622 1439 scriue
643 1394 686 1437 al
709 1396 762 1438 P.
787 1393 953 1450 S‘u‘nier
974 1401 1117 1439 metta
1138 1408 1220 1450 per
1239 1393 1482 1439 vicerettor
1498 1394 1540 1437 al
1558 1394 1778 1447 ministro,
1799 1409 1904 1451 pro-

270 1472 420 1516 bando
442 1472 473 1515 il
493 1486 577 1515 suo
599 1472 786 1524 talento,
816 1478 863 1515 et
894 1471 1085 1515 facendo
1112 1470 1243 1516 uenir
1270 1472 1313 1515 la
1340 1470 1371 1514 il
1402 1471 1556 1515 dottor
1595 1472 1835 1516 Baldassar
1867 1473 1901 1526 ⁴,

269 1548 688 1607 superintendente,
711 1555 758 1593 et
781 1548 1055 1593 fermandosi
1077 1548 1141 1591 lui
1167 1547 1331 1592 istesso
1351 1563 1433 1605 per
1463 1549 1655 1605 qualche
1679 1557 1831 1606 tempo
1852 1550 1899 1593 11.

269 1629 319 1670 In
340 1627 480 1683 luogo
500 1614 866 1682 delpredicator,
891 1626 977 1670 che
998 1640 1090 1669 non
1117 1627 1143 1670 e
1171 1625 1335 1678 inteso‚
1359 1625 1397 1669 si
1419 1625 1567 1670 scriue
1599 1627 1686 1670 alla
1718 1626 1904 1672 inferior

268 1702 514 1748 Germania
535 1701 749 1747 mandino
770 1701 801 1745 il
822 1703 973 1746 dottor
995 1703 1195 1747 Astense
1219 1704 1252 1753 ⁵,
1270 1709 1317 1746 et
1333 1702 1481 1759 potria
1496 1717 1647 1747 essere
1669 1705 1754 1748 che
1770 1703 1848 1759 qui
1865 1703 1902 1747 si

269 1779 498 1824 mandassi
520 1794 610 1823 una
630 1780 791 1824 lettera
811 1780 885 1837 pel
911 1779 1014 1824 vice
1041 1778 1335 1836 prouinciale.
1368 1780 1419 1823 In
1448 1780 1589 1837 luogo
1610 1781 1684 1825 del
1706 1787 1903 1825 maestro

270 1858 388 1902 della
409 1856 552 1914 prima
573 1857 744 1910 schola,
769 1858 854 1902 che
881 1858 907 1901 e
929 1859 1064 1901 Mtro.
1090 1856 1248 1901 Simon
1275 1863 1489 1914 pruteno,
1522 1857 1746 1903 conuiene
1772 1873 1904 1902 man·-

272 1936 379 1979 dare
401 1949 464 1978 un
486 1935 599 1978 altro
628 1935 746 1980 della
773 1934 1001 1991 prouintia
1028 1934 1102 1979 del
1133 1935 1310 1987 Rheno,
1344 1940 1391 1978 et
1421 1949 1555 1992 sopra
1586 1935 1656 1979 6ἰὸ
1687 1935 1725 1980 si
1755 1935 1903 1982 scriue

270 2013 302 2055 l'
326 2011 501 2056 inclusa
521 2013 564 2056 al
593 2012 742 2057 Padre
768 2010 1035 2068 prouincial.
1067 2012 1231 2054 Anche
1261 2011 1478 2055 mandata
1509 2012 1644 2055 alcun
1676 2013 1791 2056 altro
1822 2028 1904 2070 per

269 2089 415 2134 aiutar
436 2089 479 2134 16
499 2089 654 2133 schole
673 2088 718 2131 di
739 2089 798 2141 la,
823 2095 868 2132 et
890 2088 938 2131 in
959 2087 1244 2144 ricompensa
1264 2089 1394 2144 potra
1415 2088 1597 2133 rihauer
1618 2089 1648 2132 il
1672 2091 1725 2133 P.
1748 2089 1902 2134 Pietro

271 2168 412 2219 Phae,
437 2181 487 2211 se
508 2180 599 2209 non
622 2165 792 2223 paressi
814 2180 840 2209 a
863 2167 921 2210 V.
953 2166 1007 2208 R.
1041 2164 1119 2221 pisi
1152 2164 1408 2210 necessario
1440 2180 1522 2222 per
1551 2166 1732 2211 Vienna
1764 2181 1791 2210 o
1821 2182 1903 2223 per

270 2244 384 2288 altra
405 2250 549 2300 parte3
574 2242 903 2287 considerando
931 2244 1032 2296 che,
1065 2242 1103 2285 si
1126 2241 1327 2299 pigliano
1356 2243 1518 2287 adesso
1546 2243 1589 2287 la
1621 2243 1815 2300 impresa
1846 2245 1904 2288 de

271 2320 418 2378 Spira,
443 2327 572 2364 tanto
596 2320 674 2377 pisi
700 2321 853 2364 hanno
885 2318 1080 2376 bisogno
1107 2319 1152 2363 di
1183 2319 1401 2377 soggetti.
1435 2320 1470 2364 Il
1498 2321 1650 2364 dottor
1678 2321 1897 2377 XpoforO.

272 2397 497 2444 Strobelio
519 2398 556 2441 si
577 2397 792 2441 mandara
813 2396 859 2439 in
881 2395 1060 2441 Vienna
1078 2398 1254 2453 (questo
1275 2398 1301 2440 6
1323 2397 1484 2443 adesso
1505 2405 1648 2441 rettor
1668 2397 1714 2440 in
1733 2400 1900 2442 Brans-

347 2513 357 2533 ¹
409 2510 615 2547 Hoffaeus.
1558 2513 1573 2532 ²
1623 2510 1849 2556 Menginus.

345 2572 360 2593 ³
408 2571 470 2606 De
486 2581 534 2606 eo
551 2569 698 2605 dictum
716 2573 777 2604 est
795 2566 835 2603 in
848 2567 982 2615 Epist.
1006 2567 1163 2614 Natal.,
1181 2568 1234 2615 11,
1251 2579 1386 2616 saepe.
1559 2571 1574 2591 ⁴
1622 2569 1896 2606 Hostowinus.

344 2632 359 2653 ⁵
407 2630 580 2677 Joannes
597 2629 768 2675 Jacobus
787 2627 928 2672 Asten,
946 2626 996 2662 de
1013 2638 1090 2674 quo
1108 2626 1198 2664 vide
1217 2627 1353 2675 Epist.
1372 2627 1516 2664 Natal.
1527 2657 1537 2674 ,
1551 2629 1603 2673 ΙΙ,
1618 2628 1702 2674 353,
1718 2628 1802 2675 397,
1816 2638 1858 2675 41
1869 2638 1902 2665 1.

272 2692 334 2728 De
351 2690 436 2738 ipso
451 2690 548 2725 haee
564 2689 711 2724 Romae
729 2687 873 2734 scripta
890 2691 981 2722 sunt
995 2685 1044 2721 ad
1061 2686 1111 2722 P.
1130 2686 1337 2723 Costerum
1351 2687 1749 2735 vice-provincialem,
1765 2688 1902 2724 eadem

269 2749 333 2786 die
350 2748 411 2785 30:
432 2748 511 2784 «La
527 2747 714 2795 principa]
732 2758 849 2783 causa
866 2745 906 2781 di
924 2745 1097 2782 scriuere
1114 2751 1254 2793 questa
1271 2747 1411 2783 lettera
1429 2747 1450 2783 ὲ
1475 2748 1548 2783 6116
1566 2747 1602 2783 61
1627 2759 1762 2795 preme
1785 2748 1904 2784 forte-

267 2814 399 2845 mente
417 2808 444 2844 il
461 2808 628 2854 bisogno
644 2807 694 2842 de
712 2805 871 2842 mandar
889 2817 941 2840 un
965 2806 1044 2840 bon
1068 2804 1311 2852 predicatore
1338 2805 1379 2843 in
1402 2807 1651 2853 Brunsperga
1673 2807 1723 2843 de
1749 2807 1901 2853 Prusia,

268 2868 367 2904 doue
384 2868 411 2903 il
429 2868 476 2903 P.
501 2867 631 2902 Pietro
647 2867 753 2902 Phae
770 2876 847 2901 non
865 2865 886 2900 ὲ
905 2866 983 2900 ben
1001 2864 1146 2910 inteso,
1160 2876 1230 2912 per
1247 2876 1357 2902 esser
1374 2877 1444 2902 sua
1462 2866 1596 2912 lingua
1609 2866 1658 2902 de
1672 2867 1709 2902 la
1726 2866 1903 2914 superior

268 2925 491 2971 Germania3
511 2930 551 2961 et
567 2925 648 2961 cosi
664 2925 851 2962 conuerra
873 2925 1019 2961 leuarlo
1037 2924 1077 2959 di
1095 2923 1144 2972 la,
1171 2930 1212 2960 et
1235 2924 1346 2972 potr&
1375 2930 1528 2962 tornare
1547 2937 1569 2961 a
1593 2936 1664 2962 sua
1686 2925 1901 2973 prouincia,

272 2991 314 3023 et
335 2985 494 3022 mandat
516 2984 558 3021 in
580 2996 652 3020 suo
673 2985 817 3031 luogho
843 2985 870 3020 il
895 2985 969 3020 Dr.
1000 2983 1186 3026 Astense‚
1211 2984 1277 3020 cui
1299 2983 1446 3031 lingua,
1473 2994 1584 3020 come
1610 2986 1713 3021 nella
1738 2984 1904 3023 Olandia

275 3052 316 3083 et
332 3045 470 3092 Frisia,
493 3043 575 3080 cosi
598 3045 702 3080 nella
717 3042 867 3090 Prusia,
894 3042 1033 3078 dicono
1056 3041 1140 3078 sara
1159 3043 1278 3078 molto
1295 3043 1373 3080 ben
1391 3043 1564 3080 intesa.»
1582 3043 1641 3080 Ex
1663 3043 1763 3080 Cod.
1788 3054 1831 3090 33
1842 3044 1902 3092 f),

277 3106 349 3144 fol.
371 3105 435 3142 88.
