2228 3548
948 303 995 342 23
1019 305 1130 352 JULu
1158 303 1249 350 1566
1802 312 1869 340 201

369 423 411 466 3.
475 411 662 453 Intorno
683 409 726 453 al
748 410 801 452 P.
828 407 1024 452 Martino
1046 408 1057 429 ¹
1081 413 1127 452 et
1147 407 1179 450 il
1199 421 1284 451 suo
1305 407 1554 464 predicare,
1573 407 1711 451 credo
1727 407 1813 450 che
1834 407 1920 450 ha-

281 489 392 532 uera
414 488 526 531 fatto
548 487 606 531 V.
632 488 691 530 R.
719 486 870 543 quello
891 486 977 529 che
998 498 1281 539 conueneua,
1305 483 1422 528 viste
1443 484 1487 529 le
1507 483 1848 537 circunstantie,
1872 490 1920 528 et

279 565 378 610 cosi
412 564 476 607 mi
511 563 692 608 rimetto
728 578 755 606 a
790 562 865 616 lei,
904 578 955 608 se
992 562 1186 618 qualche
1226 562 1340 606 altra
1376 576 1482 606 cosa
1518 560 1748 606 accadessi
1792 561 1919 605 farne

284 656 418 700 sopra
439 641 520 684 lui.

372 731 416 774 4.
480 718 568 762 Del
589 719 658 761 far
678 716 809 761 uenir
830 716 1022 774 qualche
1043 722 1258 773 soggetto
1278 715 1325 758 di
1354 715 1595 772 Hispagna
1626 715 1738 760 utile
1764 729 1846 771 per
1875 714 1919 758 la

277 795 542 848 Germania,
567 795 611 838 io
631 795 676 838 1ο
697 794 906 839 desidero
927 792 1060 846 assai,
1081 799 1128 836 et
1148 807 1233 850 pur
1254 791 1302 835 in
1318 799 1480 848 questo
1496 806 1655 836 mezzo
1673 791 1918 836 andaremo

280 873 489 918 uedendo
511 886 560 916 se
582 871 627 915 di
658 886 747 927 qua
773 871 817 915 le
843 877 1050 928 potremo
1077 870 1265 913 mandat
1286 869 1462 923 alcuni,
1492 868 1530 913 si
1556 870 1647 912 ben
1668 883 1759 912 non
1787 867 1917 912 siano

277 949 486 995 tudeschi
500 983 510 1002 ,
542 949 668 993 accio
705 947 856 992 alcuni
890 946 1113 999 tudeschi,
1145 945 1355 1003 occupati
1388 946 1506 989 nelle
1536 946 1713 1000 schole,
1745 944 1916 990 restino

275 1026 404 1070 liberi
426 1041 508 1083 per
529 1027 642 1070 altre
664 1024 840 1076 attioni;
866 1031 911 1069 et
933 1038 1012 1081 per
1034 1030 1164 1080 poter
1180 1023 1247 1065 far
1269 1029 1431 1078 questo
1448 1028 1574 1065 tanto
1593 1021 1778 1079 meglio,
1798 1021 1836 1065 si
1855 1035 1915 1066 ua

277 1104 512 1160 pensando
533 1104 591 1148 de
611 1103 738 1148 leuar
759 1116 786 1145 o
808 1099 999 1145 sminuir
1021 1101 1063 1144 le
1084 1100 1256 1152 schole,
1281 1100 1401 1143 doue
1429 1113 1538 1154 pare
1559 1098 1597 1142 si
1618 1113 1814 1155 possano
1845 1099 1915 1143 le-

278 1192 388 1224 uare
409 1195 547 1225 senza
568 1179 839 1223 detrimento
862 1177 1060 1221 notabile
1082 1176 1154 1221 del
1177 1177 1267 1221 ben
1294 1190 1551 1219 commune.

369 1267 410 1312 5.
475 1256 552 1301 Gli
575 1255 721 1300 ordini
741 1255 860 1299 della
877 1252 1209 1311 congregation
1230 1253 1444 1310 generale
1466 1251 1504 1295 si
1525 1253 1694 1296 uedera
1715 1252 1760 1295 di
1782 1267 1914 1297 man-

273 1333 391 1378 darli
412 1333 583 1391 meglio
605 1332 765 1386 scritti,
790 1331 953 1390 poiche
974 1345 1086 1375 sono
1102 1329 1311 1374 scorretti
1333 1317 1474 1386 quelli>
1493 1331 1579 1374 che
1600 1331 1660 1374 ha
1680 1336 1858 1386 portato
1875 1331 1910 1374 ¹.

365 1411 408 1456 6.
474 1412 564 1456 Per
585 1410 616 1454 il
637 1409 832 1467 collegio
854 1407 1116 1466 germanico
1134 1408 1225 1465 puo
1247 1409 1309 1452 V.
1342 1409 1396 1451 R.
1422 1407 1611 1452 mandat
1632 1406 1786 1463 quelli,
1806 1407 1912 1452 delli

271 1488 398 1545 quali
421 1487 485 1531 mi
506 1487 692 1541 scrisse,
717 1494 764 1531 et
791 1488 938 1532 anche
965 1484 1090 1539 altri,
1115 1485 1154 1529 si
1181 1485 1270 1530 ben
1301 1484 1474 1528 fussino
1498 1491 1596 1528 otto
1628 1499 1655 1528 o
1682 1483 1811 1529 diece
1842 1485 1911 1528 fra

274 1565 396 1618 tutti,
420 1565 697 1610 intendendo
719 1564 765 1608 di
785 1563 924 1621 quelli
945 1565 1030 1607 che
1058 1546 1303 1620 pagano-le
1324 1576 1407 1607 sue
1428 1575 1582 1618 spese;
1613 1562 1670 1605 de
1700 1562 1763 1618 gl’
1788 1561 1907 1614 altri,

271 1641 453 1699 poueri,
476 1642 515 1687 si
538 1657 595 1686 ua
616 1642 902 1699 procurando
923 1640 969 1684 di
991 1640 1177 1683 mandat
1198 1638 1273 1682 uia
1289 1637 1439 1682 alcuni
1460 1652 1622 1682 manco
1643 1638 1742 1691 atti,
1766 1645 1812 1682 et
1833 1638 1908 1682 all’

273 1718 384 1762 hora
401 1718 439 1763 si
460 1719 638 1763 auisara
659 1718 817 1775 quanti
837 1717 876 1762 si
897 1731 1094 1774 possono
1117 1716 1347 1769 mandare3
1368 1730 1453 1772 pur
1469 1715 1617 1759 insino
1635 1715 1797 1760 adesso
1817 1716 1910 1772 puo

274 1795 343 1839 far
359 1803 494 1840 conto
511 1798 569 1841 V.
590 1797 643 1840 R.
665 1795 711 1839 di
726 1795 914 1839 mandar
930 1807 974 1849 4.
996 1782 1032 1838 E
1051 1808 1160 1837 uero
1177 1794 1263 1838 che
1284 1792 1322 1836 si
1338 1792 1523 1850 giudica
1540 1807 1647 1848 qua,
1666 1806 1751 1836 con
1769 1793 1813 1836 la
1829 1806 1911 1836 ex-

273 1873 510 1930 perientia,
535 1875 619 1917 che
647 1887 740 1917 non
762 1872 800 1916 si
827 1872 1026 1929 potendo
1055 1877 1274 1915 trattener
1301 1869 1399 1914 sani
1427 1869 1554 1913 molti
1582 1869 1689 1914 anni
1717 1869 1747 1912 li
1776 1870 1911 1915 tude-

273 1949 387 2010 schi,
412 1951 724 1995 conuerrebbe
745 1948 988 1994 uenessino
1010 1954 1181 2004 quanto
1202 1946 1282 2003 piu
1311 1946 1514 1990 instrutti
1535 1946 1574 1990 si
1601 1946 1771 2003 potessi
1793 1946 1912 1991 nelle

272 2027 448 2080 lettere,
469 2041 599 2071 come
615 2027 807 2071 sarebbe
823 2026 1001 2070 auendo
1018 2024 1095 2082 gia
1115 2023 1239 2068 udito
1256 2023 1286 2067 il
1303 2038 1433 2068 corso
1449 2024 1566 2069 delle
1583 2023 1684 2077 arti,
1705 2023 1750 2066 in
1770 2030 1906 2078 tutto,

271 2118 299 2147 o
322 2103 369 2146 in
389 2105 543 2148 buona
565 2111 709 2160 parte,
735 2102 876 2155 accio,
902 2102 1093 2148 essendo
1116 2115 1206 2157 qua
1227 2107 1296 2144 tre
1317 2115 1344 2145 o
1365 2113 1394 2156 4
1416 2100 1538 2154 anni,
1564 2115 1591 2145 o
1611 2115 1726 2158 poco
1747 2100 1842 2157 piu,
1868 2100 1908 2144 si

268 2180 501 2237 potessino
523 2180 778 2224 rimandare
801 2195 826 2223 a
848 2179 915 2223 far
944 2179 1137 2235 qualche
1165 2178 1306 2222 frutto
1337 2193 1418 2235 per
1444 2177 1476 2221 li
1497 2177 1622 2235 paesi
1644 2177 1689 2220 di
1711 2178 1907 2221 Germa-

269 2256 360 2311 nia,
385 2272 465 2314 per
486 2257 518 2299 il
539 2259 623 2301 che
645 2256 781 2302 etiam
804 2256 1114 2301 conuerrebbe
1131 2269 1223 2298 non
1245 2255 1490 2300 uenessino
1506 2270 1597 2312 qua
1613 2254 1748 2311 putti,
1769 2269 1843 2298 ma
1859 2254 1907 2297 in

270 2335 345 2378 eta
365 2333 591 2378 mediocre
612 2340 658 2376 et
679 2333 725 2376 di
747 2334 899 2377 buona
920 2331 1087 2385 indole,
1113 2339 1159 2376 et
1180 2338 1319 2389 gente
1350 2332 1634 2385 amoreuole,
1660 2331 1706 2373 in
1735 2337 1907 2387 quanto

271 2410 310 2453 si
331 2413 477 2467 potra,
502 2411 588 2453 alla
609 2409 894 2467 Compagnia
915 2415 1085 2452 nostra.
1112 2409 1384 2453 Haueuamo
1407 2415 1598 2465 pensato
1619 2422 1669 2451 se
1690 2407 1735 2450 di
1758 2407 1908 2462 questi

272 2501 362 2543 que
383 2488 544 2532 adesso
568 2486 612 2531 ui
634 2501 746 2531 sono
768 2487 843 2531 nel
864 2485 1060 2543 collegio
1081 2485 1356 2542 germanico,
1381 2485 1420 2529 si
1441 2484 1610 2542 potessi
1633 2485 1821 2528 mandat
1842 2498 1907 2527 un

271 2577 381 2620 paro
401 2578 483 2620 per
503 2571 631 2609 tener
652 2577 760 2607 cura
782 2563 855 2607 del
877 2562 1118 2607 seminario
1139 2562 1212 2606 del
1228 2561 1523 2607 arciuescouo
1547 2560 1850 2618 strigoniense
1868 2561 1902 2603 ³:

269 2653 356 2684 con
377 2641 420 2684 la
436 2641 579 2697 prima
601 2640 638 2684 si
661 2641 769 2684 dara
792 2639 920 2683 auiso
942 2639 988 2682 di
1010 2645 1191 2695 questo.

358 2727 400 2772 7.
467 2719 556 2762 Per
576 2718 607 2760 l’
633 2717 791 2760 ultima
812 2719 872 2760 ho
895 2716 1071 2760 auisato
1093 2730 1222 2760 come
1252 2714 1284 2759 il
1310 2716 1538 2759 cardinale
1559 2713 1870 2760 alessandrino
1886 2714 1903 2735 ⁴

339 2818 351 2839 ¹
402 2815 704 2852 Stevordianus.

332 2877 346 2897 ²
396 2875 442 2910 In
464 2874 599 2910 codice
625 2875 648 2910 6
671 2874 819 2911 archivi
843 2885 947 2910 secr.
977 2873 1131 2919 vatic„
1156 2873 1220 2909 eui
1244 2873 1395 2910 titulus:
1430 2874 1556 2909 Varia
1585 2874 1640 2908 ad
1665 2872 1903 2908 Societatem

257 2934 528 2981 pertinentia.
542 2959 575 2969 ..
610 2935 774 2971 collecta
802 2945 829 2969 α
853 2933 906 2969 Ρ.
937 2932 1094 2975 Natali,
1122 2932 1165 2968 ff.
1194 2931 1327 2979 93·123
1349 2933 1542 2969 habentur
1567 2932 1692 2967 «Acta
1716 2930 1756 2966 in
1779 2930 1906 2978 prima

263 2993 566 3039 congregatione
595 2993 808 3039 generali»,
837 3003 926 3027 cum
956 2991 1106 3027 Natalis
1130 2991 1448 3028 annotationibus
1472 2989 1738 3037 autographis3
1767 2995 1809 3025 et
1832 2989 1906 3026 ibi-

265 3050 355 3087 dem
373 3051 418 3087 ff.
444 3050 598 3097 163-184
616 3052 740 3087 «Acta
756 3049 1073 3096 congregationis
1091 3049 1327 3086 secundae.»

338 3112 354 3132 ³
403 3110 587 3146 Nicolaus
605 3109 773 3148 Olahus.
968 3110 984 3132 ⁴
1032 3103 1416 3153 MichaelBonellus,
1435 3118 1628 3157 pronepos
1646 3107 1692 3145 S.
1717 3106 1778 3143 Pii
1796 3106 1850 3142 V.
