2228 3548
403 251 448 289 54
916 242 1053 278 Emsr.
1082 240 1125 276 P.
1153 237 1423 285 NADAL-372

352 343 559 396 scriuer',
599 350 770 399 quanto
790 357 871 400 per
901 356 1024 386 esser
1053 339 1158 384 tutti
1186 339 1263 383 noi
1290 338 1626 396 occupatissimi
1661 339 1780 384 nelle
1800 339 1981 383 confes*

350 419 465 464 sioni
487 419 686 472 italiane,
718 420 970 476 spagnuole
996 425 1042 462 et
1070 416 1338 471 thedesche,
1368 418 1548 461 haueuo
1577 416 1704 472 quasi
1733 415 1983 461 deliberato

350 497 394 539 di
417 511 508 539 non
530 495 735 550 scriuer’3
767 511 841 539 ma
870 494 1079 547 tuttauia,
1110 508 1191 550 per
1217 508 1307 537 non
1330 493 1628 551 interromper
1648 493 1680 537 il
1702 500 1906 537 costume
1933 491 1979 536 di

351 573 536 616 scriuer'
561 571 670 629 ogni
692 574 897 625 sabbato,
929 571 990 614 mi
1012 572 1037 615 ἑ
1064 585 1196 627 parso
1218 572 1302 614 far'
1332 577 1491 627 queste
1517 572 1662 627 poche
1683 570 1814 628 righe
1834 569 1979 627 hoggi

350 652 433 694 che
455 651 479 693 e
501 649 690 693 sabbato
711 656 842 692 santo
863 650 891 692 ¹.
918 647 1079 705 Questi
1103 647 1252 704 giomi
1273 647 1407 701 santi,
1427 662 1540 691 sono
1561 647 1667 692 stati
1684 647 1832 704 questi
1853 646 1979 704 prin-

351 726 439 782 cipi
461 724 636 778 ritirati,
662 732 707 769 et
735 726 778 768 13
807 725 1059 781 frequentia
1095 731 1142 767 et
1179 724 1425 768 deuotione
1461 725 1534 768 del
1561 725 1728 781 populo
1756 723 1982 768 catholico

348 803 421 847 alli
443 802 578 846 officii
600 809 645 847 et
661 809 790 846 sante
811 802 1067 847 ceremonie
1088 802 1205 846 della
1227 801 1380 847 chiesa
1401 803 1427 846 ὲ
1448 808 1567 846 stata
1593 803 1651 846 da
1679 816 1795 859 gran
1816 815 1982 845 conso-

348 879 513 923 latione
530 880 605 924 nel
627 879 823 936 Signore
847 894 873 923 a
894 879 968 923 chi
990 880 1033 922 13
1054 880 1246 932 vedeua,
1267 885 1312 922 et
1328 879 1387 923 da
1403 878 1658 936 ringratiar'
1686 879 1824 923 molto
1839 879 1883 923 la
1899 892 1984 922 sua

346 955 500 1000 diuina
522 958 711 1001 Maesta.
736 956 771 999 Il
793 957 958 1013 popolo
980 957 1037 1001 de
1065 956 1333 1013 protestanti
1362 963 1408 1002 et
1431 956 1653 1001 forestieri
1681 963 1812 1001 stano
1842 956 1985 999 molto

348 1047 482 1089 sopra
498 1032 544 1076 di
566 1047 631 1087 se,
652 1040 697 1077 et
714 1033 751 1076 si
768 1040 958 1090 portano
980 1048 1065 1077 con
1082 1032 1262 1077 insolita
1279 1033 1515 1087 modestia,
1535 1041 1580 1077 et
1597 1033 1635 1077 si
1655 1033 1761 1077 viue
1777 1032 1825 1076 in
1841 1046 1982 1089 gran-

348 1109 532 1153 dissima
554 1124 664 1166 pace
686 1116 732 1153 et
753 1110 920 1166 quiete,
946 1110 1090 1167 gloria
1113 1111 1154 1154 al
1174 1110 1387 1167 'Signore,
1413 1118 1539 1155 tanto
1565 1113 1650 1154 che
1672 1124 1752 1167 per
1773 1116 1894 1154 certe
1910 1109 1980 1167 pi-

349 1187 446 1230 cole
478 1186 732 1239 insolentie,
764 1188 848 1232 che
884 1187 1066 1232 alchuni
1094 1187 1267 1231 sassoni
1303 1190 1424 1232 hano
1453 1188 1566 1232 fatto
1593 1188 1680 1232 alle
1707 1195 1836 1244 porte
1864 1187 1984 1232 della

355 1263 525 1316 chiesa,
551 1278 680 1308 come
700 1266 866 1320 portar’
891 1265 934 1307 13
955 1278 1090 1321 carne
1111 1264 1158 1307 in
1179 1279 1331 1320 mano,
1356 1272 1403 1309 et
1429 1265 1678 1322 mangiarla
1705 1264 1887 1308 dinanzi
1908 1263 1985 1308 alli

353 1339 487 1396 preti,
512 1347 617 1394 etc.,
642 1341 680 1383 s'
705 1340 889 1386 intende
910 1343 994 1386 che
1017 1342 1110 1387 Sua
1134 1342 1239 1386 MJa
1263 1343 1323 1386 ha
1354 1343 1568 1386 mandato
1589 1357 1615 1386 a
1643 1341 1739 1385 dire
1762 1341 1836 1386 alli
1858 1339 1986 1398 prin-

351 1416 458 1472 cipi,
484 1418 569 1460 che
591 1431 640 1460 se
663 1417 760 1460 loro
787 1433 879 1461 non
917 1419 1240 1475 prouedeuano
1275 1434 1302 1463 a
1329 1420 1413 1463 che
1434 1433 1525 1463 non
1554 1418 1591 1462 si
1619 1420 1822 1463 facesero
1850 1418 1988 1462 simili

352 1508 474 1547 cose,
501 1494 842 1550 prouederebbe
877 1496 920 1539 la
948 1496 1055 1539 ΜΨ
1084 1497 1193 1550 Sua;
1228 1503 1274 1541 et
1308 1495 1340 1539 li
1374 1495 1581 1553 principi,
1615 1496 1813 1541 secondo
1834 1495 1985 1540 inten-

350 1570 516 1623 diamo,
541 1572 693 1614 hanno
715 1572 828 1615 fatto
850 1574 1225 1617 comandamento
1254 1573 1329 1617 alli
1355 1574 1472 1627 suoi,
1497 1580 1617 1617 sotto
1638 1588 1756 1630 pena
1777 1573 1893 1617 della
1915 1579 1987 1617 te—

350 1654 434 1700 sta,
460 1649 544 1691 che
567 1661 658 1691 non
683 1647 829 1691 facino
851 1649 1096 1706 despiacer’
1117 1651 1175 1694 ne
1191 1650 1421 1695 insolenza
1437 1650 1615 1695 nisuna.
1637 1652 1695 1695 D.
1721 1651 1779 1695 V.
1806 1653 1859 1694 P.
1885 1665 1985 1694 ser—

353 1737 412 1767 uo
435 1738 492 1768 en
514 1723 617 1777 X.⁰,

1419 1781 1462 1869 Ἀρ
1492 1813 1676 1928 ΝΑξΑι.
1713 1810 1743 1870 †

436 1953 682 2010 Inscriptio
715 1956 764 1997 in
798 1961 963 2011 quarta
987 1960 1186 2016 pagina:
1200 1962 1332 2018 Jhus.
1365 1960 1425 2004 Al
1454 1960 1594 2003 molto
1617 1961 1731 2003 Rdo.
1760 1961 1813 2003 Ρ.
1847 1961 1904 2004 Ν.
1934 1959 1982 2003 in

354 2029 535 2074 Christo
563 2030 593 2073 il
632 2033 685 2074 P.
726 2032 980 2078 Francesco
1015 2036 1073 2080 de
1112 2035 1302 2093 Borgia,
1341 2036 1570 2094 preposito
1607 2037 1822 2094 generale
1864 2037 1986 2081 della

348 2106 631 2163 Compagnia
652 2109 709 2151 de
724 2110 850 2166 Jesu,
872 2118 958 2154 etc.
992 2114 1149 2157 Roma.
1177 2114 1285 2157 Alia
1312 2128 1471 2157 manu:
1499 2114 1626 2170 1566.
1659 2115 1713 2159 C.
1746 2115 1979 2172 Augusta.

353 2183 406 2225 P.
432 2184 594 2227 Natale
617 2199 753 2229 senza
774 2186 878 2230 data
900 2188 931 2231 ².
969 2190 1220 2247 Vestigium
1243 2192 1407 2249 sigilli.

787 2346 839 2389 P.
883 2348 927 2390 H
934 2285 1294 2396 [ERONalefoS
1325 2353 1543 2396 NADAL

691 2415 932 2456 SANCTO
966 2421 1314 2461 FRANCISCO
1343 2424 1421 2459 DE
1452 2423 1647 2471 BORJA

858 2486 1097 2528 AUGUSTAE,
1114 2482 1137 2517 6
1155 2491 1316 2518 APRILIS
1337 2483 1428 2528 1566
1445 2484 1474 2519 ²⁵.

350 2546 383 2571 Ι.
410 2537 459 2573 Ut
478 2539 639 2586 negotia
657 2540 870 2588 religionis
883 2543 926 2578 in
940 2549 1134 2582 conventu
1147 2549 1547 2593 praetermittantur,
1562 2548 1776 2596 efficaciter
1783 2552 1980 2596 procura·

397 2599 579 2634 tur.—2.
605 2599 696 2644 Quo
708 2602 827 2647 pacto
843 2613 958 2638 suam
978 2603 1172 2650 affectam
1189 2607 1463 2644 valetudinem
1480 2619 1626 2644 curare
1643 2608 1790 2651 valeat,
1809 2609 1980 2646 sciscita-

395 2658 566 2703 tum—3.
591 2657 671 2694 Nec
686 2659 862 2706 hispani,
883 2673 951 2697 nec
968 2663 1076 2710 itali,
1094 2666 1148 2700 ad
1166 2666 1313 2702 bellum
1331 2667 1530 2703 turcicum
1543 2668 1764 2714 prodeunt.

444 2733 481 2764 1.
539 2723 669 2780 jhus.
699 2725 796 2768 Pax
831 2726 999 2770 Christi
1022 2736 1107 2773 etc.
1141 2731 1305 2785 Padre,
1337 2737 1435 2776 esta
1455 2746 1639 2777 semana
1667 2748 1729 2776 no
1759 2735 1848 2791 hay
1881 2742 1981 2779 otra

424 2863 435 2884 ¹
486 2862 581 2900 Dies
599 2865 752 2901 sabbati
771 2867 894 2902 sancti
907 2868 929 2903 6
948 2869 1093 2916 Aprilis
1111 2873 1185 2909 hoc
1203 2884 1304 2910 anno
1321 2851 1476 2910 inciditss

421 2923 435 2942 ²
486 2922 586 2958 Vide
604 2929 736 2960 annot.
756 2934 793 2961 2.

420 2980 434 3000 ³
483 2980 541 3015 Ex
559 2982 784 3030 archetypo,
803 2995 825 3019 a
842 2984 889 3021 P.
914 2986 1092 3032 Jimenez
1110 2997 1283 3036 exarato,
1302 2997 1342 3028 et
1361 2991 1511 3028 Natalis
1537 3005 1654 3030 manu
1678 2995 1910 3042 subscripto,
1938 2995 1977 3031 in

348 3036 483 3084 Epist.
507 3039 661 3086 Natal.,
679 3042 729 3089 ΙΙ,
750 3042 864 3079 unico
880 3043 971 3090 fol„
993 3055 1059 3093 114
1078 3048 1190 3098 (501).
