2228 3548
746 787 1424 848 SUPPLEMENTUM

1066 990 1091 1026 Ι

717 1069 765 1105 Ρ.
808 1068 1048 1116 JOANNES
1087 1069 1158 1105 DE
1194 1068 1446 1107 POLANCO

804 1158 853 1183 ex
870 1146 1147 1184 commissione
1166 1146 1206 1182 S.
1228 1146 1371 1194 Ignatii

575 1226 787 1270 PATRI
834 1225 1163 1270 ANTONIO
1209 1226 1300 1268 DE
1352 1225 1594 1269 ARAOZ

791 1322 951 1362 ROMAE,
973 1323 1015 1360 14
1033 1321 1215 1351 Aue-usn
1236 1312 1327 1359 1553
1353 1314 1378 1350 ¹.

339 1393 431 1438 Quo
448 1392 624 1434 nomine,
643 1403 723 1438 qua
739 1391 994 1434 auctoritate,
1011 1391 1174 1428 Natalis
1190 1391 1234 1427 in
1251 1391 1498 1439 Hispaniam
1516 1395 1553 1428 et
1575 1391 1828 1427 Lusitaniam

982 1451 1186 1488 mittatur.

358 1535 444 1579 Del
468 1534 683 1578 visitador
719 1550 776 1591 ya
797 1549 906 1591 para
926 1541 1024 1579 este
1052 1534 1221 1591 tiempo
1248 1549 1354 1579 creo
1375 1549 1435 1591 yo
1462 1549 1512 1579 se
1541 1536 1648 1579 abra
1676 1534 1795 1578 visto
1816 1549 1901 1578 con

267 1595 327 1638 V.
354 1595 408 1637 R.
435 1595 487 1637 El
509 1609 568 1638 no
592 1595 711 1638 lleua
739 1595 800 1638 tal
832 1595 1038 1647 nombre,
1073 1594 1171 1638 sino
1199 1594 1257 1639 de
1283 1594 1560 1647 comissario,
1595 1608 1769 1651 porque
1790 1594 1899 1637 abrai

267 1653 326 1698 de
347 1654 567 1698 entender
588 1669 644 1698 en
663 1668 788 1698 essos
809 1667 974 1710 reynos
990 1668 1020 1709 y
1041 1667 1099 1696 en
1121 1654 1163 1697 el
1190 1654 1246 1698 de
1277 1655 1497 1710 Portugal
1525 1669 1582 1698 en
1606 1655 1798 1710 algunas
1819 1666 1898 1696 co-

268 1726 343 1756 sas
365 1726 454 1768 que
476 1712 713 1768 requieren
734 1714 778 1755 la
800 1727 971 1757 mesma
991 1711 1261 1756 authoridad
1278 1727 1367 1769 que
1383 1720 1570 1758 nuestro
1595 1714 1741 1756 Padre
1759 1711 1895 1765 tiene,

270 1785 401 1827 como
422 1786 472 1816 es
494 1786 551 1815 en
573 1772 617 1815 lo
639 1786 727 1827 que
750 1779 850 1815 toea
872 1776 898 1815 ἐι
919 1772 986 1815 las
1007 1771 1360 1816 constituciones
1388 1788 1419 1829 y
1446 1774 1611 1829 reglas;
1642 1788 1671 1828 y
1700 1771 1897 1814 tambien

271 1831 471 1887 ayudara
491 1846 549 1874 en
571 1832 615 1874 lo
635 1833 692 1875 de
713 1832 780 1874 las
796 1832 973 1876 scuelas
993 1845 1022 1887 y
1045 1845 1102 1874 en
1125 1832 1234 1875 todo
1255 1832 1299 1875 lo
1325 1832 1480 1877 demas
1508 1847 1596 1888 que
1618 1846 1667 1876 se
1695 1829 1899 1874 offrecie-

272 1903 336 1933 re.
372 1891 456 1934 Asi
486 1905 575 1946 que
596 1905 658 1934 no
680 1891 850 1935 lleuara'l
877 1891 1000 1933 color
1027 1891 1085 1935 de
1121 1892 1355 1944 reformar‚
1387 1906 1567 1946 avnque
1589 1892 1698 1934 hara',
1727 1890 1835 1932 todo
1857 1890 1900 1933 lo

272 1963 363 2004 que
385 1949 570 2006 pudiere
591 1965 647 1994 en
671 1950 819 2006 ayuda
840 1948 1069 1994 Vniuersa]
1089 1964 1119 2006 y
1140 1949 1384 2007 particular
1405 1952 1461 1994 de
1483 1951 1615 1993 todos
1632 1951 1699 1993 los
1720 1949 1777 1993 de
1795 1949 1898 2002 alla,

271 2022 404 2052 como
425 2023 618 2065 persona
639 2023 728 2064 que
751 2023 858 2065 para
880 2009 967 2053 ello
989 2008 1110 2054 tiene
1131 2010 1229 2054 zelo
1244 2025 1274 2066 y
1296 2011 1484 2065 talento,
1503 2025 1532 2066 y
1549 2010 1605 2052 de
1623 2009 1759 2066 quien
1778 2007 1900 2052 tiene

269 2074 457 2112 nuestro
480 2068 627 2112 Padre
651 2068 754 2111 toda
784 2068 1036 2123 confianqa.

1066 2196 1102 2234 z

828 2263 1202 2313 GUNDISA'LVUS
1235 2278 1341 2314 vAz

596 2354 849 2398 SANCTO
887 2355 1151 2399 IGNATIO
1190 2356 1274 2399 DE
1315 2357 1573 2400 LOYOLA

729 2450 1005 2488 ULYSSIPONE,
1030 2451 1075 2488 27
1091 2451 1285 2487 JANUARH
1311 2451 1402 2490 1554
1418 2447 1446 2479 ².

772 2519 1089 2566 Informationes
1104 2521 1152 2556 de
1169 2521 1403 2557 P.·Natali.

353 2597 504 2654 Jesus.
531 2597 627 2639 Pax
649 2596 726 2640 X.i
751 2597 793 2640 O
833 2597 980 2640 Padre
1011 2599 1180 2643 Mestre
1213 2598 1328 2642 Mira
1349 2600 1383 2653 ⁵,
1408 2612 1519 2642 noso
1541 2595 1801 2654 prouintial,
1826 2610 1898 2640 me

339 2725 350 2746 ¹
402 2727 460 2762 Ex
477 2726 664 2774 Regesto‚
685 2725 785 2763 Cod.
810 2736 874 2773 19,
889 2728 967 2763 vol.
989 2727 1020 2772 1,
1036 2726 1103 2763 fol.
1118 2727 1155 2763 8.
1170 2728 1271 2764 Vide
1285 2729 1415 2775 Epist.
1431 2727 1588 2770 Natat„
1604 2727 1633 2766 Ι,
1654 2724 1720 2771 143
1734 2731 1774 2762 et
1788 2737 1897 2773 seqq.

335 2787 350 2807 ²
398 2785 459 2820 Ex
475 2785 731 2832 autographo,
749 2785 789 2820 in
810 2784 904 2821 Cod.
925 2795 994 2830 44,
1012 2786 1128 2822 unico
1150 2786 1217 2823 fol.
1242 2787 1322 2832 187,
1341 2787 1459 2833 (506).
1490 2785 1616 2832 Hujus
1640 2784 1786 2821 codicis
1809 2784 1896 2820 des-

263 2843 493 2891 criptionem
511 2845 632 2880 habes
650 2843 690 2879 in
714 2844 844 2892 Epist.
864 2844 1029 2885 Mixtae,
1050 2845 1123 2887 ΙΙΙ.
1147 2846 1230 2891 716.
1256 2847 1337 2883 Ubi
1359 2848 1455 2882 haec
1474 2845 1638 2892 epistola
1655 2843 1744 2880 data
1762 2843 1827 2890 sit,
1846 2855 1896 2880 ex

263 2903 348 2950 ipsa
372 2913 448 2939 non
469 2907 636 2938 constat.
662 2902 816 2939 Scimus
841 2908 972 2939 tamen
995 2903 1154 2940 aliunde
1174 2905 1216 2940 P.
1237 2905 1523 2941 Gundisalvum
1549 2904 1631 2939 Vaz
1655 2903 1895 2950 Ulyssipone

263 2963 337 2998 hoe
355 2967 530 3009 tempore
548 2961 724 3008 degisse.
748 2961 848 2998 Vide
867 2963 1000 3010 Epist.
1027 2963 1170 2999 Natat,
1182 2991 1192 3009 ‚
1210 2964 1243 3009 1,
1266 2973 1346 3011 195.

337 3023 351 3043 ³
402 3022 445 3059 P.
477 3021 650 3058 Didacus
679 3021 817 3067 Miron‚
847 3021 958 3069 cujus
991 3021 1176 3070 frequens
1205 3025 1352 3061 mentio
1386 3024 1425 3059 in
1456 3022 1599 3059 nostris
1633 3021 1898 3057 voluminibus

267 3081 375 3118 facta
393 3087 467 3118 est.
