2228 3548
398 298 471 345 690
916 291 1055 327 Ems'r.
1083 290 1129 325 P.
1157 289 1350 325 NADAL-
1359 290 1428 335 576

1109 443 1228 484 576

783 533 838 574 P.
873 529 1288 574 HIERONYMUS
1330 529 1550 574 NADAL

665 619 855 680 PATR1
888 615 1221 654 EVERARDO
1255 614 1667 656 MERCURIANO

880 709 1036 745 HALAE,
1057 698 1106 735 30
1123 708 1286 736 APRles
1307 708 1396 745 1575
1416 700 1443 736 ¹.

342 787 482 823 Patris
500 785 708 822 Francisci
726 785 898 822 Antonii
915 786 1127 821 adventus.-
1146 784 1257 820 bonis
1274 784 1431 821 nuntiis
1447 785 1497 821 ab
1513 786 1600 833 ipso
1612 785 1785 832 perlatis
1803 785 1984 823 laetatur

1077 843 1254 879 Natalis.

434 934 463 993 †
488 935 633 979 Molto
654 934 771 978 Rdo.
797 934 851 977 P.
878 934 939 977 N.
963 932 1009 976 in
1039 932 1125 976 Χ.ο
1149 934 1247 976 Pax
1268 932 1344 977 X.¹
1372 933 1500 977 Hieri
1522 933 1685 990 gionse
1705 933 1736 976 il
1760 936 1812 978 P.
1835 934 1984 978 Fran-

341 1026 478 1056 cesco
500 1010 705 1055 Antonio
727 1011 760 1053 ³.
787 1009 864 1056 Sia
885 1014 966 1067 per
988 1011 1016 1052 l’
1043 1025 1170 1053 amor
1192 1010 1266 1055 del
1288 1009 1472 1068 Signor.
1493 1010 1544 1055 L’
1567 1012 1738 1069 Agnus
1758 1012 1863 1064 Dei,
1886 1018 1933 1056 et
1953 1011 1985 1055 il

344 1089 502 1146 regalo
521 1089 640 1134 della
661 1087 934 1132 mermelada
950 1094 1198 1144 portugesa
1220 1088 1246 1131 e
1262 1089 1404 1132 molto
1420 1089 1556 1143 bona,
1578 1095 1624 1134 et
1647 1088 1751 1132 vien
1772 1103 1799 1132 a
1814 1103 1983 1146 propo-

345 1166 454 1210 sito.
493 1165 558 1210 Mi
585 1165 609 1209 ὲ
639 1179 753 1222 gran
790 1164 1011 1210 refection
1048 1164 1094 1207 di
1130 1164 1287 1221 spirito
1325 1164 1467 1209 sentir
1503 1171 1630 1208 tanto
1651 1165 1772 1210 bone
1792 1179 1912 1210 noue
1934 1172 1982 1211 et

342 1250 483 1296 tante,
504 1256 633 1288 come
649 1241 712 1285 mi
728 1241 877 1286 scriue
898 1242 941 1285 la
958 1243 1011 1285 P.
1033 1243 1091 1286 V.
1113 1247 1158 1286 et
1179 1241 1241 1284 mi
1262 1243 1321 1285 ha
1338 1242 1465 1286 detto
1481 1241 1512 1284 il
1530 1243 1581 1286 P.
1603 1243 1639 1286 F
1642 1256 1858 1287 rancesco
1875 1242 1979 1287 An-

342 1320 489 1364 tonio.
535 1320 620 1363 Est
649 1319 877 1362 mirabilis
891 1319 1028 1376 Jesus
1051 1320 1098 1361 in
1123 1319 1337 1362 Societate
1358 1333 1458 1362 sua.
1485 1319 1555 1362 Sit
1575 1319 1829 1362 benedictus
1849 1321 1979 1364 Deus

341 1412 398 1440 ex
425 1397 639 1441 Societate
651 1396 750 1452 filii
770 1397 858 1439 sui.
885 1397 932 1439 Io
953 1397 1073 1440 beuo
1095 1395 1204 1452 ogni
1226 1396 1388 1453 giorno
1410 1411 1526 1452 aqua
1547 1396 1594 1440 di
1609 1397 1731 1451 lefio,
1750 1411 1826 1440 ma
1840 1411 1979 1442 senza

341 1474 477 1526 dieta,
503 1475 562 1517 ne
582 1474 696 1517 altra
718 1473 1051 1518 obseruatione.
1076 1472 1192 1517 Dico
1220 1473 1330 1530 ogni
1358 1474 1403 1516 di
1425 1473 1562 1518 missa
1588 1480 1633 1518 et
1660 1474 1724 1517 fin
1752 1473 1829 1530 qui
1851 1474 1899 1518 in
1925 1486 1976 1519 12

341 1550 494 1607 giorni
516 1564 711 1594 conosco
732 1551 852 1593 bona
868 1549 1135 1607 disposition
1151 1551 1226 1595 nel
1243 1563 1396 1607 corpo.
1416 1552 1561 1608 Spero
1577 1551 1639 1595 mi
1655 1551 1756 1596 sara
1773 1551 1881 1596 vtile
1897 1566 1978 1608 per

339 1627 548 1671 isminuir
570 1628 741 1670 altanto
772 1627 802 1669 il
825 1634 1000 1671 catarro
1029 1629 1107 1670 ch’
1132 1627 1156 1672 ὲ
1184 1627 1215 1669 il
1243 1628 1307 1670 fin
1328 1628 1434 1672 mio.
1466 1628 1501 1671 Il
1524 1628 1694 1685 Signor
1728 1628 1973 1686 agiuttara.

341 1706 444 1749 Non
467 1706 493 1748 e
514 1711 634 1748 stato
654 1703 700 1747 di
723 1703 917 1760 bisogno
940 1705 1172 1748 consultar
1188 1719 1237 1748 se
1259 1705 1444 1748 andaria
1466 1705 1496 1748 il
1521 1707 1573 1749 P.
1594 1707 1631 1749 F
1634 1719 1850 1751 rancesco
1872 1706 1978 1750 An-

341 1781 468 1825 tonio
490 1797 517 1825 a
538 1780 792 1833 Francfort,
818 1782 983 1837 perche
1005 1795 1096 1824 non
1118 1780 1157 1824 si
1178 1781 1303 1837 parla
1323 1783 1410 1826 che
1437 1783 1466 1824 l’
1493 1783 1741 1839 Imperator
1766 1782 1906 1826 habbi
1927 1782 1975 1826 di

339 1859 482 1902 andar
507 1859 565 1902 la.
598 1846 636 1902 ΪΞ
664 1858 823 1901 adesso
846 1872 931 1901 con
954 1858 1171 1914 Augusto
1194 1858 1208 1879 ⁵
1232 1857 1280 1901 in
1307 1858 1520 1911 Saxonia‚
1551 1866 1596 1903 et
1622 1861 1682 1902 ha
1702 1858 1748 1902 di
1771 1866 1925 1902 tornar
1946 1874 1974 1903 a

341 1937 509 1992 Praga,
524 1942 569 1979 et
585 1934 685 1979 hasi
701 1934 746 1979 di
764 1949 952 1978 coronar
969 1934 1192 1990 Ridolpho
1209 1935 1225 1955 ⁴
1243 1949 1292 1979 re
1309 1934 1354 1978 di
1373 1935 1573 1981 Boemia.
1593 1936 1726 1981 Della
1741 1936 1863 1980 dieta
1879 1951 1972 1980 non

339 2012 377 2056 si
400 2013 525 2069 parla
546 2026 727 2056 ancora.
752 2011 839 2055 Dia
859 2011 889 2054 il
912 2011 1082 2068 Signor
1103 2013 1190 2056 alla
1214 2014 1267 2057 P.
1298 2014 1356 2057 V.
1382 1994 1494 2069 ogni
1514 2020 1763 2070 augmento
1791 2012 1837 2056 di
1865 2013 1974 2057 doni

339 2089 576 2146 spirituali,
601 2095 647 2134 et
677 2089 815 2133 molta
836 2090 998 2141 salute,
1024 2096 1069 2133 et
1091 2090 1230 2146 longa
1251 2104 1278 2133 a
1299 2089 1475 2146 magior
1496 2089 1642 2147 gloria
1663 2090 1710 2133 di
1735 2105 1819 2134 sua
1852 2090 1973 2134 diui-

338 2180 396 2210 na
419 2168 528 2210 Mta.
554 2165 614 2211 Di
646 2165 781 2219 Hala,
805 2165 964 2209 vltimo
996 2165 1041 2208 di
1064 2166 1225 2222 Aprile
1253 2176 1381 2222 1575.
1401 2168 1460 2211 D.
1487 2169 1541 2211 P.
1568 2168 1626 2212 V.
1651 2181 1787 2211 seruo
1807 2167 1856 2211 in
1885 2167 1974 2212 X.⁰

1427 2249 1457 2308 †
1487 2250 1672 2367 Nissm.
1706 2249 1736 2308 †

427 2397 533 2441 Alle
555 2395 746 2447 orationi
773 2403 818 2440 et
846 2396 982 2440 misse
1003 2397 1121 2442 della
1155 2399 1207 2441 P.
1235 2399 1292 2442 V.
1318 2397 1363 2441 di
1385 2412 1523 2443 cuore
1552 2397 1614 2441 mi
1636 2398 1899 2443 ricomando
1922 2406 1969 2444 et

336 2474 383 2517 di
407 2473 542 2517 Padri
564 2472 809 2525 assistenti,
835 2479 880 2517 et
901 2473 1160 2528 secretario,
1185 2481 1231 2518 et
1247 2474 1293 2518 di
1314 2475 1566 2530 Ludouico,
1591 2475 1634 2518 al
1661 2476 1767 2531 qual
1787 2475 1968 2532 ringra—

338 2551 401 2594 tio
422 2551 529 2596 delli
550 2552 718 2608 Agnus
738 2550 842 2592 Dei.

424 2627 670 2684 Inscriptio
689 2627 738 2670 in
756 2629 923 2682 quarta
933 2628 1132 2684 pagina,
1150 2628 1243 2670 alia
1266 2642 1425 2670 manu:
1446 2627 1476 2685 †
1497 2628 1759 2672 Admodum
1776 2628 1892 2672 Rdo.
1917 2627 1966 2672 in

334 2704 518 2748 Christo
548 2703 673 2748 Patri
704 2704 762 2747 N.
796 2704 849 2746 P.
888 2705 1118 2748 Euerardo
1141 2704 1444 2759 Mercuriano,
1476 2704 1734 2762 praeposito
1763 2705 1969 2762 generali

407 2865 415 2883 ¹
468 2865 526 2899 Ex
544 2862 797 2910 autographo,
815 2861 855 2897 in
882 2862 1007 2908 Epist.
1028 2862 1186 2911 Natal.‚
1203 2864 1256 2909 ΙΙ,
1274 2863 1420 2911 duplici
1437 2863 1519 2912 f01.‚
1541 2861 1612 2901 230
1627 2864 1742 2911 (206).

403 2926 416 2945 Ξ
467 2925 528 2959 De
548 2934 595 2959 eo
611 2921 780 2958 diximus
798 2932 926 2967 supra>
947 2933 1041 2968 pag.
1064 2931 1150 2968 402,
1168 2922 1256 2969 403.
1282 2922 1348 2960 Cf.
1373 2923 1639 2975 AGRICOLAM,
1664 2926 1738 2962 loc.
1762 2925 1845 2971 cit„
1871 2924 1965 2961 dec.

331 2982 401 3026 IV,
421 2994 462 3017 n.
492 2982 575 3027 184.

401 3042 414 3062 5
466 3042 670 3087 Augustus
687 3040 721 3087 1,
739 3040 885 3075 elector
903 3040 1110 3077 Saxoniae.

397 3102 414 3123 ⁴
462 3101 704 3148 Rodolphus,
721 3098 825 3136 filius
842 3099 1098 3137 Maximiliani
1114 3101 1153 3137 11
1176 3102 1363 3139 caesaris.
