2228 3548
417 290 505 318 xxu
851 278 1106 315 PROOEMIUM
1131 284 1272 312 TERTII
1295 283 1525 312 VOLUMINIS

371 383 568 428 comitiis
588 381 848 440 provinciae
870 380 1076 432 interest,
1101 377 1297 435 collegia
1320 384 1489 422 cuncta
1510 377 1687 423 Galliae
1709 376 1906 422 invisere
1926 391 2019 421 cu*

371 467 461 525 pit3
493 467 589 521 sed,
624 464 846 510 consultis
882 463 1095 507 Patribus
1130 461 1480 518 antiquioribus,
1520 471 1566 507 et
1595 461 1780 524 cognita
1811 460 2018 518 Borgiae.

370 557 538 603 mente,
563 549 641 606 qui
662 549 871 593 Natalem
895 549 1085 591 Romam
1116 546 1263 591 redire
1295 546 1556 603 exoptabat,
1580 545 1757 591 Galliae
1777 544 2014 599 valedicit,

369 641 416 678 et
438 632 576 679 Urbis
595 632 682 677 iter
702 631 858 688 arripit
882 631 1116 688 (631-634,
1142 631 1246 689 639,
1272 629 1392 686 640).

457 716 501 773 b)
564 715 763 768 Natalis,
780 714 1015 758 Societatis
1031 714 1238 756 vicarius
1251 712 1661 771 generalis.—Die
1679 725 1736 768 30
1746 711 1874 770 Junii
1890 725 2020 756 anno

375 810 482 855 1571
515 799 551 842 F
554 797 787 841 ranciscus
816 796 1000 854 Borgia,
1027 796 1222 853 jubente
1249 811 1429 840 summo
1457 795 1675 854 pontifice
1704 795 1789 840 Pio
1816 796 1876 850 V,
1907 809 2019 840 cum

370 880 585 926 cardinali
617 880 928 924 Alexandrino
958 879 1005 923 in
1038 880 1308 938 Hispaniam
1336 880 1727 937 proficiscebatur.
1760 880 1831 925 Ne
1859 886 2020 925 autem

369 966 469 1022 ejus
490 980 547 1010 ex
576 965 688 1008 urbe
715 964 921 1009 absentia
958 964 1169 1022 regimini
1206 964 1347 1009 totius
1378 963 1624 1010 Societatis
1655 963 1840 1020 aliquod
1869 962 2013 1007 detri-

370 1056 573 1093 mentum
595 1049 757 1092 afferre
777 1054 949 1106 posset,
973 1047 1195 1092 vicarium
1217 1048 1480 1105 generalem
1498 1046 1778 1093 renuntiavit
1796 1048 1848 1091 P.
1870 1047 2010 1092 Nata-

369 1133 475 1185 lem,
501 1131 579 1188 qui
599 1131 811 1175 omnibus
831 1130 1094 1189 provinciis,
1113 1131 1298 1189 dempta
1315 1131 1566 1189 Hispaniae
1582 1130 1859 1184 assistentia,
1878 1144 2017 1187 prae·

371 1221 507 1261 esset.
534 1216 636 1263 Hoc
660 1221 813 1260 autem
834 1214 983 1259 officio
1005 1214 1266 1271 quindecim
1288 1214 1523 1260 mensibus
1546 1221 1673 1259 tanta
1700 1213 1939 1271 diligentia
1964 1221 2020 1258 et

373 1298 607 1343 alacritate
628 1298 766 1342 animi
789 1299 975 1343 functus
996 1305 1067 1343 est
1087 1299 1280 1354 Natalis,
1305 1305 1356 1343 ut
1377 1298 1551 1343 homini
1576 1305 1824 1356 provectae
1849 1296 2018 1343 aetatis

374 1388 421 1426 et
457 1383 646 1426 affectae
673 1380 947 1425 valetudinis
978 1381 1124 1427 «vires
1149 1381 1369 1425 divinitus
1405 1381 1510 1426 addi
1546 1381 1836 1427 viderentur»
1858 1380 2020 1439 ‘(814).

380 1466 562 1521 «Itaque
584 1480 677 1508 non
699 1466 871 1509 Romae
893 1466 1040 1510 solum
1062 1472 1250 1523 totaque
1271 1465 1416 1520 Italia,
1441 1480 1603 1511 uerum
1625 1465 1761 1510 etiam
1789 1464 1837 1508 in
1864 1464 2015 1509 omni·

373 1550 464 1592 bus
485 1548 560 1593 uel
582 1548 774 1603 Galliae,
800 1550 874 1592 uel
899 1548 1175 1595 Germaniae
1201 1548 1449 1607 prouinciis
1475 1548 1698 1606 singulari
1725 1547 1812 1593 Dei
1838 1548 2020 1594 benefi-

375 1630 447 1675 ci0
470 1632 789 1688 percommode
811 1631 962 1676 omnia
983 1631 1464 1687 administrabantur»,
1489 1638 1541 1676 ut
1563 1634 1617 1677 P.
1643 1632 1849 1691 Jimenez
1870 1631 1917 1675 in
1939 1630 2015 1675 lit-

376 1713 486 1759 teris
507 1714 671 1758 annuis
692 1715 799 1759 anni
826 1725 933 1771 1571
960 1717 1185 1761 referebat
1207 1716 1341 1774 (814).
1367 1718 1496 1761 Duas
1516 1717 1604 1760 hoc
1627 1723 1832 1773 ternpore
1848 1715 2022 1760 acade-

376 1797 491 1841 mias
513 1799 765 1855 acceptavit
787 1799 1013 1854 Societas,
1037 1801 1226 1846 alteram
1248 1800 1512 1854 Mediolani,
1543 1799 1872 1857 Lotharingiae
1898 1799 2014 1844 alte-

378 1895 490 1935 ram3
515 1882 551 1925 F
556 1882 687 1927 uldae
709 1882 753 1926 in
777 1883 1023 1928 Germania
1045 1884 1290 1942 collegium
1311 1884 1571 1928 institutum
1594 1890 1681 1938 est3
1705 1884 1826 1929 duae
1846 1883 2018 1941 proba-

379 1963 515 2008 tionis
535 1965 713 2023 domus,
738 1967 923 2011 Aronae
944 1967 1117 2013 scilicet
1138 1967 1186 2011 in
1208 1967 1545 2025 Longobardia,
1569 1974 1616 2013 et
1639 1969 1822 2012 Brunae
1842 1966 1890 2010 in
1911 1968 2015 2011 Mo-

377 2046 519 2101 ravia,
544 2057 737 2104 erectae3
762 2049 959 2094 admissa
979 2058 1049 2095 est
1069 2051 1234 2095 domus
1254 2051 1458 2109 professa
1480 2050 1846 2105 mediolanensis;
1865 2057 1912 2096 et
1928 2049 2023 2095 alia.

378 2131 522 2175 multa
543 2131 733 2176 feliciter
754 2134 841 2176 sub
864 2134 918 2177 P.
944 2132 1119 2178 Natalis
1147 2134 1538 2179 administratione
1564 2134 1612 2179 in
1639 2134 1883 2180 Societatis
1909 2148 2018 2191 pro-

378 2220 566 2258 ventum
590 2222 721 2272 gesta
745 2216 872 2260 fuere
895 2217 1027 2274 (815).
1054 2219 1152 2263 Nec
1173 2219 1320 2262 solum
1343 2217 1497 2263 curiae
1519 2232 1732 2263 romanae
1759 2217 2019 2275 principum

379 2297 761 2352 benevolentiam,
802 2314 892 2355 qua
920 2314 1030 2356 erga
1061 2301 1337 2347 Societatem
1365 2301 1696 2355 afficiebantur,
1727 2300 2016 2346 conservavit

380 2379 455 2424 ille
476 2381 855 2436 prudentissimus
875 2382 960 2438 vir,
985 2385 1065 2429 sed
1093 2384 1229 2429 etiam
1258 2399 1544 2429 summorum
1572 2384 1838 2443 pontificum
1867 2383 1937 2428 Pii
1969 2385 2018 2430 V

379 2468 426 2506 et
446 2463 661 2520 Gregorii
683 2465 804 2519 XIII,
829 2480 856 2509 a
873 2480 963 2522 quo
980 2482 1157 2512 summa
1174 2468 1340 2513 amoris
1356 2468 1690 2526 significatione
1706 2474 1926 2524 exceptus
1941 2475 2017 2512 est

381 2545 498 2603 (659,
523 2547 640 2604 660).
669 2548 787 2592 Cum
810 2556 961 2593 autem
984 2552 1167 2609 Borgia,
1194 2567 1252 2596 ex
1274 2552 1496 2611 Hispania
1518 2553 1677 2605 redux,
1701 2551 1831 2609 gravi
1852 2552 2019 2596 morbo

381 2628 611 2673 Ferrariae
647 2631 942 2687 detineretur,
974 2640 1114 2678 totam
1152 2650 1281 2679 suam
1318 2636 1634 2680 auctoritatam
1671 2633 1823 2679 Natali
1863 2634 2020 2679 denuo

379 2711 589 2766 contulit,
621 2713 869 2770 Hispaniae
899 2716 1143 2772 provinciis
1170 2733 1263 2763 non
1291 2718 1494 2776 exceptis
1532 2719 1650 2776 (815,
1692 2718 1810 2775 816).
1847 2717 2021 2775 Borgia

381 2794 566 2838 tandem
588 2795 681 2840 vita
702 2798 881 2851 functo,
907 2806 952 2843 et
974 2801 1029 2844 P.
1055 2802 1256 2845 Polanco
1277 2802 1448 2846 vicario
1470 2801 1673 2860 generali
1690 2801 1854 2854 electo,
1874 2802 2019 2846 Nata-

379 2875 452 2931 lis,
475 2875 590 2920 liber
605 2893 631 2921 a
644 2879 950 2926 sollicitudine
971 2883 1221 2940 regiminis,
1240 2885 1404 2942 partim
1422 2887 1609 2938 Romae,
1629 2884 1793 2942 partim
1811 2884 2017 2941 Tybure,

378 2958 519 3002 vitam
542 2960 740 3017 degebat
763 2964 1065 3020 tranquillam,
1090 2974 1137 3010 et
1163 2968 1389 3028 proximis]
1412 2969 1585 3023 utilem,
1610 2968 1777 3026 quibus
1800 2968 2020 3025 prodesse

379 3056 614 3098 nunquam
637 3047 952 3101 praetermisit,
978 3063 1100 3093 nunc
1122 3051 1378 3106 scribendo,
1404 3066 1526 3096 nunc
1544 3052 1705 3097 fratres
1721 3050 2015 3107 alloquendo,
