2228 3548
397 321 466 358 712
910 309 1049 345 Eplsr.
1077 307 1122 344 P.
1153 306 1426 354 NADAL-594

1115 459 1238 501 594

793 548 846 590 Ρ.
872 545 1286 589 HIERONYMUS
1317 544 1536 588 NADAL

660 635 845 672 PATRI
886 631 1217 670 EVERARDO
1260 631 1664 670 MERCURIANO

884 720 1041 756 HALAE,
1071 720 1114 746 12
1139 719 1285 747 MAR'rn
1312 710 1443 756 1576¹.

338 794 399 829 De
413 791 607 840 procella,
627 791 829 827 occasione
845 792 1126 826 contractuum
1144 789 1450 830 usurariorum,
1469 787 1513 824 in
1533 787 1768 824 Societatem
1786 788 1977 824 excitata.

432 877 467 932 †
499 876 643 920 Molto
664 875 780 919 Rdo.
808 877 860 919 P.
887 875 946 918 N.
972 874 1018 917 in
1041 873 1127 917 Χ.ο
1151 875 1247 917 Pax
1269 872 1346 916 Χ.ἰ
1372 874 1548 929 Questa
1571 872 1594 917 ὲ
1616 871 1981 925 estraordinaria‚

265 973 270 977 ·
342 955 386 998 13
415 954 521 1010 qual
558 952 619 996 mi
645 953 706 996 ha
741 958 933 1009 pregato
961 950 991 993 il
1021 952 1074 994 P.
1107 950 1391 994 Theodorico
1420 949 1605 995 Canisio
1634 950 1718 993 che
1753 948 1982 1004 scriuessi,

341 1031 525 1075 bench&
547 1044 642 1074 non
663 1028 725 1072 mi
746 1035 1018 1074 entremetto
1040 1027 1147 1072 nelli
1175 1027 1358 1085 negocii
1384 1028 1502 1072 della
1522 1026 1756 1084 prouincia
1783 1027 1834 1070 in
1862 1027 1987 1069 nullo

347 1109 490 1152 modo.
523 1109 570 1151 Ia
597 1109 768 1151 hauera
795 1106 941 1150 inteso
965 1107 1022 1150 V.
1057 1107 1109 1150 P.
1135 1106 1180 1149 13
1207 1105 1473 1149 tribulation
1490 1105 1505 1126 ²
1529 1106 1614 1149 che
1640 1106 1700 1148 ha
1728 1103 1924 1148 excitata
1954 1103 1987 1146 il

346 1199 549 1229 vescouo
571 1184 617 1228 di
639 1185 855 1241 Augusta
871 1185 886 1205 ³
909 1183 983 1240 pel
1005 1189 1232 1226 contratto
1253 1183 1312 1227 de
1335 1193 1359 1237 5
1384 1197 1465 1239 pro
1493 1195 1590 1236 1003
1610 1188 1656 1224 et
1677 1181 1720 1225 la
1740 1180 1984 1238 particular

343 1261 636 1305 information
657 1262 828 1304 hauera
849 1261 892 1304 la
916 1262 963 1304 Ρ.
991 1261 1048 1304 V.
1075 1261 1138 1313 Io,
1164 1274 1244 1316 per
1266 1260 1416 1316 quello
1445 1261 1531 1304 che
1551 1258 1696 1313 intevse
1724 1258 1842 1302 nella
1870 1272 1977 1301 con-

342 1339 602 1397 gregation,
628 1345 748 1383 temo
770 1339 854 1381 che
877 1344 1038 1393 questo
1060 1336 1255 1394 negocio
1274 1351 1333 1380 no
1351 1336 1416 1381 sia
1432 1351 1571 1380 causa
1587 1337 1645 1381 de
1666 1350 1756 1379 vna
1772 1350 1887 1392 gran
1904 1333 1979 1379 ca-

339 1416 495 1460 lamita
518 1415 564 1459 di
587 1422 747 1472 questa
769 1414 1019 1472 prouincia,
1046 1429 1094 1458 se
1116 1420 1269 1471 presto
1291 1429 1383 1457 non
1406 1413 1443 1457 si
1459 1414 1678 1471 prouede.
1699 1414 1770 1457 Νὲ
1786 1403 1928 1470 penso
1946 1411 1985 1455 si

342 1493 409 1538 sia
431 1493 546 1537 altro
568 1492 767 1537 remedio
789 1506 838 1535 se
860 1507 950 1535 non
973 1493 1060 1536 che
1083 1493 1176 1536 Sua
1206 1492 1302 1536 Sta.
1330 1498 1450 1536 meta
1477 1491 1520 1535 13
1551 1506 1634 1535 sua
1662 1489 1890 1534 authorita
1906 1523 1916 1543 ,
1941 1497 1988 1533 et

343 1570 450 1613 trati
473 1584 560 1613 con
583 1575 744 1625 questo
766 1569 856 1612 bon
878 1583 1094 1623 vescouo,
1120 1575 1165 1613 et
1188 1567 1330 1612 faccia
1351 1568 1394 1611 13
1416 1582 1522 1612 cosa
1543 1567 1712 1621 chiara3
1732 1566 1989 1611 altrimentc

347 1647 389 1691 la
414 1660 522 1690 cosa
544 1645 711 1690 andara
734 1644 782 1689 in
804 1660 918 1702 gran
940 1652 1131 1699 rottura,
1157 1644 1480 1702 specialmentc
1508 1646 1593 1689 che
1621 1644 1653 1687 il
1674 1645 1792 1688 duca
1819 1643 1866 1687 di
1899 1645 1990 1687 Ba-

350 1723 476 1768 uiera
491 1723 508 1744 ⁴
527 1722 564 1766 si
581 1723 718 1768 crede
733 1736 857 1767 esser
874 1723 991 1766 della
1008 1721 1193 1779 opinion
1210 1722 1283 1766 del
1298 1736 1513 1766 vescouo.
1535 1723 1593 1765 Et
1614 1736 1663 1765 se
1685 1727 1847 1778 questo
1863 1720 1991 1778 prin-
2062 1771 2068 1774 ψ

343 1800 445 1857 cipe
466 1815 515 1844 se
537 1799 787 1856 conionge,
813 1800 1031 1857 lugebunt
1052 1799 1253 1856 jesuitae
1276 1806 1297 1827 ²
1327 1799 1384 1842 da
1407 1813 1530 1844 vero.
1555 1800 1598 1843 A
1615 1800 1673 1843 V.
1696 1801 1749 1843 P.
1770 1813 1862 1842 non
1884 1799 1910 1841 ὁ
1931 1798 1990 1842 de

345 1877 543 1935 bisogno
566 1876 636 1921 dir
657 1877 752 1934 piu,
777 1877 833 1921 nc
857 1884 999 1921 tanto.
1026 1878 1185 1930 Pater,
1207 1876 1382 1919 adiuua
1399 1876 1518 1919 lianc
1527 1877 1838 1933 prouinciam.
1863 1876 1895 1919 Il
1914 1875 1989 1920 Si-

343 1969 464 2011 gnor
485 1954 552 1998 sia
574 1968 751 2011 sempre
773 1968 860 1997 con
883 1955 940 1998 V.
968 1956 1020 1998 P.
1053 1954 1152 1997 Ora
1167 1958 1256 2009 pro
1278 1953 1418 2007 nobis,
1437 1955 1598 1998 Pater.
1620 1953 1680 1998 Di
1697 1954 1831 2006 Hala,
1863 1965 1913 1997 12
1932 1953 1991 1997 de

348 2034 504 2089 Marco
534 2033 662 2088 1576.
690 2033 749 2076 D.
773 2033 825 2075 P.
848 2033 905 2076 V.
932 2046 1067 2076 seruo
1087 2031 1134 2075 in
1157 2032 1259 2085 X.⁰,

1439 2114 1470 2171 τ
1502 2115 1688 2231 ΝΑἾιὲΑι.
1725 2114 1757 2171 †

441 2262 686 2318 Inscriptio
707 2261 758 2304 in
775 2266 941 2317 quarta
956 2263 1155 2319 pagina,
1173 2262 1268 2304 alia
1284 2277 1444 2306 manu:
1466 2263 1497 2320 †
1520 2263 1783 2306 Admodum
1801 2262 1917 2306 Rdo.
1944 2260 1993 2304 in

347 2338 533 2382 Christo
564 2338 690 2382 Patri
724 2339 782 2382 N.
815 2340 868 2381 P.
901 2339 1134 2382 Euerardo
1167 2339 1477 2392 Mercuriano,
1503 2339 1759 2396 praeposito
1788 2338 1992 2396 generali

347 2415 588 2460 Societatis
609 2417 735 2474 Jesu.
767 2417 953 2460 Romae.
978 2417 1089 2459 Alia
1112 2429 1255 2458 manu
1272 2431 1285 2458 .·
1318 2417 1444 2472 1576.
1472 2418 1600 2461 Hala.
1635 2419 1688 2462 P.
1715 2415 1904 2461 Natalis.
1935 2427 1986 2459 12

350 2492 515 2536 Martii.
543 2494 595 2536 F.
621 2493 780 2550 Sigilli
801 2495 1063 2550 vestigium.

421 2636 442 2657 a
479 2638 501 2664 2
520 2630 641 2666 verba
659 2640 773 2677 seqq.
796 2640 911 2676 supra
937 2642 1041 2668 vers.
1068 2632 1218 2668 addidit
1235 2632 1290 2668 N.

419 2730 429 2750 ¹
481 2731 540 2766 Ex
558 2731 813 2778 autographo,
832 2730 872 2767 in
893 2732 1020 2778 Epist.
1042 2733 1196 2778 Natal„
1218 2734 1270 2780 11,
1289 2732 1435 2780 duplici
1452 2732 1534 2777 fol„
1557 2740 1623 2777 241
1645 2731 1761 2776 (168).

420 2792 434 2811 ‘²
485 2790 547 2826 Cf.
567 2790 833 2836 SACCHINUM,
853 2791 926 2826 loc.
947 2792 1031 2839 cit.‚
1050 2797 1160 2839 parte
1179 2793 1249 2839 IV,
1270 2793 1339 2829 lib.
1358 2793 1429 2840 III,
1450 2804 1517 2828 nn.
1540 2791 1710 2827 116-122.

420 2851 434 2871 ³
483 2850 698 2898 Episcopus
716 2855 956 2897 augustanus
976 2858 1059 2888 erat
1078 2853 1349 2889 Marcwardus
1368 2864 1445 2890 von
1462 2854 1566 2899 Berg
1585 2852 1839 2898 (1575·1591).
1859 2850 1999 2895 GAMS,

346 2910 424 2944 loc.
447 2909 532 2953 cit.‚
552 2921 642 2956 pag.
665 2909 749 2954 258.

422 2969 436 2990 ⁴
486 2968 672 3005 Albertus
701 2969 754 3005 V.
