2228 3548
921 239 1142 276 Appnnmx
1208 247 1213 256 ’-
1724 240 1798 288 819

945 396 1117 440 LXXX

642 484 688 520 P.
706 484 1026 521 EVERARDUS
1043 484 1421 522 MERCURIANUS

538 574 1015 606 PROVINCIALIBUS
1059 575 1128 605 ET
1171 575 1527 607 RECTORIBUS

738 651 924 703 Romae,
955 662 1005 705 13
1029 650 1137 706 Maji
1163 661 1274 706 1574
1298 652 1329 695 ¹.

684 739 856 775 Litterae
867 741 1063 787 patenteS,
1077 742 1155 786 pro
1173 740 1222 775 P.
1243 739 1398 776 Natali.

303 818 453 874 Jesus.
478 815 508 874 †
529 818 593 861 M.
597 817 774 860 —Cum
796 818 852 861 R.
877 817 1012 860 Pater
1032 816 1248 872 magister
1270 817 1478 883 Hierony
1479 831 1581 861 mus
1599 818 1809 862 Natalis
1797 834 1844 862 m

218 875 510 920 Germaniam
528 890 554 918 a
570 875 701 919 nobis
716 875 936 927 mittatur,
949 874 1173 931 cupimus,
1188 882 1238 918 ut
1253 876 1307 927 si,
1328 875 1505 931 aliquo
1493 891 1539 919 m
1557 877 1749 934 collegio
1765 885 1846 922 aut

218 935 354 978 domo
375 942 647 987 nostrorum,
668 949 782 991 opus
797 933 1005 977 habuerit
1020 935 1157 977 fratre
1179 941 1257 977 aut
1280 936 1431 986 Patre,
1453 935 1530 990 qui
1552 936 1644 979 dux
1665 936 1763 980 eius
1784 937 1845 980 sit

216 993 264 1036 in
286 993 446 1038 itinere
465 1008 544 1050 per
565 993 747 1049 aliquod
776 993 949 1036 itineris
979 993 1198 1049 spatium,
1230 1008 1334 1038 eum
1363 993 1425 1036 illi
1456 994 1572 1038 detis
1600 1003 1843 1051 ceteraque

218 1052 371 1096 omnia
391 1052 635 1096 charitatis
643 1052 790 1096 officia
811 1067 922 1119 erga
942 1052 1070 1094 illum
1098 1052 1351 1108 praestetis,
1378 1067 1493 1108 quae
1515 1053 1656 1109 ipsius
1678 1054 1839 1107 virtus,

219 1112 396 1165 merita,
417 1119 462 1156 et
483 1111 678 1156 charitas
694 1111 888 1155 instituti
904 1111 1064 1163 nostri,
1085 1125 1189 1154 cum
1207 1126 1308 1155 meo
1324 1112 1565 1164 desiderio,
1586 1113 1839 1168 requirunt.

222 1173 324 1214 Hoc
346 1171 455 1214 mihi
477 1171 562 1216 erit
583 1170 905 1228 gratissimum.
933 1172 1119 1223 Romae,
1151 1183 1200 1226 13
1223 1170 1296 1214 die
1319 1171 1423 1226 Maij
1455 1182 1581 1226 1574.

935 1318 1127 1361 LXXXI

643 1413 688 1448 P.
708 1411 1025 1448 EVERARDUS
1042 1411 1420 1449 MERCURIANUS

752 1509 892 1540 PATRI
915 1508 1071 1540 PAULO
1092 1509 1310 1540 HOFFAEO

698 1592 912 1643 Romae,
954 1600 1008 1644 15
1042 1589 1166 1646 Maji
1204 1600 1315 1645 1574
1335 1590 1370 1636 ¹.

588 1677 761 1714 Litterae
779 1677 1142 1722 commendatitiae,
1155 1680 1233 1724 pro
1252 1676 1476 1714 P..Natal2·.

311 1762 605 1807 Reverendus
632 1761 767 1805 Pater
788 1760 1102 1827 Hieronymus
1128 1759 1326 1813 Natalis,
1356 1763 1733 1829 quemadmodum
1763 1777 1846 1806 cu—

222 1821 430 1879 piebatis,
457 1820 581 1864 uenit
602 1819 648 1863 in
669 1819 950 1876 prouinciam
972 1820 1028 1864 R.
1034 1826 1076 1847 ²0
1095 1820 1236 1872 Tuae,
1261 1834 1395 1875 quam
1420 1821 1700 1876 potissimum
1722 1823 1846 1866 dele—

225 1881 309 1938 git,
333 1888 385 1924 ut
406 1878 681 1935 aliquandiu,
702 1878 799 1921 siue
815 1878 985 1933 aliquot
1001 1893 1158 1933 annos,
1180 1880 1278 1923 Deo
1293 1879 1445 1931 dante,
1465 1881 1583 1935 apud
1602 1895 1684 1924 uos
1700 1881 1845 1926 uiuat.

224 1942 325 1997 Ipse
345 1941 493 1983 bonus
514 1952 669 1990 senex,
696 1944 745 1980 ut
766 1952 943 1993 semper
964 1951 1213 2004 propensus
1235 1937 1320 1981 fuit
1341 1953 1450 1993 ercra
1472 1954 1735 1994 germanos,
1761 1941 1846 1983 ha-

224 2001 350 2043 lense
371 1997 612 2054 collegium
635 2004 872 2039 nostrum
895 1996 1069 2052 optauit
1090 2010 1190 2040 esse
1211 1997 1485 2041 domicilium
1509 2013 1658 2050 suum,
1683 2014 1738 2042 ex
1756 2013 1846 2054 quo

221 2066 376 2102 tamen
397 2056 560 2113 poterit
581 2056 638 2099 ad
661 2055 861 2111 proxima
882 2055 1072 2111 collegia
1093 2068 1353 2109 excurrere,
1378 2071 1480 2100 cum
1511 2032 1718 2101 uolue’rit.
1746 2059 1847 2102 Me-

225 2117 309 2161 rita
326 2124 371 2159 et
390 2116 532 2159 uirtus
549 2122 640 2158 tam
657 2114 765 2157 boni
779 2113 924 2157 Patris
941 2113 1066 2166 satis,
1080 2114 1177 2158 sine
1192 2114 1368 2168 litteris,
1383 2116 1626 2171 unicuique
1644 2124 1845 2161 uestrum

225 2177 360 2232 debet
391 2189 490 2219 esse
522 2173 851 2217 commendata.
886 2174 957 2216 Ac
988 2180 1223 2229 propterea
1253 2188 1357 2217 eum
1387 2177 1442 2220 T
1478 2177 1532 2219 R.
1540 2183 1581 2202 ae
1605 2190 1695 2218 non
1726 2177 1845 2219 duco

223 2249 325 2278 esse
347 2232 651 2278 necessarium
674 2239 724 2275 ut
752 2232 1077 2284 commendem,
1102 2232 1187 2275 nisi
1209 2234 1328 2289 quod
1350 2234 1460 2276 mihi
1477 2234 1561 2278 erit
1583 2249 1716 2288 quam
1739 2249 1845 2291 gra—

225 2294 447 2338 tissimum
470 2291 516 2334 in
539 2291 750 2344 Domino,
770 2298 821 2333 ut
842 2290 1064 2347 intelligat
1085 2307 1141 2335 ex
1163 2299 1416 2336 nostrorum
1440 2308 1549 2349 erga
1566 2293 1689 2335 illum
1713 2308 1847 2338 reue-

224 2352 372 2397 rentia
403 2358 448 2394 et
480 2350 700 2395 charitate
731 2356 1010 2406 quantopere
1031 2349 1157 2392 illum
1179 2365 1347 2404 amem,
1371 2367 1424 2395 ac
1452 2367 1560 2395 uero
1588 2367 1739 2396 amare
1766 2353 1847 2397 de-

226 2412 364 2455 beant
385 2409 543 2454 nostri.
569 2408 772 2464 Reliqua,
799 2423 914 2464 quae
935 2410 992 2452 ad
1012 2408 1133 2452 illius
1155 2409 1369 2454 uiaticum
1394 2412 1633 2467 pertinent,
1658 2410 1756 2454 aliis
1772 2411 1849 2454 lit-

227 2471 335 2515 teris
357 2471 415 2513 ad
437 2470 492 2514 T.
517 2470 573 2513 R.
578 2475 634 2496 ²¹¹²
647 2467 1005 2524 perscribuntur.
1025 2468 1074 2512 Si
1092 2469 1146 2513 R.
1151 2468 1298 2512 d¹²⁵hic
1315 2470 1448 2513 Pater
1470 2469 1621 2525 cupiat
1636 2470 1771 2512 etiam
1790 2471 1849 2513 ad

226 2529 315 2573 alia
336 2527 526 2584 collegia
548 2541 803 2579 excurrere,
828 2533 873 2570 et
894 2525 955 2569 ibi
978 2541 1176 2580 manere,
1195 2535 1323 2572 curet
1344 2530 1399 2573 T.
1424 2528 1505 2573 R.
1529 2535 1579 2570 ut
1599 2528 1851 2584 excipiatur

228 2587 524 2645 perbenigne,
547 2593 593 2629 et
614 2587 671 2629 ab
693 2585 843 2641 aliquo
866 2587 1000 2629 Patre
1022 2586 1096 2630 uel
1118 2586 1289 2629 fratre
1278 2602 1324 2630 m
1345 2587 1440 2631 suis
1467 2587 1628 2630 studiis
1656 2587 1846 2630 adiuue-

228 2655 316 2700 tur;
342 2646 463 2702 quod
485 2644 664 2700 quidem
693 2645 838 2688 Halae
865 2644 948 2687 erit
975 2652 1374 2701 peropportunum,
1400 2646 1619 2702 uobisque
1640 2646 1811 2691 cedet
1799 2662 1845 2690 1n

224 2721 318 2749 non
339 2705 555 2762 exiguum
582 2705 770 2757 bonum,
794 2710 881 2747 etc.
908 2705 1094 2758 Romae,
1125 2714 1174 2759 15
1198 2704 1307 2760 Maji
1334 2717 1464 2761 1574.

295 2835 305 2855 ¹
357 2835 416 2869 Ex
432 2834 653 2881 apographo
670 2843 831 2878 coaevo,
849 2831 890 2868 in
912 2831 1047 2868 codiee
1069 2832 1176 2868 varia
1193 2833 1433 2871 continente.
1459 2835 1503 2869 In
1521 2834 1694 2880 margine
1713 2845 1722 2868 ε
1744 2834 1848 2869 Ρνο-

221 2893 464 2930 vincialibus
481 2895 518 2928 et
530 2892 748 2928 rectoribus
766 2892 808 2927 in
827 2892 952 2927 Italia
968 2894 1006 2928 et
1026 2890 1251 2928 Germania
1265 2895 1341 2939 pro
1359 2895 1413 2930 P.
1433 2893 1592 2931 Natali.

295 2951 312 2973 ¹
360 2952 418 2987 Ex
435 2952 622 2998 Regesto,
644 2949 740 2986 Cod.
762 2950 873 2997 33j),
891 2949 958 2986 fol.
981 2958 1036 2986 11.

298 3012 314 3033 ⁵
363 3010 463 3046 Vide
481 3009 595 3057 epist.
616 3017 697 3056 557,
717 3020 805 3045 cum
823 3008 1152 3045 annotationibus.
